3878 6150
108 306 164 365 ⁴⁵⁷
756 308 864 365 smus
881 305 1166 365 osmououu.
1762 311 1815 370 ⁴58

106 432 227 507 monem
239 431 338 506 dagob
353 430 435 506 regni
450 432 492 505 (ig
515 432 546 517 in
571 432 676 488 Dassa.
703 431 821 488 Cuncta
844 430 933 486 urbes
950 430 976 495 Α
991 430 1129 489 omnibus
1143 432 1253 504 regnis,
1270 434 1306 489 ad
1322 448 1385 506 qua
1401 434 1579 491 transiturus
1594 452 1635 492 es.
1651 442 1692 494 Ne
1709 436 1815 495 timeas

107 524 194 578 erant
208 521 329 579 munitas
343 521 437 578 muas
451 519 614 590 altissimis,
632 519 784 592 portisque
799 524 829 575 et
850 516 936 575 vesti·
990 518 1031 590 [b.
1048 520 1090 575 Ne
1103 521 1244 593 timeatis]
1264 538 1325 579 eos.
1349 522 1493 582 Dominus
1515 523 1592 581 euim
1618 524 1695 583 Deus
1720 530 1816 584 voster

107 609 177 678 bus,
193 610 307 683 ubsque
320 609 439 685 oppidis
453 608 704 680 innumerisque
716 625 775 664 nou
790 608 937 664 habebant
991 609 1135 680 pugnabit
1149 626 1200 681 pro
1215 609 1305 667 vobis.
1319 610 1514 685 Preoatusque
1529 628 1596 671 sum
1612 614 1768 672 Dominum
1783 616 1814 672 in

109 714 224 757 muros.
240 700 276 757 ret
299 698 462 757 delevimus
486 716 547 768 eos,
571 699 650 755 siout
673 699 836 754 feceramus
860 696 935 753 Seon
990 698 1123 768 tempore
1137 696 1199 766 ilio,
1221 699 1322 756 dioens
1339 716 1345 755 :
1362 700 1483 759 Domine
1511 704 1586 760 Deus
1610 703 1651 776 [b.
1679 703 1814 775 Domine,

108 789 171 863 regi
186 789 316 860 Dsebon,
332 789 540 862 disperdentes
564 804 682 845 omnem
710 787 869 851 eivitatem,
893 785 936 840 vi·
991 784 1136 856 Domine],
1153 792 1184 842 tu
1201 788 1315 860 eoepisti
1331 790 1484 847 ostendere
1499 808 1583 848 sorvo
1599 796 1649 849 tuo
1665 794 1814 866 magnitu-

109 894 217 951 rosque
232 895 266 936 ao
290 877 427 936 mutieres
448 881 478 936 et
501 876 655 950 parrulos:
675 878 814 948 tumenta
837 880 936 931 autem
992 873 1090 930 dinem
1104 880 1196 946 tuam,
1213 893 1395 949 manumque
1408 878 1609 936 fortissimam.
1622 880 1720 954 Neque
1734 882 1814 939 enim

110 971 139 1025 at
152 966 253 1041 spotia
266 966 385 1025 urbium
401 967 589 1039 diripuimus.
612 965 809 1037 'tulimusque
831 963 882 1020 ilio
907 963 936 1018 in
991 966 1037 1019 est
1052 963 1130 1020 atius
1145 968 1233 1034 Deus,
1248 965 1292 1021 vel
1308 966 1337 1022 in
1354 966 1434 1036 ooelo,
1452 967 1495 1024 vel
1511 968 1541 1023 in
1556 972 1643 1039 terra,
1658 970 1707 1042 qui
1723 971 1816 1043 possit

109 1060 246 1130 temporo
260 1060 369 1114 terram
385 1056 422 1115 ds
444 1072 534 1113 manu
559 1055 686 1112 duorum
710 1069 812 1125 regum
834 1054 938 1107 Amor·
992 1052 1086 1110 iaoere
1114 1070 1204 1127 opera
1228 1061 1290 1125 tua,
1314 1060 1344 1113 et
1366 1057 1531 1130 comparari
1555 1058 1722 1115 tortitudini
1747 1063 1814 1117 tus.

109 1146 272 1216 rhaeorum,
287 1145 338 1219 qui
353 1149 437 1203 erant
451 1149 534 1201 trans
547 1145 706 1202 Jordanem
722 1141 763 1216 [b.
775 1142 826 1214 qui
842 1145 937 1209 erant,
992 1142 1136 1199 Transibo
1151 1142 1192 1213 [b.
1208 1144 1380 1213 Transeam,
1397 1145 1530 1219 obsecro]
1545 1146 1646 1220 igitur,
1661 1152 1690 1204 et
1712 1148 1816 1208 videbo

109 1236 139 1293 in
155 1235 284 1293 beneito
298 1235 449 1307 iordanis]
465 1250 473 1290 ε
491 1237 651 1291 atorrente
665 1234 764 1289 Arnon
784 1248 878 1303 usque
901 1230 937 1287 ad
992 1233 1100 1288 terram
1117 1232 1191 1289 bauo
1206 1232 1346 1306 optimam
1363 1240 1443 1291 trans
1457 1236 1627 1308 tardonem,
1643 1240 1672 1293 st
1686 1242 1816 1295 montem

110 1328 246 1383 montem
259 1328 401 1393 Hermon,
417 1339 505 1397 quem
519 1322 632 1380 Sidonii
646 1321 750 1378 Sarion
775 1327 889 1391 vocant,
910 1324 940 1376 ot
993 1319 1083 1376 istum
1098 1319 1261 1394 egregium,
1277 1326 1306 1378 et
1321 1322 1473 1382 Libanum.
1491 1326 1645 1397 iratusque
1659 1328 1705 1381 eat
1717 1325 1818 1383 Domi·

109 1412 278 1471 Amorrhaei
292 1413 381 1471 Sanir
396 1427 404 1470 τ
420 1428 524 1470 omnes
539 1410 681 1478 oivitutes,
697 1426 761 1484 que
785 1409 849 1466 sitae
870 1412 940 1464 sunt
995 1425 1051 1465 nus
1066 1409 1138 1464 mibi
1154 1414 1271 1483 propter
1287 1428 1349 1481 vos,
1367 1428 1419 1469 nee
1434 1413 1582 1469 exaudivit
1597 1428 1654 1485 mo,
1670 1414 1720 1471 sed
1745 1414 1820 1473 dixit

108 1502 140 1559 in
155 1501 294 1576 planitie,
308 1505 337 1558 et
348 1500 516 1558 universam
532 1504 640 1556 terram
655 1498 763 1555 Gataad
788 1501 817 1554 et
843 1496 939 1552 Daaau
995 1497 1089 1553 mibi:
1107 1498 1222 1555 Suidoit
1236 1499 1290 1556 tibi
1306 1516 1313 1557 :
1328 1517 1515 1574 naquaquam
1531 1501 1608 1559 ultra
1626 1501 1758 1576 loquaris
1782 1505 1819 1561 de

111 1608 210 1664 nsque
223 1589 327 1649 Seloba
341 1594 371 1648 et
385 1590 470 1647 Ddrai
486 1589 619 1647 civitates
635 1588 718 1660 regni
731 1587 774 1660 0g
788 1586 818 1642 in
833 1586 939 1642 Dasea.
995 1586 1050 1642 bao
1065 1604 1096 1644 re
1111 1587 1146 1643 ad
1163 1604 1219 1645 me.
1239 1591 1370 1646 Ascende
1396 1607 1537 1648 oaoumen
1562 1591 1694 1665 Pbasga,
1717 1593 1818 1653 oeulos

109 1680 203 1739 Solus
227 1680 338 1753 quippe
361 1678 405 1751 Dg
427 1695 478 1736 rex
501 1680 596 1736 Busan
620 1678 767 1735 restiterat
791 1676 827 1732 de
850 1675 941 1746 stirpe
995 1681 1061 1733 tuos
1077 1676 1232 1734 oiroumier
1246 1679 1282 1734 ad
1298 1679 1492 1750 oooideutem,
1508 1685 1538 1736 et
1560 1680 1740 1753 aquilonem,
1765 1700 1818 1740 au·

110 1769 285 1844 gigantum.
997 1771 1151 1838 atrumque
1166 1770 1194 1822 et
1209 1767 1363 1836 orientem,
1379 1773 1408 1824 et
1423 1768 1520 1840 aspira
1538 1785 1545 1825 :
1561 1786 1615 1826 neo
1627 1769 1704 1827 enim
1720 1775 1819 1828 trans-

147 1859 183 1933 [D
198 1858 453 1931 V1.]tdonstratur
468 1856 561 1914 tentus
582 1856 648 1927 ojus
675 1855 798 1925 terreus,
824 1852 874 1926 qui
898 1857 943 1909 est
996 1854 1052 1911 ibis
1066 1855 1224 1911 Jordanam
1238 1855 1340 1911 istum.
1357 1858 1486 1930 Praeeipe
1497 1857 1598 1926 tosus,
1615 1862 1644 1914 et
1663 1859 1821 1916 corrobora

110 1950 141 2007 in
168 1948 307 2006 Rabbatb
332 1948 373 2020 [b.
398 1964 464 2004 eoos
488 1946 581 2003 lectus
604 1945 681 2017 ejus,
706 1944 818 1999 terreus
843 1946 889 1998 eat
912 1943 942 1996 iu
997 1949 1165 2016 sumatque
1179 1945 1312 2001 ooniorta
1330 1963 1337 2001 ε
1354 1946 1423 2018 quia
1438 1945 1501 2018 ipse
1514 1947 1657 2019 praeoedet
1676 1947 1819 2022 poputum

111 2038 264 2111 {tabbath}
281 2037 407 2094 tiliorum
422 2040 558 2101 Ammon,
574 2050 679 2091 novem
694 2033 809 2090 cubitos
830 2031 944 2089 babens
995 2033 1136 2103 istum‚et
1147 2033 1257 2090 dividet
1272 2034 1314 2090 eis
1328 2038 1435 2092 terram
1451 2051 1539 2107 quarn
1554 2034 1672 2093 visurus
1687 2052 1729 2094 es.
1739 2040 1820 2095 Mou-

111 2127 324 2203 iongitudinis,
339 2130 368 2183 et
383 2129 511 2198 quatuor
525 2124 691 2180 latitudinis
713 2123 750 2178 ad
772 2137 942 2178 mensuram
996 2125 1152 2194 simusque
1167 2123 1196 2180 in
1214 2121 1286 2179 valta
1302 2128 1403 2180 eontra
1419 2125 1520 2180 tanum
1537 2123 1662 2181 Phobor.

112 2216 208 2276 subiti
222 2215 317 2274 virilis
331 2231 439 2272 manus
454 2214 496 2286 [b.
513 2214 550 2270 ad
564 2213 697 2271 subitum
712 2211 787 2283 viri].
808 2211 942 2266 Terram·
1033 2214 1075 2284 [T.
1093 2214 1141 2279 ru,
1157 2217 1185 2269 D.
1200 2212 1247 2282 IX,
1263 2214 1294 2270 C.
1311 2214 1376 2280 ΧΗ,
1393 2212 1458 2286 Cap.
1476 2212 1534 2285 IV.]
1548 2212 1583 2270 ut
1599 2231 1688 2281 nuno,-
1716 2214 1819 2284 Israet,

112 2324 170 2381 que
185 2304 376 2380 possedimus
394 2303 436 2376 ib.
461 2306 544 2361 Hane
567 2317 685 2373 quoque
708 2305 828 2371 terram,
853 2315 941 2371 quam
996 2301 1065 2359 audi
1080 2306 1227 2374 praecepte
1241 2306 1271 2358 et
1282 2301 1408 2373 judicia,
1424 2318 1487 2374 qua
1502 2319 1556 2375 ego
1572 2302 1662 2360 doceo
1678 2306 1766 2361 te:ut
1779 2304 1822 2362 ia·

113 2394 317 2471 possedimus]
341 2393 373 2449 in
397 2400 528 2465 tempore
550 2390 601 2448 illo
625 2390 661 2446 ab
685 2394 788 2457 Aroes,
810 2405 875 2462 qus
897 2392 942 2444 est
995 2391 1076 2448 aiens
1091 2406 1136 2460 ea,
1162 2392 1254 2460 vivas,
1279 2396 1309 2447 et
1332 2389 1501 2464 ingrediens
1525 2391 1679 2464 possideas
1703 2398 1822 2465 terram,

112 2502 206 2560 snper
219 2484 317 2556 ripam
332 2482 473 2539 torrentis
499 2486 609 2551 Arnon,
632 2495 726 2552 usque
752 2479 787 2535 ad
813 2477 941 2533 mediam
996 2497 1085 2554 quum
1096 2478 1325 2537 DominusDeus
1337 2484 1454 2552 petrum
1466 2486 1630 2537 vestrorum
1643 2481 1768 2539 daturus
1778 2484 1823 2541 est

113 2579 231 2649 partem
267 2572 377 2629 montis
407 2570 528 2639 Galaad,
554 2574 584 2628 et
606 2569 738 2626 civitates
765 2567 846 2623 iliius
874 2565 941 2622 dodi
995 2568 1819 2645 vobisNooaddetisadverbumquodvobisloquor[b.

114 2663 232 2729 buben,
248 2666 277 2718 et
291 2661 365 2718 Gad.
382 2659 536 2732 Reliquam
560 2663 658 2715 sutem
683 2660 797 2730 partem
822 2654 941 2724 Galaad,
996 2659 1072 2731 quod
1084 2674 1135 2729 ego
1147 2657 1283 2729 praecipio
1294 2656 1399 2729 robis],
1409 2673 1504 2730 neque
1514 2658 1653 2715 auferetis
1668 2675 1704 2714 ex
1713 2674 1821 2715 eo:ou·

114 2757 280 2811 domnam
295 2753 390 2807 Baseu
414 2748 496 2821 regui
522 2748 575 2821 Og.
601 2746 711 2803 tradidi
736 2744 865 2801 dimidia
889 2742 943 2799 tri·
996 2748 1103 2804 stodite
1115 2746 1252 2802 mandata
1263 2745 1379 2802 Domini
1389 2745 1438 2801 Dsi
1450 2745 1817 2819 vestri,quaegopraoipio

115 2842 167 2899 bui
195 2840 345 2910 Manasse,
368 2853 486 2894 omnem
511 2836 658 2909 regionem
683 2835 777 2908 trgob
803 2850 810 2890 :
836 2837 942 2889 cunata
995 2834 1818 2907 vobia.Ooulivestrivideruntomnia,quoaieoitDominus

114 2931 213 2989 suan
228 2932 351 2985 voratur
363 2932 442 2984 terra
455 2927 624 2999 Gigantum.
638 2924 702 2981 teir
714 2922 796 2980 tilius
808 2923 942 2979 tiauaaae
995 2931 1097 2983 eontra
1107 2925 1299 2998 Deethegor,
1316 2924 1462 2995 quomodo
1472 2923 1639 2981 contriverit
1649 2941 1749 2981 omnes
1762 2924 1822 2982 eol·

114 3018 251 3094 posedit
264 3032 381 3074 omnem
398 3015 545 3088 regionem
559 3014 763 3087 argutusque
779 3013 814 3068 ad
839 3010 941 3069 termi·
995 3012 1819 3085 toresejusdemediovestri.Vosautemquiadberetis
1918 3036 1922 3043 ·

115 3125 169 3166 nos
184 3105 293 3165 Gesuri
310 3110 339 3162 et
352 3103 691 3174 Maobatbi.Noeavitque
705 3118 739 3158 ex
754 3100 872 3157 nomine
887 3116 940 3156 suo
996 3105 1119 3161 Domino
1136 3103 1192 3160 Deo
1208 3108 1315 3172 vestro,
1331 3102 1428 3160 vivitis
1443 3102 1571 3160 universi
1588 3103 1726 3176 usquein
1743 3121 1819 3178 pra·

114 3196 223 3261 suan,
238 3194 334 3252 Avotb
349 3193 421 3260 tair,
436 3193 466 3249 id
481 3195 537 3261 est,
551 3191 644 3247 Villae
659 3191 722 3247 Jeir
736 3189 777 3264 [h.
804 3206 862 3245 uon
887 3170 978 3245 tra-C
997 3198 1109 3252 sentem
1125 3193 1215 3249 diem.
1230 3192 1317 3250 Soitis
1333 3193 1409 3264 quod
1425 3193 1577 3249 doouerim
1601 3210 1651 3250 vos
1674 3196 1820 3267 praeopta

113 3287 172 3356 bet,
187 3285 219 3341 id
234 3286 293 3349 est,
305 3282 390 3339 viltas
401 3281 485 3353 surr
502 3297 597 3353 usque
612 3280 642 3337 iu
659 3282 831 3351 presentem
852 3278 942 3334 diem·
996 3288 1084 3356 atque
1094 3280 1318 3353 justitias,sieut
1333 3280 1483 3338 mandavit
1496 3281 1566 3338 mibi
1583 3281 1726 3339 Dominus
1741 3281 1819 3339 Deus

114 3373 227 3433 flaobir
241 3388 361 3445 quoque
374 3370 442 3428 dedi
459 3369 579 3427 Gatsud.
596 3370 632 3425 Et
646 3367 782 3425 tribubus
798 3368 899 3424 Rubeu
916 3370 944 3422 et
998 3370 1137 3428 meuszsio
1147 3370 1258 3427 iacietis
1269 3386 1304 3426 en
1315 3371 1343 3425 io
1355 3374 1535 3442 terr-aquam
1547 3370 1712 3442 possessuri
1722 3371 1794 3428 estis
1810 3386 1818 3427 :

114 3465 174 3523 (iad
189 3463 261 3521 dedi
282 3462 319 3518 de
342 3466 422 3517 terre
446 3459 487 3530 [b.
507 3474 572 3527 ,non
596 3456 695 3525 habet,
722 3456 810 3529 terra]
835 3455 943 3513 Gataad
996 3466 1026 3517 st
1040 3460 1275 3518 observabitiset
1299 3458 1460 3532 implebitis
1484 3476 1571 3532 opere
1596 3460 1635 3528 [b.
1661 3465 1750 3533 utque
1770 3460 1820 3533 ju·

117 3567 212 3626 usque
226 3550 265 3609 ad
280 3554 442 3608 torrentem
462 3549 561 3605 Arnon
587 3546 717 3603 madium
743 3545 892 3613 torrentis,
916 3546 945 3600 et
997 3549 1085 3617 dicia,
1100 3549 1142 3605 sio
1159 3555 1191 3605 ut
1205 3548 1341 3621 precedit
1363 3548 1435 3603 mibi
1460 3548 1602 3606 Dominus
1627 3550 1703 3606 Deus
1725 3566 1821 3621 meus,

116 3638 419 3710 mnfinium¹nsque
443 3637 479 3694 ad
501 3641 660 3693 torrentem
682 3634 804 3703 tenone,
829 3633 877 3705 qui
900 3636 946 3689 est
998 3644 1032 3695 nt
1055 3638 1168 3695 iaoiatis
1191 3654 1227 3694 ea
1248 3635 1279 3693 in
1304 3641 1383 3694 terra
1416 3653 1506 3710 quam
1539 3639 1706 3711 possessuri
1738 3637 1821 3707 estis,

117 3730 266 3788 terminus
280 3726 409 3784 tiliorum
425 3730 594 3791 ammonet
604 3724 755 3797 planitiem
766 3721 945 3787 solitudinis,
998 3731 1028 3784 ot
1051 3727 1212 3784 observetis
1237 3730 1265 3783 et
1289 3725 1437 3798 impleatis
1462 3726 1557 3798 opere]
1584 3726 1645 3783 bae
1669 3730 1715 3783 est
1742 3725 1820 3783 euim

118 3824 207 3893 atque
219 3817 394 3886 Jordanem,
410 3819 439 3872 et
453 3813 595 3872 terminos
610 3812 773 3871 chenereth
788 3811 830 3884 [h.
846 3816 875 3867 et
896 3827 944 3867 so·
999 3821 1093 3873 vestra
1110 3817 1254 3888 sapientia
1268 3820 1297 3871 et
1320 3814 1487 3872 intellectus
1511 3832 1610 3871 eornm
1636 3814 1762 3887 populis,
1790 3818 1822 3872 ut

117 3907 276 3967 titudinem
292 3908 381 3977 etque
392 3904 594 3972 Jordauem,et
608 3900 769 3959 torminum
786 3901 821 3957 de
834 3900 945 3958 cbeue·
998 3906 1151 3962 audientes
1168 3904 1303 3959 universa
1318 3909 1462 3976 praeopta
1474 3904 1545 3974 baro,
1562 3904 1662 3960 dicant
1678 3920 1684 3958 :
1700 3904 1743 3959 En
1769 3919 1822 3975 po-

119 3995 195 4071 reth]
210 3994 357 4068 usquead
374 4008 453 4049 mars
464 3991 662 4063 deserti‚quod
673 3994 719 4047 est
733 3989 943 4053 salsissimum.
999 3994 1086 4068 putus
1102 3994 1220 4065 sapione
1235 3998 1263 4048 et
1278 3991 1457 4064 intelligens,
1473 4009 1544 4064 gens
1558 4009 1665 4063 magna
1683 3992 1726 4063 [h.
1750 4007 1822 4063 gens

120 4086 154 4142 ad
169 4084 288 4143 radices
305 4081 414 4138 montis
432 4079 546 4153 Phtsge
569 4085 671 4136 eontra
693 4078 847 4135 orientem·
871 4077 945 4133 ΡΜ·
1000 4082 1274 4155 magnahmo].Neo
1289 4086 1334 4135 est
1349 4080 1499 4136 alienatio
1519 4084 1580 4136 tam
1604 4079 1734 4151 grandis,
1757 4095 1823 4152 qum

120 4175 242 4248 espique
257 4171 341 4228 vobis
363 4170 395 4226 in
417 4174 549 4242 tempore
570 4166 623 4224 iilo
644 4167 745 4224 ditent
769 4183 777 4222 :
804 4166 946 4223 Dominus
1000 4172 1107 4228 babeat
1121 4171 1191 4226 deos
1206 4168 1474 4241 appropinquantes
1490 4169 1557 4237 sibi,
1579 4170 1657 4225 siout
1679 4168 1824 4227 Dominus

121 4268 198 4321 Deus
212 4266 312 4319 vester
325 4260 377 4315 dat
390 4258 472 4315 robis
487 4262 594 4315 terrem
606 4256 682 4313 bauo
692 4257 723 4314 in
733 4257 945 4322 hereditatem,
1001 4259 1095 4332 [vaip.
1112 4266 1164 4312 tao.
1176 4256 1329 4327 Dominus]
1346 4260 1421 4312 Deus
1437 4262 1538 4312 noster
1553 4257 1636 4313 adest
1647 4256 1763 4315 eunctis
1777 4258 1827 4314 ob·

122 4350 247 4425 expediti
260 4344 832 4422 praeeediteiratresvestrosfiiiostsraet
844 4360 947 4401 omnes
1001 4345 1216 4404 secretionibus
1232 4345 1353 4400 uostris.
1369 4348 1437 4411 (tura
1452 4348 1498 4400 est
1509 4344 1587 4401 euim
1604 4345 1662 4401 alia
1684 4363 1758 4418 gena
1783 4344 1826 4402 sio

124 4442 175 4499 riri
190 4438 320 4509 robusti,
337 4437 449 4509 absque
464 4436 618 4502 uxoribus,
634 4438 663 4491 et
678 4434 817 4508 parvulis,
842 4450 876 4490 ao
897 4435 948 4506 ju·
1002 4436 1121 4508 inclyta,
1139 4439 1170 4490 ut
1186 4433 1293 4490 habeat
1307 4434 1507 4505 coeremonias,
1520 4434 1662 4507 justaque
1673 4434 1829 4507 judicia,et

125 4528 241 4587 montis.
259 4525 333 4583 Nori
346 4524 425 4583 enim
441 4524 519 4596 quod
536 4524 622 4598 plura
636 4524 769 4581 habeatis
785 4539 899 4596 peoora,
920 4526 947 4579 et
964 4540 987 4606 D
1003 4526 1170 4582 universam
1184 4522 1279 4595 tegam
1296 4523 1429 4594 [b.juxta
1445 4524 1611 4580 universam
1623 4523 1828 4597 iegem],quam

125 4618 154 4675 in
168 4616 294 4675 urbibus
309 4630 461 4673 remanere
474 4613 634 4683 debebunt,
645 4630 719 4686 quas
734 4612 840 4669 tradidi
853 4612 946 4679 vobis,
1003 4629 1056 4687 ego
1073 4628 1233 4686 proponam
1250 4611 1336 4667 bodie
1352 4616 1421 4667 ante
1435 4611 1536 4668 oeulos
1556 4616 1668 4669 vestros
1692 4613 1734 4685 [b.
1761 4617 1830 4669 ante

125 4706 215 4764 donee
230 4702 362 4777 requiem
377 4702 490 4759 tribuat
506 4701 646 4757 Dominus
666 4701 807 4755 iratribus
831 4698 947 4769 vestris,
1004 4705 1194 4774 oonspeotum
1206 4700 1419 4772 vestrumjiffl.
1429 4699 1608 4771 X.]0ustodi
1620 4701 1711 4772 igitur
1722 4705 1828 4758 temet·

127 4795 201 4852 sicat
214 4792 303 4852 vobis
316 4790 462 4857 tribuit,et
474 4790 642 4863 possideant
656 4789 744 4845 otiam
761 4789 818 4859 ipsi
828 4793 949 4852 terram,
1004 4792 1113 4864 ipsum,
1131 4795 1159 4845 et
1174 4788 1303 4845 animam
1317 4794 1399 4845 tuum
1424 4788 1558 4846 sollicite.
1582 4788 1623 4845 Ne
1646 4789 1829 4846 oblisisonris

127 4899 214 4957 quam
230 4882 358 4940 daturus
371 4884 418 4937 eat
431 4880 474 4937 eis
490 4886 571 4935 trans
584 4878 837 4934 Jordanem:tune
852 4892 950 4933 rever·
1006 4879 1171 4948 verborum,
1187 4894 1251 4950 qum
1265 4877 1400 4933 viderunt
1415 4875 1490 4933 oculi
1503 4876 1557 4947 tui,
1582 4881 1611 4934 et
1635 4895 1671 4935 ne
1695 4879 1831 4935 excidant

127 4974 204 5030 tatur
216 4969 427 5043 unusquisque
442 4969 472 5025 in
494 4967 712 5040 possessionem
737 4983 833 5037 suam,
860 4980 951 5037 quam
1005 4970 1041 5024 de
1056 4968 1143 5024 eorde
1159 4971 1210 5022 tuo
1226 4967 1342 5022 eunetis
1357 4965 1541 5023 diebusvitae
1557 4970 1624 5023 tuor.
1649 4967 1772 5023 Docebia
1796 4981 1829 5021 ea

127 5060 191 5119 dedi
205 5059 303 5117 vobis.
320 5058 366 5126 [Β.
382 5057 458 5129 vlt]
474 5057 564 5114 Josuo
579 5072 696 5129 quoque
709 5055 738 5112 in
751 5060 882 5126 tempore
900 5054 951 5109 illo
1006 5058 1083 5114 filios
1098 5073 1131 5112 ao
1145 5060 1265 5129 nepotes
1278 5054 1435 5112 tuoszdiem
1448 5054 1568 5127 [Vastan
1581 5055 1638 5128 die]
1654 5055 1683 5111 in
1700 5071 1755 5126 quo
1774 5057 1832 5110 ate·

128 5148 263 5223 precepi,
278 5146 382 5205 diosas
397 5162 405 5202 ε
420 5145 502 5203 Douii
517 5146 560 5202 tui
574 5145 710 5201 viderunt
725 5160 789 5216 qua
804 5144 872 5199 ieoit
897 5143 952 5198 Do·
1007 5146 1031 5204 ti
1046 5161 1143 5202 eoram
1160 5144 1283 5201 Domino
1302 5146 1357 5200 Deo
1372 5148 1423 5200 tuo
1438 5143 1467 5198 iu
1484 5143 1716 5216 Horeb‚quando
1734 5141 1831 5198 Domi·

129 5235 557 5298 miuusDensvesterduobus
571 5235 619 5291 bis
645 5232 785 5307 regibus:
801 5232 844 5290 sio
870 5232 955 5289 iaciat
1009 5252 1066 5291 nus
1080 5233 1197 5290 loeutus
1216 5238 1261 5290 est
1284 5232 1368 5304 mibi,
1392 5233 1494 5289 dicens
1519 5249 1526 5288 :
1551 5232 1703 5305 congrega
1726 5231 1763 5288 ad
1787 5244 1834 5285 me

163 5419 173 5455 ¹
187 5417 254 5475 Non
267 5413 431 5485 medatem,
448 5414 499 5471 sed
514 5414 615 5484 fiotum
635 5412 762 5468 babetur
784 5410 814 5466 in
839 5410 955 5468 Conone
1047 5441 1082 5452 -
1097 5414 1149 5466 us.
1166 5410 1303 5478 Urbinas,
1320 5410 1398 5467 dedit
1413 5414 1516 5466 terram
1533 5408 1649 5465 Galaad.
1667 5408 1732 5464 tior
1746 5405 1837 5463 Patet.

132 5488 239 5546 statiis
253 5503 326 5544 mss.
343 5485 572 5559 antiquioribus,
589 5484 640 5556 qui
656 5484 758 5555 tegunt
772 5483 824 5551 sio,
837 5482 957 5539 medium
1011 5483 1122 5554 otiique
1138 5499 1226 5555 penes
1241 5483 1376 5539 Martian.
1394 5498 1479 5553 msa,
1495 5480 1595 5552 finium
1611 5497 1661 5552 pro
1686 5480 1838 5552 confinium

133 5561 262 5619 mre
275 5567 304 5616 et
314 5558 416 5631 aarum
430 5576 440 5615 .·
455 5558 486 5615 id
500 5574 568 5615 vero
582 5556 613 5613 in
629 5558 766 5613 eumdem
781 5570 900 5611 sensum
915 5571 959 5612 re·
1012 5554 1134 5613 babent.

138 5632 218 5693 dtra
232 5630 328 5693 saar.

292 5751 426 5815 Penus.
449 5747 582 5813 xxvltl.
1659 5744 1705 5805 ΚΒ
