3870 6120
128 260 186 323 Μ
712 261 870 323 strauit
893 261 1242 332 BHNEDIGTINOHUH
1768 269 1826 329 128

129 394 222 456 nibus
236 394 398 456 Hebraicis
411 394 442 454 in
459 393 612 468 Genesim,
630 393 684 455 ubi
707 399 756 455 ter
783 399 839 455 aut
867 394 1115 475 qua-Aquinio
1150 402 1454 465 Commentariorum
1495 402 1527 462 in
1568 402 1683 462 leniam
1722 406 1825 462 totum

132 499 179 556 ter
206 492 345 572 capitula
386 492 527 554 nominat
555 491 763 571 Hieronymus
798 490 952 553 sectiones
1006 500 1187 561 contextum
1215 501 1346 582 capituli
1373 500 1472 562 nostri
1498 499 1636 562 vicesimi
1674 517 1747 560 cum
1777 500 1827 561 de-

134 593 304 672 Scripturae
333 609 411 671 quas
439 590 578 671 suscepit
605 591 820 671 exponendas.
864 589 953 668 Capi·
1007 593 1182 674 scripsisset
1221 598 1447 679 Hieronymus,
1490 597 1557 677 ejus
1597 597 1826 677 expositionem

133 692 234 754 tulum
276 689 361 751 verb.
404 707 451 768 gr.
505 688 645 768 appellat
686 707 757 770 quae
805 687 953 768 leguntur
1007 690 1267 772 slceuspicatur:
1291 692 1398 756 'lolam
1418 696 1584 778 posuimus
1610 694 1743 776 capituli
1768 693 1828 754 ltu·

133 794 246 852 Genea.
286 805 360 859 xxv,
400 805 420 847 a
453 804 545 847 versu
583 789 621 847 13
650 786 690 847 ed
726 803 852 847 versum
881 788 950 847 18:
1007 787 1060 860 ius
1075 792 1310 867 continentiam,
1327 798 1362 853 ut
1382 802 1442 874 per
1462 798 1574 874 partes
1600 791 1733 873 singula
1762 792 1827 853 dis·

138 885 234 963 Quod
260 889 374 962 aulem,
403 884 517 963 inquit,
548 883 582 943 in
611 888 746 944 extremo
773 881 871 963 hujus
898 901 953 942 ca·
1007 907 1160 965 seramus,
1178 898 1238 954 etc.
1256 892 1569 954 Nemovirorumest
1597 892 1664 970 qui,
1697 895 1830 970 propter

129 982 231 1066 pituli
255 982 353 1062 juxta
388 980 599 1065 Septuaginta
637 980 807 1060 legimus:
836 982 954 1042 contra
1007 1005 1100 1065 pares
1127 990 1257 1070 capituli
1285 989 1417 1070 hujusce
1446 989 1609 1065 terminos,
1649 988 1828 1049 novissimae

133 1081 245 1142 ieciom
275 1081 418 1141 omnium
456 1081 588 1141 fratrum
627 1098 757 1142 suorum
784 1079 952 1155 habitavit,
1008 1087 1183 1148 nostruin
1213 1088 1348 1168 Vulgata
1376 1087 1487 1149 Latina
1521 1085 1682 1147 divisionis
1722 1091 1830 1146 aucto

136 1179 241 1239 narius
269 1184 315 1238 ast
350 1177 437 1239 illud
464 1178 549 1259 quod
574 1198 631 1239 nos
641 1178 818 1260 posuimus,
846 1196 953 1240 coram
1008 1202 1073 1244 rem
1102 1185 1198 1247 iaciat
1222 1187 1460 1266 Hieronymum.
1491 1185 1594 1258 Quare
1631 1201 1689 1244 nec
1725 1183 1828 1244 eidem

133 1277 280 1339 omnibus
298 1276 447 1339 iratribus
474 1277 633 1351 occubuit,
664 1276 700 1338 id
727 1280 774 1336 ast
797 1276 831 1336 in
856 1276 955 1337 moni·
1007 1286 1159 1362 tauquam
1189 1283 1309 1345 auctori
1338 1283 1494 1344 ascribere
1522 1281 1679 1342 debemus
1708 1286 1830 1340 veteres

133 1374 190 1435 bus
205 1366 347 1435 omnium
361 1375 507 1446 filiorum
520 1395 648 1436 suorum
664 1380 806 1436 mortuus
820 1379 877 1453 est,
898 1393 954 1434 su·
1008 1378 1118 1441 titulos
1130 1379 1195 1442 sive
1223 1380 1465 1461 capitulationes
1480 1398 1487 1453 ;
1517 1377 1577 1439 etsi
1599 1395 1829 1456 nonnunquam

128 1472 318 1556 perstitibus
333 1471 456 1554 liberis,
473 1480 502 1534 et
526 1474 615 1535 nullo
634 1473 727 1556 prius
751 1479 848 1534 morte
871 1479 955 1554 prse-
1006 1474 1069 1537 illae
1099 1478 1288 1540 conveniant
1316 1497 1387 1539 cum
1414 1476 1606 1539 sectionibus
1645 1474 1828 1553 scriptume,

135 1577 232 1654 rapto.
262 1571 442 1650 Capitulum
471 1571 622 1651 intelligit
649 1571 710 1633 boc
725 1571 794 1633 loco
816 1588 872 1632 sex
885 1575 954 1630 tan·
1008 1593 1087 1653 quas
1114 1576 1178 1637 suis
1219 1575 1460 1639 Commentariis
1496 1574 1635 1635 illustrat
1671 1572 1831 1632 maximus

134 1678 202 1736 tum
231 1692 351 1748 versus,
382 1680 417 1736 ut
440 1674 516 1754 dixi,
547 1674 602 1754 qui
629 1675 723 1736 etiam
753 1673 956 1735 continentur
1008 1674 1192 1735 Latinorum
1221 1675 1388 1754 interpres.
1415 1673 1497 1734 Sane
1525 1677 1593 1735 tots
1618 1669 1685 1731 baec
1722 1668 1831 1731 distin·

36 1842 40 1847 ¹
135 1770 167 1832 in
185 1771 324 1851 capitulo
339 1790 409 1833 xcvi
437 1778 554 1834 nostrae
581 1772 738 1848 editionis,
768 1771 828 1833 eol.
858 1773 896 1832 25
924 1773 1126 1850 etltguendi
1153 1774 1233 1835 ratio
1278 1792 1315 1834 ex
1360 1778 1524 1834 auctorum
1564 1769 1830 1848 librariorumque

135 1868 266 1942 263sed
283 1870 533 1932 convenientiam
563 1870 659 1950 hujus
687 1869 818 1949 capituli
844 1867 955 1929 lortui·
1012 1871 1143 1933 arbitrio
1169 1871 1329 1952 pependit,
1360 1869 1392 1932 et
1437 1868 1653 1947 unusquisque
1686 1873 1828 1928 veterum

136 1972 201 2028 tam
231 1968 400 2029 ostendunt
427 1976 541 2030 caetere
567 1986 639 2048 quae
667 1974 852 2047 sequnntur.
878 1969 956 2028 Nam
1012 1969 1202 2049 scriptorum
1217 1989 1275 2050 pro
1290 1975 1384 2048 captu
1399 1987 1457 2029 suo
1481 1966 1625 2028 distinxit
1650 1969 1831 2028 contextum

139 2065 224 2143 quod
243 2065 417 2144 capitulum
430 2065 510 2126 dixit
528 2065 611 2129 inira
637 2065 857 2145 Hieronymus,
886 2064 957 2125 nni·
1013 2084 1157 2128 sacrum:
1189 2067 1272 2129 unde
1301 2067 1420 2129 nullam
1450 2072 1517 2127 tum
1540 2065 1636 2125 fuisse
1663 2061 1836 2123 distinctio·

138 2181 210 2225 eum
240 2181 365 2226 comma
393 2170 450 2238 est,
480 2165 546 2226 sive
569 2182 677 2227 versus
703 2183 786 2227 unus
808 2164 960 2226 recentio·
1014 2181 1086 2224 nem
1114 2183 1179 2245 prae
1206 2165 1327 2227 caeteris
1355 2164 1523 2244 probatam
1551 2179 1588 2222 ac
1617 2160 1713 2239 vulgo
1750 2176 1836 2220 recc-

137 2261 181 2322 ris
207 2260 302 2334 illius,
334 2280 429 2340 quam
459 2260 553 2324 bodie
581 2261 755 2342 sequimur,
785 2260 958 2323 divisionis.
1015 2269 1114 2343 ptam,
1144 2264 1345 2325 consentiunt
1369 2261 1495 2332 eruditi,
1539 2258 1740 2340 probantque
1769 2261 1834 2319 tam

140 2358 270 2420 Genesis
287 2376 358 2437 cap.
375 2376 484 2432 xxxvi,
501 2358 646 2441 24:1pse
666 2364 712 2419 est
734 2359 821 2439 Aua,
849 2359 907 2439 qui
915 2360 961 2419 in·
1015 2361 1146 2423 diversa
1161 2362 1343 2423 eorumdem
1359 2361 1513 2421 librorum
1541 2357 1695 2420 sectiones
1724 2373 1761 2417 ao
1774 2354 1838 2415 dis·

141 2455 225 2516 venit
237 2454 351 2523 lomim
367 2455 401 2515 in
429 2456 561 2537 deserto,
592 2477 661 2518 cum
686 2462 827 2539 pasceret
854 2457 960 2517 asinos
1016 2459 1192 2521 tinctiones.
1223 2460 1364 2531 Ouatuor
1405 2458 1544 2519 diversas
1583 2453 1836 2534 capitulationes,

138 2552 444 2635 Zebeoupatrissui.
475 2558 518 2616 De
546 2554 607 2616 isto
635 2562 791 2617 commate
817 2555 863 2617 ita
899 2554 961 2616 die·
1014 2555 1047 2616 id
1062 2562 1120 2631 est,
1137 2556 1249 2618 seriem
1264 2554 1502 2636 quadruplicem
1519 2553 1682 2614 titulomm
1697 2550 1763 2611 sive
1787 2567 1836 2611 ce·

138 2652 215 2713 serit
242 2652 470 2731 Hieronymus:
501 2651 653 2712 Multaat
680 2651 869 2735 ooriaapud
890 2650 960 2712 He·
1014 2654 1201 2735 pitulorurn,
1230 2653 1386 2716 edidimus
1423 2652 1463 2714 ad
1505 2652 1641 2712 frontem
1663 2653 1832 2720 Geneseos,

139 2749 236 2811 breos
265 2749 303 2809 de
338 2747 395 2809 lroc
436 2749 573 2832 capitulo
614 2748 847 2832 disputantur:
876 2749 960 2832 apud
1014 2753 1095 2814 sicut
1119 2753 1268 2832 leguntur
1293 2751 1325 2811 in
1353 2749 1484 2812 diversis
1511 2746 1745 2827 exemplaribus
1760 2763 1833 2806 mss.

83 2890 87 2899 ·
140 2847 271 2910 Graecos
284 2848 396 2930 quippe
408 2852 439 2907 et
452 2854 576 2909 nostros
590 2855 683 2930 stopo
710 2847 768 2909 hoc
797 2847 959 2909 silentium
1014 2849 1167 2912 versionis
1215 2847 1476 2928 Hieronymianae.
1520 2844 1613 2908 Nulla
1653 2850 1760 2905 tamen
1797 2861 1835 2905 ex

139 2952 196 3026 ast,
213 2952 272 3007 etc.
298 2947 388 3008 Nihil
404 2945 618 3025 talereperiss
641 2947 673 3006 in
703 2946 853 3008 divisione
881 2946 958 3008 titu·
1014 2947 1149 3009 illisusu
1172 2947 1332 3008 communi
1361 2952 1487 3024 recepta
1514 2944 1584 3013 luit,
1614 2944 1668 3003 ssi
1695 2939 1837 3002 indiscri-

32 3050 35 3055 “
139 3043 241 3106 lorum
272 3050 446 3116 veterum3
477 3045 641 3122 angustior
672 3049 720 3106 est
755 3043 837 3105 enim
867 3044 960 3105 unius
1018 3046 1161 3107 minutim
1187 3045 1281 3107 modo
1311 3043 1392 3105 hanc
1420 3043 1513 3103 modo
1541 3040 1636 3102 aliam
1666 3037 1838 3118 exscripto·

138 3142 284 3204 versiculi
311 3141 504 3203 continentia
532 3142 572 3202 ad
601 3142 854 3204 constituendum
883 3142 997 3210 ints-(l
1017 3162 1066 3206 res
1090 3143 1296 3223 usurpabant.
1326 3141 1383 3211 oui
1413 3138 1607 3220 exemplaria
1633 3135 1838 3199 Genonisde·

47 3316 52 3321 Ι
137 3256 229 3319 grum
259 3237 445 3317 capitulum,
471 3238 558 3318 quod
587 3238 731 3318 pluribus
759 3238 899 3299 versibus
928 3243 960 3300 et
1013 3243 1219 3321 seripserunt,
1265 3239 1376 3301 titulos
1417 3235 1639 3318 praeferebant,
1681 3233 1737 3314 qui
1768 3231 1839 3294 aliis

138 3336 301 3398 sententiis
315 3343 460 3397 constare
475 3337 675 3416 perspicuum
705 3342 752 3398 est
780 3354 820 3397 ex
847 3354 961 3415 conge·
1015 3338 1222 3401 divisionibus
1250 3355 1383 3398 numero
1414 3335 1577 3414 panciores
1605 3338 1715 3394 erant:
1745 3336 1839 3391 caete-

139 3434 341 3497 rieomnium
365 3435 640 3513 capitulationum.
671 3435 799 3496 Diversa
827 3435 959 3515 proinde
1014 3439 1057 3498 ris
1081 3437 1201 3516 placuit
1237 3433 1378 3514 capitula
1405 3449 1603 3515 preponere,
1630 3428 1837 3508 multoplura

141 3531 275 3593 dicenda
291 3537 363 3592 sunt
378 3533 561 3611 Hieronymi
585 3532 726 3611 capitula
754 3533 795 3594 ab
822 3532 860 3594 iis
887 3551 959 3613 quae
1014 3552 1146 3597 numero
1174 3539 1206 3594 et
1242 3531 1406 3593 sententiis
1441 3530 1575 3600 diverse,
1611 3524 1837 3587 arbitrantibus

140 3646 199 3690 nos
222 3628 377 3689 edidimus
405 3628 437 3688 in
466 3630 569 3689 ironte
596 3634 761 3703 Geneseos,
788 3630 958 3692 auctorita·
1014 3632 1259 3694 commodiorem
1289 3646 1356 3690 esse
1385 3626 1569 3689 methodum
1606 3642 1676 3703 quae
1714 3626 1835 3682 textum

141 3725 363 3787 temcodicnm
393 3744 468 3787 mss.
496 3726 606 3787 secuti.
636 3726 725 3798 Quod
751 3727 865 3788 iterum
889 3745 961 3807 pro·
1015 3733 1185 3812 Scriptura
1213 3730 1244 3790 in
1276 3728 1391 3790 multas
1420 3729 1837 3806 partessecat,quamqute

23 3896 26 3901 ,
139 3823 207 3885 bari
237 3829 340 3904 P0l⁰⁸i
377 3841 415 3885 0¹
443 3823 674 3896 Quaetiiffllibut
701 3824 874 3898 Hebfflicit,
906 3824 962 3887 ubi
1014 3830 1072 3892 sub
1102 3830 1212 3892 eadem
1241 3826 1394 3888 divisione
1423 3822 1726 3885 materiasdiversas
1754 3836 1839 3879 com·

140 3924 315 4003 capitulum
330 3923 409 3984 dixit
423 3923 636 4003 Hieronymus
664 3923 743 3984 diros
771 3941 879 3985 versus
905 3923 962 3984 ho·
1015 3928 1171 4008 plectitur.
1203 3925 1322 4004 Ingenii
1351 3923 1493 4002 igituret
1520 3919 1641 3981 arbitrii
1664 3916 1839 3995 exscripto-

145 4021 262 4082 diemes
290 4020 461 4094 divisionis,
492 4023 511 4082 5
540 4019 657 4081 scilicet
684 4026 716 4080 et
739 4024 842 4099 ticap.
872 4037 962 4082 xtvru
1016 4044 1085 4088 rum
1113 4025 1172 4086 luit
1203 4023 1403 4084 totdiversas
1430 4019 1462 4079 in
1491 4015 1726 4096 exemplaribus
1741 4021 1839 4074 trans·

144 4118 302 4180 Gen.:Et
316 4139 399 4179 nunc
412 4139 478 4179 cccc
491 4119 554 4179 duo
560 4117 639 4196 filii
653 4117 712 4198 tui,
729 4117 785 4199 qui
807 4117 876 4178 noti
888 4124 963 4178 stunt
1017 4122 1142 4185 lationis
1170 4119 1353 4199 Hieronymi
1389 4115 1551 4196 praefigare
1592 4113 1711 4192 species
1751 4112 1838 4189 capi·

34 4240 38 4247 ·
144 4217 177 4277 in
193 4221 277 4276 terra
307 4216 460 4298 AEgypti,
490 4224 550 4278 etc.
566 4217 599 4277 Si
627 4217 697 4296 quis
712 4215 905 4296 ambigebat,
918 4217 964 4277 in·
1017 4225 1176 4286 tutorum:
1204 4237 1338 4299 quarum
1368 4217 1496 4277 nullas
1524 4217 1556 4275 S.
1581 4216 1714 4274 Doctore
1748 4210 1841 4271 edor-

145 4316 213 4394 (lllst
240 4315 462 4393 ffissfflssyfflut,
494 4315 579 4394 qUOd
606 4317 816 4394 Septuaginta
849 4315 963 4377 animas
1017 4326 1093 4382 nata
1121 4317 1271 4386 creditur,
1300 4320 1335 4376 ut
1363 4312 1464 4374 facilis
1493 4307 1701 4388 estprobatio
1726 4304 1839 4382 injam

141 4411 324 4474 intiment
352 4413 525 4491 AEgyptum
556 4410 655 4490 (GM
685 4429 765 4486 Xffls
794 4413 856 4492 Ξῖ),
883 4420 963 4494 prae-
1017 4417 1123 4479 allatis
1143 4415 1287 4494 superius
1301 4409 1504 4490 argumentis.

142 4511 225 4573 senti
250 4509 390 4593 capitulo
416 4511 637 4589 confirmatur.
667 4511 754 4573 Istud
787 4511 1000 4592 capitulumll
1055 4516 1093 4577 Il.
1123 4513 1244 4574 lndices
1268 4517 1374 4572 autem
1402 4512 1434 4568 et
1449 4504 1575 4567 ordines
1601 4502 1648 4563 illi
1661 4500 1839 4590 sectionum

63 4686 65 4691 ¹
143 4609 719 4690 praesensnoninveniesnotatumin
747 4610 855 4689 aliqua
882 4611 962 4673 serie
1015 4610 1289 4675 indiscriminatim
1318 4624 1355 4668 ac
1378 4603 1558 4685 promiscue
1587 4599 1687 4672 tituli,
1720 4596 1839 4670 breves,

143 4709 345 4789 antiquarum
387 4707 574 4769 divisionum
613 4726 667 4768 seu
700 4707 960 4786 capitulationum
1016 4716 1049 4774 et
1068 4702 1612 4791 capitutovocantnrapudveteres.
1631 4697 1744 4775 Idjsm
1771 4715 1840 4757 cur-

142 4807 266 4869 anobis
287 4806 455 4882 editarum,
486 4806 569 4867 unde
598 4804 728 4883 colligas
750 4822 876 4866 necesse
903 4812 961 4878 est,
1017 4810 1075 4871 sim
1107 4805 1342 4869 observavimus
1370 4805 1401 4865 in
1429 4799 1628 4872 cassiodoro,
1658 4794 1842 4874 quipriori·

143 4904 303 4986 propriam
333 4923 399 4965 esse
442 4903 635 4983 Hieronymo
677 4901 859 4981 hujusmodi
887 4903 963 4965 divi·
1018 4906 1077 4967 bus
1106 4904 1229 4965 duobus
1257 4903 1414 4983 capitibus
1448 4899 1504 4961 lib.
1534 4915 1544 4958 1
1573 4896 1612 4956 de
1641 4892 1841 4954 Institutione

143 5005 263 5065 sionem
280 5021 317 5064 ac
333 5002 566 5063 distinctionem
583 4999 791 5080 capitulorum
822 5000 853 5061 in
881 5000 964 5064 libro
1018 5005 1196 5067 divinarum
1212 5001 1415 5076 Litterarum,
1432 4993 1605 5057 summaria
1635 4997 1666 5051 et
1690 4989 1843 5050 lemmata

142 5106 308 5164 Cenem&
336 5103 402 5160 N⁰⁰
432 5098 569 5177 aliquem
595 5104 731 5170 mmai,
759 5097 843 5178 quod
858 5117 963 5177 aequs·
1018 5101 1152 5181 praefixa
1166 5099 1267 5160 Libris
1282 5097 1377 5159 sacris
1393 5100 1486 5156 vocat
1507 5088 1635 5161 titulos;
1650 5106 1720 5167 quae
1736 5091 1844 5146 tamen

142 5201 185 5261 lia
200 5198 359 5261 interdum
384 5196 586 5258 invenientur
613 5195 753 5274 capitula
780 5196 964 5276 Hieronymi
1018 5199 1122 5278 capite
1150 5197 1262 5276 quintu
1292 5194 1433 5274 appellat
1460 5186 1612 5271 capitula.
1642 5189 1677 5246 In
1693 5202 1767 5244 mss.
1785 5202 1844 5244 au-

142 5316 213 5360 cum
244 5297 343 5358 titulis
371 5295 530 5356 veteribus
563 5312 636 5354 mss.
680 5293 825 5355 codicum
851 5312 858 5367 ;
888 5314 963 5357 casu
1018 5303 1081 5358 tem
1099 5294 1260 5356 codicibus
1287 5293 1366 5354 adeo
1393 5290 1611 5351 inconstantes
1640 5282 1845 5361 reperiuntur

143 5397 225 5458 enim
257 5394 347 5474 quasi
381 5392 594 5454 involuntario
635 5391 704 5452 baec
745 5395 961 5472 aeciderunt;
1018 5391 1203 5471 hujusmodi
1232 5386 1473 5469 appellationes,
1509 5390 1544 5443 ut
1571 5380 1685 5460 sapius
1714 5378 1745 5439 in
1780 5377 1844 5439 illis

142 5495 225 5555 sieut
252 5493 417 5573 aequalitns
445 5507 542 5570 quam
570 5489 742 5568 aliquando
770 5489 887 5552 babere
915 5492 963 5553 di·
1018 5489 1171 5568 scriptum
1188 5488 1350 5565 legemue3
1366 5482 1528 5565 Incqoiunt
1542 5477 1632 5539 tituli
1642 5475 1732 5552 libri,
1756 5482 1841 5550 etc.;

144 5597 339 5671 gnoscuntur
379 5609 451 5652 cum
480 5586 626 5668 capitulis
658 5587 831 5651 hodiernis.
871 5588 964 5652 Libro
1019 5587 1068 5652 vel
1111 5579 1308 5648 etiamalio
1349 5582 1444 5647 modo
1478 5598 1487 5642 ι
1528 5575 1692 5657 Incipiunt
1735 5571 1841 5632 breves
