3870 6120
0 331 20 373 .,
44 230 59 373 ᾖ
108 370 111 375 .
224 284 265 345 sn
319 298 322 303 -
808 272 967 337 aarauu
989 270 1340 338 neuunmuuoauu
1657 224 1660 229 ’
1884 283 1929 346 aa

225 416 317 480 theou
345 414 377 476 S.
405 409 554 474 Germani
577 407 721 470 a'Pratis
737 408 835 470 codex
859 405 1046 470 venerandae
1062 406 1236 484 Ayredieiis
1265 429 1326 469 non
1355 409 1436 469 setis
1464 430 1606 472 moveor:
1632 412 1688 492 qui
1711 411 1744 473 in
1759 419 1926 497 utramque

16 570 31 598 ,¹
226 512 424 593 antiquitatis
438 528 524 571 num.
543 510 591 580 15,
607 508 713 586 inquo
728 507 863 585 scriptor
887 505 927 566 ad
950 505 1044 566 tinem
1092 511 1229 586 partem,
1272 513 1328 567 aret
1372 528 1476 569 eruore
1525 508 1688 587 labuntur,
1730 519 1796 573 eret
1835 515 1924 579 odio.

150 600 153 612 ’
226 612 374 693 Epistola
403 609 442 670 ad
471 607 619 669 Hebraeos
660 605 728 665 heae
756 603 935 683 apposuit:
964 601 1046 682 Lege
1100 603 1179 676 Ouid
1208 621 1283 666 vero
1312 605 1420 667 utilius
1448 606 1609 682 Ecclesiae,
1639 609 1715 688 quid
1744 612 1846 690 magis
1873 614 1925 674 di-

225 731 294 771 cum
304 717 381 791 pace
404 702 635 767 bibliothecam
659 700 852 772 Hieronymi
870 699 1046 782 presbyteri
1101 720 1198 780 guum
1227 703 1361 783 posteris
1388 723 1485 784 quam
1515 706 1692 768 divinorum
1719 709 1927 774 Voluminum

40 838 44 845 ·
145 806 148 810 ’
224 805 394 868 Bethleem.
424 802 525 881 Hujus
552 800 713 879 scriptoris
742 800 880 860 studium
919 799 1044 872 imitati,
1100 799 1151 860 uia
1180 800 1320 863 sentibus
1347 802 1554 883 virgultisque
1583 821 1726 866 errorum
1756 810 1929 886 purgata?

224 904 390 982 uerbisque
423 905 456 962 S.
485 898 630 962 Doctoris
666 916 793 976 prorsus
835 896 1044 969 adhaerentes,
1101 897 1182 969 Quid
1211 905 1375 979 acceptum
1415 901 1515 980 magis
1554 902 1676 962 cunetis
1719 903 1864 967 fidelibus
1892 906 1926 968 in

224 1002 372 1064 volumen
388 1016 528 1079 praesens
555 996 682 1058 Diuinee
704 994 894 1071 Hieronymi
919 993 1047 1056 Biblio-
1101 994 1225 1057 Christo
1255 1015 1350 1076 quarn
1378 997 1495 1076 integri
1523 1017 1560 1060 se
1587 1000 1784 1063 immaculati
1801 1005 1928 1068 codices

225 1099 317 1160 thecae
365 1096 458 1159 titulo
504 1096 690 1174 inscriptum
742 1111 808 1154 esse
855 1093 1047 1168 euravaus,
1102 1092 1214 1154 divium
1255 1095 1465 1175 Scripturas?
1507 1100 1618 1177 Itaque
1659 1098 1795 1179 publicas
1829 1101 1929 1182 hujus

223 1199 343 1278 quippe
364 1195 448 1275 quod
477 1193 585 1255 omnia
613 1191 733 1252 Veteris
762 1209 798 1251 ae
826 1190 910 1252 Novi
938 1193 1046 1252 'l‘esta-
1102 1191 1246 1253 utilitatis
1273 1193 1388 1255 intuitu
1417 1211 1524 1256 euram
1554 1195 1636 1257 inse
1659 1198 1927 1277 suseepitHiero-

0 1275 28 1354 {y
129 1334 132 1339 -
223 1295 322 1357 menti
358 1292 519 1354 uolumina
547 1291 657 1352 Latine
698 1289 737 1350 ab
777 1288 887 1351 eodem
926 1288 1049 1349 reddita
1103 1307 1217 1368 nymus
1256 1291 1445 1352 emendandi
1487 1310 1695 1373 quaeeumque
1723 1294 1927 1360 librariorum

121 1408 125 1415 ’
223 1391 464 1472 complectatur.
495 1389 593 1451 Plura
627 1387 667 1448 de
702 1387 886 1466 hujusmodi
920 1404 1051 1449 nomen.
1103 1387 1236 1466 incuria,
1265 1388 1314 1450 vel
1341 1389 1458 1469 injuria
1487 1396 1747 1473 temporum,aut
1767 1393 1929 1475 imperitia

223 1489 345 1552 elatura
366 1487 503 1568 adjicere
527 1492 728 1567 poteramus:
756 1485 817 1546 nisi
848 1503 930 1545 unua
960 1484 1049 1545 sutfl·
1104 1485 1323 1565 interpretum,
1341 1488 1423 1550 male
1450 1488 1642 1570 irrepserant
1670 1491 1703 1552 in
1730 1493 1929 1573 exemplaris

226 1591 311 1648 eeret
337 1584 429 1647 nobis
455 1585 667 1664 Hieronymus
689 1582 730 1644 ad
746 1582 965 1663 probationem
981 1580 1050 1662 ejus
1104 1601 1266 1645 saerorum
1306 1584 1481 1647 Bibliorum
1518 1588 1630 1649 Latina
1671 1606 1689 1650 e
1729 1590 1845 1652 Grs‘ois
1875 1591 1929 1654 de-

222 1684 458 1757 nominationis,
489 1700 553 1762 quo
592 1685 777 1761 cooptamus
805 1680 943 1761 primurn
985 1680 1050 1741 edi·
1104 1688 1262 1762 prompta.
1304 1686 1380 1745 Post
1433 1690 1581 1746 navatam
1630 1692 1735 1748 autem
1777 1689 1926 1752 Ecclesiae

222 1782 316 1845 tionis
330 1787 444 1843 nostrae
460 1780 619 1844 uolumen.
1061 1785 1085 1850 Β
1101 1779 1217 1840 Christi
1246 1785 1365 1843 tantam
1392 1799 1522 1860 operam
1552 1785 1662 1845 eLXX
1684 1785 1925 1849 ‘translatorum

261 1881 298 1942 Η.
324 1878 435 1941 Studio
457 1897 494 1941 ao
517 1876 664 1957 exemplo
685 1877 827 1956 origenis
852 1881 1041 1956 pmvoeatus
1095 1877 1364 1957 interpretatione,
1396 1880 1435 1940 ad
1465 1881 1654 1959 perfectiora
1681 1900 1748 1944 sese
1784 1901 1920 1946 eonver-

51 2038 59 2059 ,
220 1977 441 2056 Hieronymus,
487 1976 624 2055 primum
671 1973 958 2035 emendatissimum
1001 1973 1042 2034 ad
1097 1982 1176 2051 tens,
1192 1994 1307 2038 novam
1323 1995 1361 2037 ex
1385 1978 1518 2040 Hebraeo
1546 1980 1779 2060 seripturarum
1810 1983 1920 2045 editio

14 2090 15 2102 ¹
47 2130 53 2139 ,
113 2152 117 2159 Α
220 2075 315 2137 tidem
341 2074 554 2153 Hexaplorum
583 2071 753 2134 editionem
783 2071 954 2151 Scripturas
989 2088 1042 2131 sa·
1097 2092 1169 2134 nem
1199 2092 1364 2154 aggressus
1392 2082 1449 2155 est,
1480 2081 1515 2138 ut
1543 2077 1690 2158 deinceps
1705 2079 1836 2151 Latinis,
1852 2100 1917 2143 nou

220 2191 281 2235 erae
310 2172 429 2234 Latinis
457 2172 520 2233 suis
535 2170 673 2232 tribuere
692 2169 833 2231 curauit:
851 2169 951 2247 magis
966 2168 1042 2231 utile
1097 2170 1214 2233 rivulos
1243 2173 1426 2247 consectari,
1456 2174 1511 2235 sed
1540 2193 1644 2236 rernm
1673 2177 1776 2239 fontes
1799 2179 1919 2256 videre,

50 2294 54 2301 ·
99 2320 103 2329 .
220 2269 298 2351 qnid
332 2288 372 2331 ex
414 2269 486 2344 hoe,
516 2275 551 2330 ut
578 2274 681 2341 vocat,
710 2267 775 2328 otio
803 2267 948 2329 Ecclesiis
967 2267 1043 2329 boni
1097 2271 1332 2350 eornieumque,
1360 2272 1392 2332 id
1421 2277 1468 2334 est
1493 2273 1689 2349 Judaeorum,
1733 2276 1843 2339 oeulos
1879 2296 1918 2339 ex

218 2374 385 2431 uenturum
413 2373 512 2441 ratus,
541 2384 636 2447 quam
673 2384 711 2426 ex
740 2365 874 2426 aliorum
902 2365 1040 2443 negotio.
1096 2367 1165 2446 ipsa
1193 2368 1325 2430 veritate
1351 2369 1505 2432 Hebraiea
1535 2372 1693 2450 contigere
1729 2373 1849 2436 liceret.
1883 2374 1920 2438 Id

219 2466 402 2529 audiendus
444 2465 511 2545 ipse
552 2470 598 2526 est
640 2463 826 2544 praelatione
865 2463 899 2523 in
927 2463 1042 2524 librum
1097 2465 1194 2526 animi
1222 2465 1370 2528 habuisse
1395 2484 1428 2528 se
1462 2467 1494 2528 iu
1523 2469 1681 2530 vertendis
1709 2471 1828 2533 eionte
1858 2475 1920 2533 He-

10 2571 26 2640 'r
45 2558 70 2627 ξ’,
142 2594 145 2599 ·
220 2563 282 2626 Job
310 2582 349 2626 ex
377 2565 484 2626 Graeeo
513 2562 639 2642 eloquio
668 2579 853 2622 conversum
881 2576 889 2620 τ
921 2559 959 2620 Si
988 2565 1043 2621 aut
1096 2563 1182 2626 braeo
1210 2564 1306 2626 saeris
1335 2564 1550 2627 voluminibus
1578 2573 1711 2629 testatur
1738 2573 1769 2630 S.
1800 2573 1917 2633 Doetor'

23 2649 26 2660 ’
220 2661 388 2742 fiscellam,
404 2661 519 2741 inquit,
548 2659 641 2734 irenen
667 2665 809 2735 texerem,
846 2663 902 2718 aut
912 2658 1042 2739 palma-
1096 2660 1240 2741 pluribus
1268 2662 1345 2724 loeis
1373 2661 1578 2743 scriptionum
1615 2683 1756 2728 suarum.
1795 2670 1914 2730 Hemo-

131 2756 135 2763 ’
220 2779 290 2822 rum
326 2760 407 2831 tolia
439 2758 692 2841 complicarem...
725 2756 834 2818 mellus
875 2757 1040 2832 morderet,
1096 2758 1451 2839 rabilisesttpraeeipue
1479 2763 1634 2824 sententia
1661 2763 1770 2826 isthaee
1799 2765 1853 2827 lib.
1884 2784 1918 2829 ru

220 2878 307 2920 nemo
330 2856 575 2940 reprehenderet.
605 2854 700 2916 Nunc
721 2859 821 2916 aretem
853 2854 927 2936 qnia
944 2860 1041 2934 Jrrxta
1096 2855 1259 2936 Apologiae
1301 2858 1450 2919 adversus
1492 2859 1676 2920 Rufinum:
1723 2859 1767 2921 lu
1783 2862 1916 2923 Latinas

219 2957 404 3018 sententiam
446 2956 623 3016 Salvatoris
658 2955 726 3015 volo
770 2954 894 3036 operari
938 2955 1040 3014 cibum
1095 2953 1289 3035 Scripturas,
1320 2955 1434 3034 inquit,
1462 2955 1501 3014 de
1532 2955 1642 3017 Graeco
1670 2959 1858 3039 emendabis,
1888 2967 1919 3021 et

216 3055 273 3137 qui
300 3074 361 3116 non
378 3055 476 3136 perit,
506 3060 535 3114 et
562 3054 723 3135 antiquam
748 3053 927 3114 divinorum
952 3051 1040 3113 volu·
1096 3051 1188 3112 aliud
1202 3052 1355 3113 Ecclesiis
1371 3053 1477 3113 trades
1506 3053 1685 3135 legendum,
1715 3077 1807 3136 quam
1832 3058 1918 3138 quod

216 3153 335 3214 minum
363 3153 444 3213 viam
474 3150 614 3212 sentibus
643 3151 858 3232 virgultisque
874 3159 1038 3231 purgare:
1056 3140 1077 3206 C
1095 3148 1189 3210 semel
1215 3150 1254 3211 ab
1290 3151 1442 3232 apostolis
1483 3158 1685 3234 susceperunt
1709 3175 1717 3214 :
1747 3154 1828 3216 milri
1855 3177 1915 3216 non

11 3319 13 3324 ,
214 3248 295 3311 milri
321 3251 480 3331 genuinus
508 3249 673 3331 infigitur,
703 3254 858 3312 corrector
893 3248 1040 3309 uitiorum
1095 3247 1202 3309 licebit
1221 3254 1299 3330 post
1325 3248 1534 3330 Septuaginta
1549 3250 1727 3332 editionem,
1743 3272 1835 3333 quam
1864 3254 1918 3315 di-

55 3342 63 3361 ’“
173 3402 178 3409 .
204 3347 372 3426 falsarius
401 3369 502 3429 vocor,
534 3356 563 3409 et
590 3369 711 3410 errores
739 3368 800 3409 non
829 3350 965 3426 auferre,
984 3347 1040 3406 sed
1093 3345 1306 3427 ligentissime
1324 3347 1516 3407 eruendutam
1542 3354 1613 3408 unte
1639 3370 1738 3410 annos
1756 3350 1917 3432 plurimos

46 3450 51 3463 '
212 3465 322 3508 serere.
346 3446 445 3508 Tanto
460 3454 506 3508 est
534 3449 614 3509 euim
643 3447 806 3508 vettestatis
835 3445 1035 3525 consuetudo,
1093 3464 1162 3504 mear
1188 3445 1306 3525 lingum
1335 3443 1514 3505 bominibus
1538 3445 1624 3526 dedi,
1640 3447 1683 3507 ad
1706 3449 1915 3523 consectandos

214 3546 250 3602 ut
275 3543 368 3603 etiam
396 3547 537 3622 confessa
557 3544 722 3626 plerisque
759 3542 836 3604 vitia
852 3542 1035 3625 placeant;
1092 3540 1215 3607 ludaeos
1241 3543 1333 3602 etiam
1364 3543 1432 3624 ipsa
1460 3542 1648 3624 exemplaria
1676 3550 1803 3622 uertere,
1846 3566 1916 3625 quem

212 3640 287 3703 daem
318 3643 424 3722 tnagis
443 3642 600 3724 pulchros
628 3641 740 3704 babere
764 3641 873 3702 volunt
900 3640 1034 3719 codices,
1091 3640 1155 3721 ipsi
1196 3640 1359 3700 verissima
1401 3640 1604 3717 confitentur,
1648 3646 1683 3701 ut
1721 3643 1753 3701 si
1786 3644 1914 3723 qnerulo

211 3758 304 3820 quum
331 3741 518 3801 emendatos.
547 3740 724 3819 Integritati
751 3740 848 3819 igitur
874 3757 911 3799 ao
933 3739 1034 3800 siuce—
1089 3737 1254 3798 adversum
1269 3757 1321 3798 eos
1339 3736 1541 3798 Christianis
1561 3738 1735 3818 disputatio
1763 3745 1820 3819 est,
1851 3761 1913 3800 non

29 3888 49 3919 ‚.
210 3836 297 3899 ritati
311 3857 375 3900 sum
392 3837 553 3899 uolumina
581 3855 671 3899 saera
686 3837 848 3898 restituere
870 3837 1034 3914 satagebat
1088 3834 1221 3896 babeant
1249 3835 1505 3917 subterfugiendi
1527 3834 1727 3914 deuerticula,
1758 3838 1814 3898 sed
1839 3859 1915 3899 sno·

11 3964 50 4004 -·.
92 3996 105 4011 ,
208 3934 429 4016 Hieronymus,
459 3942 492 3999 et
532 3936 592 3997 boo
635 3935 767 3997 oonsilio
809 3934 926 3996 omissa
953 3934 1033 3995 bone
1087 3939 1148 3994 met
1166 3934 1370 4016 potissimum
1411 3953 1556 3993 mucrone
1595 3935 1765 4003 feriantur.
1795 3935 1915 3998 ltlude-

208 4032 309 4094 multa
337 4034 506 4114 suppleuit,
537 4033 678 4113 vitiaque
706 4033 858 4103 contessa,
889 4031 1033 4111 quamvis
1086 4031 1164 4093 bant
1203 4031 1305 4094 ludaei
1346 4030 1551 4104 Christianos,
1595 4037 1628 4092 et
1669 4032 1816 4094 Hoelesiis
1858 4032 1915 4095 Dei

208 4128 367 4210 plerisque
395 4132 567 4211 placerent,
597 4131 721 4193 auterre
753 4149 817 4191 non
853 4129 1028 4191 dubitabat.
1085 4128 1282 4190 insultabant
1295 4129 1334 4189 de
1350 4128 1487 4189 falsitate
1517 4127 1751 4208 seripturarum
1782 4136 1914 4210 propter

207 4226 255 4286 ad
271 4228 425 4306 originem
440 4231 523 4290 euim
552 4234 693 4291 Graecam
711 4235 880 4301 revertens,
906 4246 1029 4306 eaquae
1084 4227 1294 4307 Septuaginta
1321 4230 1526 4306 Interpretes,
1556 4245 1635 4307 quos
1663 4227 1696 4287 in
1725 4228 1831 4289 multis
1859 4247 1914 4288 er-

10 4341 13 4370 a
114 4330 119 4337 '
207 4322 257 4385 uel
285 4342 304 4385 a
332 4325 451 4387 uitiosis
479 4327 701 4406 interpretibus
733 4325 1029 4404 malereddita,vel
1083 4342 1170 4387 rasse
1198 4325 1442 4386 contendebant.
1472 4324 1519 4386 Ad
1555 4325 1785 4386 retundendam
1812 4325 1912 4404 igitur·

206 4423 536 4502 apraesumptoribus
568 4423 723 4503 imperitis
764 4423 931 4483 emendata
959 4442 1029 4503 per·
1083 4422 1221 4483 bostium
1265 4422 1458 4483 calumniam
1496 4421 1665 4501 profitetur
1702 4422 1912 4502 Hieronymus

206 4518 336 4592 uersius,
378 4519 427 4581 vel
467 4539 486 4581 a
525 4520 661 4581 librariis
706 4520 949 4582 dormitantibus
977 4509 1271 4600 autllpraeiatione
1299 4520 1331 4579 in
1358 4520 1484 4591 Isaiam,
1516 4519 1609 4580 sein
1639 4520 1811 4599 peregrinae
1847 4521 1911 4581 lin-

206 4612 315 4678 addita
343 4617 479 4691 inerant,
509 4625 564 4680 aut
580 4623 715 4687 mutata,
733 4617 870 4697 impigre
884 4619 1031 4678 correxit.
1088 4637 1157 4698 guae
1195 4617 1372 4678 eruditione
1409 4617 1550 4690 sudasse,
1590 4637 1627 4676 ne
1663 4616 1781 4679 seilicet
1808 4615 1912 4684 Iudai

206 4714 275 4774 Hoo
304 4714 397 4775 modo
426 4715 617 4794 operabatur
646 4714 750 4776 eibum
779 4715 910 4794 quinon
937 4715 1030 4793 perit,
1087 4716 1126 4777 de
1137 4715 1281 4786 salsitate
1304 4714 1542 4798 Scriptururum
1570 4713 1723 4774 Ecclesiis
1750 4713 1816 4775 Dei
1833 4715 1912 4775 diu-

206 4828 244 4871 ae
272 4829 329 4891 pro
357 4811 491 4874 flabellis
519 4819 551 4875 et
594 4813 751 4894 sportellis
790 4813 923 4874 aliorum
963 4831 1032 4875 mo·
1087 4815 1152 4874 tius
1181 4812 1381 4873 insultarent.
1412 4815 1451 4874 ut
1479 4813 1520 4872 ad
1548 4812 1764 4873 Chromatium
1796 4814 1912 4892 praeta-

41 4968 46 4993 ,
206 4908 586 4990 uaehorum,spiritualia
614 4912 682 4973 han
711 4917 742 4972 et
770 4929 919 4971 mansura
948 4911 1032 4972 dona
1086 4911 1170 4973 tione
1209 4910 1243 4971 in
1285 4911 1526 4991 Paralipomena
1565 4929 1571 4969 :
1616 4909 1730 4970 Nostri
1779 4908 1912 4970 arbitrii

27 5014 46 5077 ιζ
207 5005 355 5068 Enetesiae
370 5007 427 5069 Dei
460 5009 628 5070 tribuebat.
659 5008 748 5071 Unde
778 5014 913 5070 mentem
941 5027 1030 5071 suam
1084 5015 1187 5088 butas,
1216 5008 1330 5090 inquit,
1365 5014 1421 5068 nect
1447 5029 1462 5067 e
1485 5006 1635 5090 pluribus
1657 5007 1808 5088 judicare
1830 5008 1911 5088 quid

41 5092 49 5099 ’
206 5104 350 5186 aperiens
375 5107 492 5167 sanctis
521 5106 716 5180 mulieribus,
744 5106 789 5167 ila
816 5106 924 5167 scribit
953 5125 1031 5186 prm·
1085 5127 1188 5167 verum
1216 5107 1271 5184 sit,
1300 5112 1356 5167 aret
1384 5126 1494 5166 tronum
1521 5113 1597 5186 optus
1626 5105 1659 5165 in
1688 5105 1783 5166 veteri
1819 5112 1910 5185 opere

205 5202 323 5265 latione
350 5204 382 5265 in
410 5204 595 5266 Danielem:
623 5203 762 5265 Obsecro
790 5224 855 5278 vos,
884 5204 1029 5265 oPaula
1084 5205 1207 5284 cudere,
1251 5203 1520 5285 illudentibusque
1558 5201 1690 5279 laedaris,
1734 5202 1906 5280 cornicum,

40 5362 46 5391 r
204 5303 234 5359 et
247 5298 465 5379 Eustochium,
472 5301 626 5377 Jurrdatis
635 5309 696 5382 pro
718 5320 765 5359 me
787 5301 830 5361 ad
856 5300 1027 5361 Dominum
1085 5308 1120 5362 ut
1146 5302 1277 5382 dicitnr,
1306 5302 1412 5362 ocrelos
1440 5299 1611 5379 configere.
1643 5303 1740 5362 Nemo
1776 5306 1823 5361 est
1850 5298 1906 5379 qui

10 5415 13 5428 ¹
102 5456 105 5461 ,
198 5402 328 5477 preces:
355 5405 390 5460 ut
416 5398 557 5481 quandiu
588 5399 620 5458 in
650 5398 707 5458 boe
734 5398 916 5481 corpsesculo
944 5420 1024 5479 sum,
1083 5400 1201 5462 neseiat
1242 5398 1455 5480 Sophronium
1500 5398 1672 5477 aliquando
1715 5418 1734 5457 a
1782 5396 1904 5459 ludaeis

205 5492 339 5556 scribam
368 5497 496 5580 aliquid
521 5503 650 5579 gratrem
679 5495 775 5573 uobis,
816 5497 894 5558 utile
919 5496 996 5559 Ecel
1012 5533 1026 5544 -
1080 5498 1209 5561 illusum
1224 5498 1256 5558 in
1285 5496 1495 5576 disputando:
1526 5497 1587 5557 hoe
1615 5512 1754 5573 namque
1794 5494 1903 5556 docuit

205 5591 272 5665 siae,
314 5593 448 5673 dignum
486 5595 638 5679 posteris.
669 5595 874 5656 Peseneetinm
916 5596 1026 5678 quibpe
1081 5598 1291 5677 Hieronymus
1316 5595 1501 5676 praeiatioue
1528 5595 1561 5656 iu
1589 5593 1777 5656 Psallerium
1807 5610 1899 5655 suum
