3878 6150
771 354 879 409 LIBER
897 355 1064 411 tsvtrrct.

844 589 986 651 rustris

454 746 789 911 LIBER
880 748 1369 917 VAIECRA

741 1014 794 1069 QUI
819 1013 925 1062 GRAECB
948 1016 1073 1063 bremun

679 1137 1128 1233 LEVITICUS.

84 1469 129 1539 (Τ.
148 1470 175 1535 1,
192 1468 225 1524 Β.
244 1468 266 1537 l,
283 1470 313 1524 c.
327 1467 350 1534 1,
373 1466 438 1540 dap.
453 1468 475 1522 1.
490 1468 499 1540 )
521 1467 642 1524 Vocovit
657 1472 756 1525 autem
773 1469 884 1534 blesen.
897 1470 926 1538 Α
940 1468 1050 1525 edundi
1080 1467 1185 1538 celent,
1201 1472 1421 1544 ennlringetque-
1436 1472 1559 1531 ascelina
1573 1473 1648 1545 eius,
1660 1479 1688 1530 et
1700 1491 1758 1531 non

56 1556 880 1627 etlocntnsestoeDominusdetubernoculoteetimonii‚

52 1646 162 1702 dicens:
181 1650 314 1718 Loquere
329 1645 399 1702 filiis
414 1644 513 1712 isreel,
528 1650 558 1702 et
571 1646 650 1703 dices
660 1646 697 1702 ed
715 1662 775 1703 eos:
787 1646 880 1704 Homo

54 1735 96 1807 qui
106 1733 295 1806 obtuleritssex
305 1733 387 1790 vobis
399 1732 525 1790 boetiam
537 1735 660 1791 Domino
668 1735 704 1790 de
714 1734 879 1806 pecoribus,

55 1822 138 1879 idest
153 1824 195 1879 de
210 1823 308 1878 bubos
323 1827 352 1878 et
367 1823 470 1879 ovibus
486 1824 610 1880 offerens
626 1824 771 1895 victimae,
788 1824 813 1880 ei
828 1823 880 1881 be·

56 1910 221 1968 incaustum
250 1912 339 1967 tuerit
368 1912 433 1982 ejus
462 1912 581 1982 oblatio,
612 1929 645 1968 ec
670 1913 705 1970 de
732 1920 877 1981 armento,

10 2026 12 2037 ·
55 2000 217 2058 masculum
230 1999 454 2056 immaculatum
466 2001 567 2057 ederet
577 2001 613 2057 od
623 2002 730 2057 ostium
741 2003 877 2057 taberna·

54 2090 104 2145 culi
119 2089 302 2155 testimonii,
318 2090 355 2145 ed
373 2088 553 2161 placandum
566 2089 624 2147 eibi
640 2089 808 2159 Dominum,
825 2107 876 2162 po·

939 1556 1218 1623 secabit,.neclerro
1234 1558 1345 1616 dividet
1371 1576 1446 1629 eam,
1471 1565 1499 1616 et
1518 1561 1646 1617 adolebit
1670 1577 1759 1633 snper

937 1642 1040 1712 altere,
1058 1644 1148 1717 lignis
1165 1646 1232 1717 igne
1248 1649 1411 1720 supposito.
1438 1648 1646 1705 ltoloeouetum
1671 1655 1760 1706 estet

934 1731 1047 1789 oblatio
1063 1734 1231 1791 suavissimi
1248 1737 1346 1792 odoris
1360 1738 1494 1794 Domino.

970 1822 1049 1894 (Cup.
1068 1823 1116 1892 ll.)
1129 1825 1235 1880 Anime
1253 1841 1320 1880 cum
1344 1824 1483 1882 obtulerit
1508 1826 1687 1883 oblationem
1710 1828 1752 1897 (b.

934 1911 1069 1982 munere)
1081 1913 1372 1983 socriliciisbomino‚
1385 1913 1483 1970 simila
1493 1915 1548 1971 erit
1557 1916 1622 1986 ejus
1632 1916 1751 1985 oblatio,

932 2000 1095 2070 fundetque
1111 2016 1201 2073 super
1216 2017 1280 2057 eam
1297 2002 1405 2069 oleum,
1421 2009 1449 2060 et
1464 2009 1552 2075 ponet
1562 2003 1642 2074 tbne,
1656 2022 1689 2062 nc
1702 2005 1753 2061 de-

932 2088 1004 2144 leret
1015 2089 1049 2143 ed
1067 2088 1244 2146 liliosAaron
1257 2092 1432 2162 sacerdotes,
1443 2107 1568 2164 quorum
1580 2109 1658 2148 unus
1669 2093 1753 2150 tollet

56 2184 157 2250 netqne
173 2193 300 2234 manum
316 2194 406 2250 snper
419 2183 506 2250 caput
519 2178 633 2247 boetico,
648 2181 676 2235 et
691 2179 877 2252 acceptabilis
931 2175 1076 2248 pugillum
1094 2176 1213 2248 plenum
1231 2179 1335 2235 similer
1351 2184 1379 2236 et
1393 2180 1459 2245 olei,
1475 2196 1508 2236 ae
1523 2184 1618 2237 totum
1631 2182 1712 2251 tbue,
1724 2188 1753 2238 et

54 2269 101 2323 erit
118 2272 213 2339 etque
228 2266 259 2322 in
276 2267 472 2340 expletionem
488 2268 553 2338 ejus
562 2267 727 2341 proficiens.
740 2267 875 2324 Immole·
931 2266 1200 2338 ponetmemoriale
1215 2268 1418 2340 superabere,
1434 2269 1463 2324 in
1480 2270 1596 2326 odorem
1610 2270 1751 2328 suavissi-

55 2354 149 2429 bitqne
160 2353 291 2412 vitulum
306 2372 404 2412 eorem
420 2355 564 2413 Domino:
581 2355 702 2413 oderent
718 2355 875 2412 filiiAeron
931 2370 1011 2409 mum
1028 2355 1149 2411 bordino
1163 2373 1170 2410 :
1182 2357 1258 2427 quod
1275 2361 1375 2414 eutem
1392 2357 1518 2430 reliqum
1535 2359 1623 2415 inerit
1646 2361 1682 2416 de
1703 2377 1752 2416 eo·

55 2445 222 2501 aceolotee
238 2444 413 2516 sanguinem
429 2445 504 2516 cjue,
520 2444 676 2502 tundentes
700 2461 751 2516 per
775 2444 877 2501 elterie
929 2443 1050 2513 criticie,
1066 2443 1122 2499 erit
1136 2448 1232 2501 Acron
1248 2450 1277 2500 et
1291 2446 1419 2502 illiorum
1435 2448 1511 2517 ejus,
1526 2453 1661 2504 sanctum
1681 2466 1750 2505 eun·

56 2533 223 2600 circuitum,
240 2533 317 2603 quod
334 2535 379 2589 eet
395 2536 463 2588 ante
477 2532 586 2605 ostium
600 2532 800 2590 tabernaculi:
825 2534 875 2588 de·
930 2532 1087 2587 ctorumde
1097 2532 1298 2589 oblationibus
1313 2535 1517 2590 homicidum
1528 2541 1625 2592 entem
1638 2537 1751 2595 obtule·

56 2624 208 2694 tractaque
222 2619 298 2692 pelle
312 2620 428 2687 bustiae,
443 2627 525 2677 urtne
539 2621 569 2677 in
593 2622 685 2678 irueta
701 2621 874 2687 concident.
929 2619 970 2674 rie
988 2619 1164 2677 sacrificium
1181 2627 1297 2678 coctum
1312 2622 1343 2679 iu
1359 2623 1485 2690 elibano,
1496 2624 1531 2679 de
1542 2624 1751 2697 simile,pnnee

53 2715 80 2763 et
92 2709 257 2780 subjicient
270 2709 300 2764 in
317 2709 400 2764 altari
416 2709 525 2782 ignem,
548 2714 628 2767 strue
643 2711 791 2783 lignorum
811 2719 876 2765 ante
930 2707 1043 2765 scilicet
1058 2709 1170 2781 absque
1185 2711 1339 2776 termento,
1355 2728 1531 2784 conspersos
1545 2712 1617 2779 olen,
1634 2719 1663 2769 et
1673 2713 1752 2786 lage·

52 2798 230 2870 composite,
246 2802 275 2853 et
289 2798 432 2867 membro,
457 2814 519 2870 que
545 2815 620 2855 cese
645 2803 725 2868 eunt,
748 2799 876 2870 desuper
889 2822 914 2887 B
929 2812 967 2852 na
983 2797 1158 2869 nzymuoloe
1174 2797 1226 2854 lita
1242 2817 1249 2855 ι
1263 2800 1288 2856 ei
1305 2800 1416 2857 oblatio
1429 2806 1480 2857 tuo
1495 2801 1583 2858 inerit
1597 2802 1633 2858 de
1656 2808 1752 2858 sorta·

52 2887 236 2958 ordinantes,
251 2886 494 2958 caputvidelicet,
510 2890 539 2942 ot
560 2891 665 2944 cuncto
689 2905 753 2959 que
777 2888 874 2943 edhae·
927 2885 1007 2957 gine,
1023 2884 1128 2940 simile
1144 2902 1310 2959 consperso
1337 2888 1401 2944 ntee
1420 2893 1448 2944 et
1463 2889 1572 2960 obeque
1595 2890 1749 2961 termento,

53 2982 115 3034 rent
124 2975 236 3048 jeremi,
248 2973 397 3032 intestinis
412 2978 442 3031 et
456 2975 579 3045 pedibus
590 2974 658 3032 lotie
670 2976 875 3048 equo:odole·
926 2972 1039 3030 divides
1070 2990 1134 3031 enm
1165 2975 1351 3040 minutatim,
1381 2982 1410 3034 et
1438 2978 1544 3034 lunden
1567 2994 1656 3051 snper
1683 2994 1749 3036 eom

58 3065 161 3137 bltqne
176 3080 212 3120 ea
228 3064 367 3119 sacerdos
381 3080 470 3136 super
484 3062 574 3120 oltare
591 3064 833 3120 inholocauetum
846 3070 875 3121 et
926 3060 1032 3118 oleum.
1047 3062 1097 3118 Sin
1114 3069 1212 3119 autem
1229 3066 1265 3120 de
1277 3063 1417 3122 craticule
1440 3067 1527 3122 luerit
1550 3068 1747 3125 eacriilcium:

10 3216 14 3227 ,
57 3170 177 3211 ederem
202 3152 481 3209 odorem·Domino.
506 3154 587 3220 Quod
614 3152 639 3210 si
663 3154 698 3209 de
722 3154 875 3226 pecoribus
926 3166 1007 3222 oque
1029 3150 1128 3207 simila
1153 3152 1216 3208 olen
1238 3158 1460 3226 conspergetur,
1477 3156 1749 3226 quamciteresbo·

54 3242 161 3300 oblatio
178 3247 236 3309 est,
252 3243 289 3298 do
303 3241 418 3307 nvibus,
431 3242 492 3298 eive
502 3243 537 3298 de
547 3242 643 3313 capris
657 3242 874 3312 holocaustum,
928 3241 1020 3308 utilio,
1034 3242 1153 3296 trudens
1169 3242 1308 3298 manibus
1324 3244 1495 3301 eaeordotis.
1511 3244 1565 3311 Qui
1580 3260 1648 3300 cum
1663 3245 1750 3302 obtu-

55 3330 223 3389 muculum
241 3332 263 3400 ¹,
278 3330 390 3401 absque
406 3330 520 3386 maenia
532 3331 642 3387 offeret:
654 3330 875 3403 immolabitque
926 3327 994 3383 ierit
1007 3344 1086 3397 enm,
1103 3329 1183 3386 tollet
1200 3330 1414 3388 memorialede
1430 3333 1616 3401 eserillcio‚et
1624 3333 1751 3391 adolebit

54 3422 87 3476 ad
101 3419 308 3485 lamentaris,
320 3420 397 3490 quod
406 3420 525 3492 respicit
535 3421 570 3475 ed
582 3419 764 3492 Aquilonem,
776 3436 873 3475 eorem
927 3433 1017 3487 super
1028 3416 1129 3488 altere,
1137 3417 1166 3474 in
1175 3419 1292 3475 odorem
1301 3421 1455 3477 suavitatis
1465 3422 1598 3492 Dumium
1606 3422 1749 3495 quidquid

54 3509 187 3566 bomine:
204 3507 875 3582 sangninemveroillluelundenteuperoltore
932 3514 1029 3561 autem
1047 3505 1193 3579 reliquum
1214 3513 1268 3575 eet,
1293 3511 1350 3565 erit
1372 3512 1467 3565 Aaron
1482 3515 1513 3567 ot
1532 3509 1659 3567 liliorum
1676 3512 1752 3582 ejus,

55 3598 103 3654 lllii
117 3603 217 3656 Aaron
235 3613 285 3669 per
294 3595 463 3664 circuitum,
475 3597 664 3670 dividentque
674 3600 815 3667 membra,
825 3614 875 3655 ca·
933 3598 1067 3650 nunctum
1083 3601 1254 3652 cunctorum
1266 3594 1508 3654 deoblstionibue
1518 3598 1752 3656 Domini.0mnie

10 3698 12 3767 j
55 3693 103 3759 pot
117 3693 148 3744 et
163 3685 267 3745 omnia
291 3701 357 3758 queo
379 3685 529 3742 adbaerent
543 3686 646 3757 jecori.
671 3690 701 3742 et
725 3687 886 3764 imponent,
926 3681 1046 3750 oblatio,
1059 3701 1123 3755 que
1135 3684 1255 3742 ullertur
1270 3685 1405 3753 Domino,
1417 3687 1679 3759 abequelcrmento
1690 3688 1750 3753 llet,

10 3774 12 3829 l
56 3792 140 3848 snper
154 3776 249 3849 ligna,
264 3774 373 3847 qulbus
388 3773 590 3845 subjiciendus
609 3779 654 3830 eet
676 3774 775 3847 ignis:
800 3775 874 3831 inte·
927 3785 981 3826 nec
997 3770 1155 3843 quidquam
1171 3774 1306 3831 fermenti
1317 3791 1351 3830 oe
1368 3775 1463 3831 mellis
1479 3775 1647 3832 adolebitur
1660 3775 1750 3832 inss-

57 3866 130 3922 stine
143 3882 214 3923 aero
229 3869 259 3921 ot
273 3865 362 3938 pedes
377 3863 517 3921 levabunt
529 3865 767 3936 aquo.Etobtata
777 3864 877 3921 omnia
927 3858 1069 3915 crillcium
1079 3861 1213 3917 Domino.
1227 3861 1374 3919 Primitiae
1383 3867 1498 3919 tantum
1511 3879 1612 3920 eorum
1624 3863 1752 3921 offeretis

57 3955 182 4011 adolebit
196 3953 440 4027 secerdoesuper
454 3952 556 4021 altare,
572 3952 603 4008 in
628 3953 832 4010 holocaustum
847 3959 876 4009 et
927 3963 961 4003 ec
988 3964 1122 4004 munere:
1149 3965 1238 4021 snper
1264 3950 1357 4008 altere
1378 3966 1446 4007 vero
1468 3967 1525 4008 non
1550 3957 1698 4025 ponentur
1721 3952 1750 4008 in

57 4042 173 4099 odorem
189 4041 404 4099 suavissimum
418 4042 555 4097 Domino.
571 4042 599 4096 Si
610 4041 874 4108 autemdeavibue‚
927 4035 1047 4092 oderem
1078 4037 1241 4094 suavitatis.
1271 4037 1417 4111 Quidquid
1441 4038 1580 4096 obtuleris
1602 4040 1750 4106 sacrificii,

57 4128 233 4188 boloeouetu
245 4129 356 4186 oblatio
369 4129 457 4186 luerit
479 4130 613 4197 Domino,
637 4130 673 4186 de
697 4131 874 4197 turturibus,
929 4126 990 4181 sale
1006 4126 1136 4192 condies,
1154 4143 1206 4182 nec
1221 4127 1336 4183 auteres
1361 4127 1404 4184 eal
1432 4128 1549 4184 ioederia
1574 4128 1623 4184 Dei
1648 4129 1691 4185 tui
1716 4129 1752 4184 de

61 4226 106 4275 aot
120 4218 213 4292 pullis
229 4218 490 4287 columboe,olterat
503 4235 567 4274 eam
580 4219 715 4275 sacerdos
726 4220 760 4275 nd
773 4219 875 4287 altero,
890 4179 912 4248 C
932 4214 1076 4270 sacrificio
1089 4220 1149 4271 tuo.
1166 4216 1196 4269 ln
1210 4216 1289 4271 corni
1308 4215 1456 4272 oblatione
1482 4217 1576 4288 (vulp.
1598 4218 1663 4283 odd.
1689 4218 1751 4290 tue)

62 4315 86 4363 et
98 4314 209 4365 retorto
225 4307 262 4362 ad
279 4306 386 4364 collum
401 4306 508 4377 eapite,
525 4324 557 4362 ec
566 4312 651 4380 rupto
661 4307 791 4363 vulneris
802 4308 876 4375 loco,
932 4302 1095 4358 effereseel.
1105 4303 1155 4358 sin
1166 4307 1264 4359 entem
1277 4304 1419 4361 obtuleris
1432 4321 1541 4361 munus
1553 4306 1752 4378 primitiarum

66 4396 878 4468 decurrereteotetsanguinemsupererepidinemaltarie
932 4389 1050 4463 frugum
1066 4395 1187 4447 tuarum
1202 4391 1324 4448 Domino
1341 4394 1376 4447 de
1400 4393 1491 4465 epicis
1513 4392 1609 4450 sdbuo
1632 4394 1753 4450 virenti-

64 4484 750 4557 sesticolomveroguttnris.etplnmnsprojioiet
762 4490 879 4558 propter
931 4479 999 4547 bus,
1015 4479 1141 4536 torrebis
1155 4495 1205 4536 ees
1220 4479 1319 4551 (Vutq.
1336 4488 1391 4537 luc.
1408 4481 1467 4552 eas)
1483 4482 1553 4554 igni,
1570 4487 1599 4537 et
1623 4481 1753 4539 confrin-

68 4570 145 4630 iltare
158 4574 196 4629 ed
213 4571 386 4628 orientalem
401 4570 530 4644 plagam,
541 4572 571 4628 in
581 4571 645 4629 loeo
655 4572 685 4628 in
697 4589 755 4644 quo
766 4573 878 4629 cineres
932 4584 984 4640 ges
997 4567 1026 4623 in
1044 4583 1155 4624 morem
1171 4568 1269 4639 larris,
1282 4573 1311 4625 et
1326 4568 1368 4625 sic
1382 4568 1486 4626 olleree
1510 4569 1657 4641 primitias
1683 4575 1751 4628 tneo

932 4732 990 4782 eet:
1004 4727 1159 4782 masculum
1184 4725 1397 4783 immaculatum
1420 4726 1544 4795 adducet,
1573 4729 1645 4794 sive,
1659 4731 1754 4802 offeret

933 4799 1024 4854 iilum.
1038 4798 1112 4854 Huic
1128 4798 1243 4854 lectioni
1259 4798 1448 4853 consentiunt
1473 4798 1544 4854 Lxx
1566 4799 1752 4872 interpretas,

933 4874 961 4926 et
979 4873 1075 4925 textus
1091 4869 1311 4935 Samaritarum
1328 4869 1378 4924 eod
1402 4869 1516 4926 diversa
1542 4876 1754 4944 consequenter

934 4941 1119 5008 addiderunt,
1136 4946 1233 4996 textus
1255 4940 1372 5011 quidem
1400 4941 1479 4998 Sam.
1504 4941 1752 5006 immodestiam

933 5015 1107 5069 tubernaculi
1120 5012 1234 5068 adducet
1248 5026 1321 5078 eum,
1337 5016 1391 5066 etc.
1408 5011 1602 5103 Septuuqinte
1615 5030 1693 5079 vero,
1708 5012 1752 5068 καὶ

933 5082 1055 5152 ἐπιθήσει
1071 5083 1121 5151 τὴν
1134 5086 1215 5156 χιῖρα
1230 5079 1274 5134 ἐπὶ
1287 5086 1336 5150 τῆν
1352 5079 1476 5154 κτφαλην
1497 5087 1590 5151 αυτοῦ,
1616 5084 1670 5142 hoe
1695 5091 1751 5153 est,

66 5159 219 5215 ιιιὶειὶιιιιι
234 5166 261 5214 et
276 5157 500 5230 obsquemccutc
519 5158 623 5228 offeret.
638 5159 810 5215 Colbertinae
825 5175 879 5214 nu·
933 5166 960 5212 et
975 5157 1095 5226 imponet
1111 5170 1225 5210 menum
1239 5169 1321 5237 super
1334 5159 1414 5226 caput
1431 5155 1499 5224 eius.
1516 5155 1658 5213 Ceterum
1674 5172 1755 5213 error

66 5227 112 5285 bn
127 5228 316 5287 bibliothece
332 5244 404 5284 mse.
421 5233 492 5290 tres.
507 5245 572 5284 nem
595 5231 670 5295 etl,
687 5230 750 5300 157,
766 5235 795 5285 et
817 5231 882 5298 181,
934 5227 1109 5283 manifestus
1125 5231 1170 5281 eet
1184 5227 1214 5280 in
1225 5226 1364 5280 ommbue
1379 5224 1488 5282 Latinis
1506 5228 1656 5285 codicibus
1679 5244 1752 5286 mss.

54 5300 296 5373 ¹tnrrrnnotlorb.
313 5316 343 5354 n.
360 5303 387 5367 1,
412 5302 441 5354 et
466 5297 557 5355 altero
572 5247 601 5357 g.
630 5303 728 5357 Germ.
752 5301 877 5355 num.7.
934 5296 1752 5372 ubiexecriptoreeacoemetunnicutumpoeneruutpro

64 5371 94 5425 at
106 5370 339 5443 precedentium
354 5369 507 5426 lectionem
519 5371 642 5441 addunt,
657 5374 775 5443 Aquom,
785 5372 879 5436 idest,
933 5370 1055 5425 musculo
1067 5369 1128 5423 eive
1141 5369 1305 5423 consectum.
1323 5366 1416 5423 Mirer.

64 5434 155 5513 buoni
170 5443 228 5501 boc
243 5443 455 5512 medecanam
464 5441 631 5497 anniculum
639 5448 667 5498 et
675 5443 774 5515 nisque
783 5457 877 5496 mocu-
970 5470 1004 5479 —
1020 5439 1116 5494 Nostri
1131 5456 1200 5495 mse.
1216 5444 1244 5493 et
1259 5439 1368 5510 quibus
1384 5455 1455 5494 uene
1470 5443 1515 5494 eet
1539 5439 1672 5496 liertiae.
1697 5439 1756 5495 lere

67 5508 203 5585 honeret.
215 5515 260 5570 Ad
277 5514 416 5569 Bebraeue
432 5529 601 5583 neququam
616 5514 778 5582 hubet‚nec
793 5514 878 5568 unui-
899 5526 1040 5598 Domum
1068 5509 1168 5577 leuant
1193 5509 1398 5573 holocaustum,
1426 5509 1588 5564 cuniculum
1612 5515 1639 5564 et
1656 5510 1758 5581 ubsque

67 5584 315 5653 &nanterum
341 5582 466 5654 legimus
495 5588 527 5640 ut
553 5584 583 5640 in
611 5586 710 5653 editis,
736 5595 882 5645 :pinnen
938 5580 1258 5648 muculezaliiupuum
1277 5582 1451 5644 cuniculum,
1481 5585 1536 5634 cte.
1562 5581 1698 5637 ilebrneus
1720 5582 1757 5637 ad

65 5656 165 5750 'unp
188 5655 308 5717 zucam
330 5653 449 5711 thamim
470 5655 642 5729 iuerilennu,
668 5658 745 5729 quod
770 5655 882 5727 signiti-
939 5652 1068 5709 litterum
1084 5653 1239 5708 masculum
1254 5651 1463 5707 immacutatum
1477 5650 1574 5723 efferet
1594 5652 1694 5710 ittam.

94 4730 261 4787 *Undecim
280 4744 351 4786 mse.
368 4730 494 4798 codices,
511 4745 585 4802 ques
601 4730 631 4786 in
647 4730 702 4786 boe
717 4745 804 4803 opere
827 4732 877 4786 ud-

69 4803 201 4859 imueeim
212 4801 407 4869 contulimus,
417 4800 744 4875 duobuemodielegunt
756 4801 877 4857 bicloci.

69 4869 152 4930 bnon
169 4875 260 4931 Rebr.
286 4873 381 4940 uerit,
404 4873 564 4930 Bibliorum
590 4875 679 4930 codex
703 4872 744 4929 Re
766 4873 823 4942 iae,
848 4890 877 4928 n.

70 4940 137 5013 5⁶3,
151 4952 180 5001 et
195 4944 248 5001 alii
274 4948 403 5025 quotuor
419 4945 448 5001 S.
465 4944 613 5011 Germani,
629 4944 673 5002 vel
692 4889 879 5000 corbeiensis

69 5017 240 5079 martenii.
256 5031 300 5071 mc
316 5016 445 5071 habent:
462 5016 538 5085 Quod
553 5018 580 5072 si
590 5017 623 5073 de
635 5016 780 5089 pecoribus
803 5016 879 5071 obta-

68 5084 97 5140 t'e
120 5093 180 5152 eet,
204 5086 242 5142 ue
270 5087 378 5153 cuibus,
406 5087 466 5142 siue
493 5087 526 5142 de
553 5089 644 5159 capris
668 5088 878 5157 holocaustum,
