3878 6150
117 201 191 258 1073
585 159 588 164 ⁵
748 205 855 260 ninas
874 202 969 258 osan
988 202 1198 260 annonara.
1734 204 1825 263 inii
1909 186 1913 191 ’

152 331 182 382 et
197 323 342 395 concepit,
355 326 384 379 st
399 338 434 396 pa
457 322 512 379 erit
526 323 552 380 ei
568 323 672 380 lilium.
954 328 981 394 Α
1069 324 1169 382 vinum
1185 340 1284 382 meum
1299 325 1329 381 in
1345 328 1478 397 tempore
1492 342 1557 393 sno,

114 402 150 453 st
164 397 238 452 dixit
256 396 398 478 Dominus
413 338 454 450 ad)
466 410 559 451 sum:
904 419 907 424 ·
1033 403 1063 455 et
1078 396 1208 453 liberabo
1228 397 1326 455 lanam
1342 413 1437 454 meam
1461 401 1490 453 et
1513 396 1606 453 linum
1631 414 1821 473 meumque
1894 402 1897 407 ’

114 470 194 524 Voca
209 482 315 523 nomen
331 482 396 537 ejus
412 466 525 523 Jexrael
542 483 550 520 ε
1068 469 1240 540 operiebant
1253 469 1447 540 ignominiam
1463 471 1540 538 etus,

152 539 293 612 quoniam
311 538 407 593 adhuc
423 538 585 593 modicum.
996 539 1032 596 Et
1046 555 1125 596 nunc
1141 541 1272 597 revelabo
1299 541 1457 597 stultitiam
1473 542 1537 612 ejus
1553 540 1583 596 in
1598 541 1691 598 oculis
1706 549 1822 601 amato·

149 618 179 668 et
193 609 318 666 visitabo
329 611 505 682 sanguinem
521 607 631 665 lezrael
645 605 941 678 superdomumleu,
1068 627 1133 667 rum
1150 613 1215 682 ejus
1231 628 1237 666 :

150 688 180 740 et
194 681 347 753 quiescere
363 681 468 737 inciam
487 695 609 753 regnum
625 679 729 735 domus
745 675 832 733 lsrael
843 677 864 731 ¹.
1031 685 1061 738 ot
1075 683 1119 737 vir
1134 700 1190 738 non
1205 686 1289 739 diuet
1303 699 1366 738 earn
1383 682 1419 737 do
1436 699 1524 738 mono
1542 699 1608 739 mea
1624 701 1631 740 :

113 755 150 811 Et
175 755 205 811 in
231 753 277 809 die
300 752 351 809 illa
379 761 528 810 conteram
556 766 657 807 arcum
688 747 778 805 lsrael
808 747 838 802 iii
866 746 941 805 valle
995 752 1029 809 Di
1044 769 1160 809 cessare
1174 754 1280 810 luciam
1296 770 1383 809 omne
1396 755 1537 826 gaudium
1553 757 1629 826 ejus,

185 823 308 881 lezrael.
1030 824 1247 882 solemnitatem
1272 825 1348 897 ejus,
1365 826 1551 882 neomeniam
1570 827 1646 898 ejus,
1662 829 1820 886 sabbatum

113 897 149 952 Et
163 895 298 967 concepit
312 895 420 963 adbuc,
435 899 465 952 et
479 892 592 967 peperit
606 892 707 949 liliam.
1066 898 1141 968 ejus,

114 968 147 1024 lit
163 968 236 1023 dixit
250 967 276 1023 ei
294 983 300 1020 :
735 1033 740 1044 ‚
1029 971 1058 1023 ot
1073 967 1173 1023 omnia
1188 967 1262 1025 lesia
1279 971 1411 1039 tempora
1426 969 1501 1039 ejus.

112 1044 192 1095 voca
207 1054 314 1094 nomen
330 1038 411 1108 ejus;
425 1036 544 1107 Absque
559 1033 784 1116 misericordia:
993 1038 1027 1095 iit
1043 1054 1229 1110 corrumpam
1244 1039 1359 1094 vineam
1376 1040 1454 1110 ojus,
1469 1045 1498 1094 et
1513 1038 1599 1094 licum
1616 1040 1682 1113 ejus
1698 1059 1705 1098 r

149 1111 220 1183 quia
236 1127 291 1165 non
309 1111 413 1165 addam
430 1107 507 1164 ultra
521 1106 653 1163 misereri
667 1105 767 1161 domui
784 1102 883 1174 lsrael,
1029 1113 1065 1167 dd
1080 1111 1188 1183 quibus
1203 1110 1276 1165 dixit
1292 1129 1298 1165 ;
1315 1110 1462 1167 Monaedes
1476 1110 1521 1166 hae
1535 1127 1605 1166 meio
1622 1119 1701 1179 suni,

147 1183 197 1238 sed
214 1181 358 1237 oblivione
374 1180 531 1236 obliviscar
544 1193 658 1234 eorum.
1028 1199 1103 1255 quas
1117 1182 1262 1238 dederunt
1277 1181 1349 1237 mibi
1365 1187 1511 1238 amatores
1524 1182 1582 1238 mei
1600 1200 1606 1237 :

111 1255 145 1310 Et
161 1253 260 1311 domui
275 1254 351 1309 luda
366 1253 536 1316 miserebor,
992 1253 1026 1308 Di
1041 1269 1148 1326 ponam
1164 1269 1197 1309 ea
1213 1253 1266 1324 till.
1280 1254 1358 1326 eam)
1374 1254 1403 1308 in
1420 1253 1527 1309 saltum
1540 1256 1561 1321 ¹,

149 1331 178 1381 et
192 1324 309 1381 salvabo
324 1340 373 1378 eos
386 1322 416 1378 in
432 1322 557 1378 Domino
573 1325 628 1376 Deo
645 1337 699 1376 suo
716 1336 723 1374 ε
1027 1333 1056 1381 et
1070 1326 1203 1381 comedet
1218 1324 1270 1379 illa
1283 1325 1336 1390 (Al.
1353 1326 1431 1393 eam)
1445 1324 1540 1382 bestia
1554 1323 1627 1397 agri.

110 1397 144 1452 lit
161 1413 219 1452 non
234 1395 352 1451 salvabo
368 1410 418 1451 eos
434 1394 464 1449 in
480 1409 562 1461 arou,
578 1397 607 1448 et
620 1391 729 1464 gladio,
991 1396 1026 1452 Et
1041 1396 1165 1453 visitabo
1181 1411 1348 1468 supeream
1369 1396 1432 1452 dies
1447 1395 1571 1464 Baalim,
1587 1396 1695 1468 quibus
1711 1412 1815 1455 ascen·

147 1473 176 1524 et
190 1467 220 1522 in
237 1466 324 1535 bello,
341 1469 369 1522 et
384 1467 414 1521 in
429 1464 525 1536 equis,
541 1468 570 1519 st
584 1463 615 1518 in
630 1462 792 1535 equitibus.
1061 1468 1147 1524 debat
1161 1467 1326 1524 incensum.

109 1540 145 1595 Di
162 1537 320 1594 ablactavit
334 1553 408 1606 eam,
423 1552 487 1608 quia
502 1540 565 1592 erat
579 1533 690 1606 absquo
706 1533 917 1602 misericordia,
1025 1543 1053 1596 et
1068 1539 1228 1595 ornabatur
1243 1538 1344 1595 inaure
1359 1556 1424 1605 sua,
1439 1545 1467 1594 et
1482 1537 1586 1594 monili
1601 1556 1665 1606 sno,

146 1610 182 1666 Et
196 1609 329 1681 concepit
344 1613 373 1665 et
389 1607 502 1682 peperit
516 1606 621 1662 tilium.
1025 1616 1054 1668 et
1068 1610 1130 1666 ibat
1140 1615 1206 1681 post
1216 1615 1361 1667 amatores
1372 1626 1453 1682 suos,
1466 1615 1495 1666 et
1506 1611 1562 1667 mei
1576 1610 1814 1680 obliviscebatur,

111 1680 145 1736 Di
160 1681 236 1737 dixit
252 1697 259 1735 :
949 1680 973 1747 B
1059 1681 1130 1738 dioit
1145 1682 1287 1738 Dominus
1304 1698 1311 1736 :

109 1752 187 1810 loca
202 1767 307 1808 nomeu
323 1751 399 1821 ejus,
416 1748 479 1807 Non
495 1747 623 1822 populus
638 1762 722 1804 meus
738 1763 746 1806 ε
986 1753 1109 1826 Propter
1123 1753 1189 1823 boc,
1205 1769 1271 1809 ecce
1285 1768 1339 1825 ego
1360 1750 1474 1809 lactabo
1489 1768 1566 1819 eam,
1582 1756 1610 1809 et
1625 1754 1732 1811 ducam
1748 1771 1812 1812 eam

146 1825 217 1897 quia
230 1840 282 1880 vos
296 1839 354 1878 non
368 1819 495 1895 populns
510 1836 601 1888 meus,
1057 1825 1088 1881 ia
1103 1823 1293 1882 solitudinem
1311 1841 1318 1878 :

146 1902 176 1952 et
190 1911 244 1968 ago
259 1910 318 1950 non
333 1910 382 1950 ero
397 1898 502 1949 vester.
1021 1899 1050 1953 et
1066 1896 1169 1968 loquar
1182 1896 1218 1952 ad
1235 1913 1286 1952 cor
1299 1896 1375 1966 stus.

108 1968 144 2023 Di
160 1966 215 2024 erit
230 1982 371 2022 numerus
387 1963 513 2020 liliorum
525 1961 614 2020 lsrael
627 1961 711 2034 quasi
727 1978 814 2018 arena
830 1961 931 2033 maris,
984 1967 1021 2024 Di
1034 1968 1110 2024 dabo
1125 1967 1151 2024 ei
1165 1967 1306 2023 vinitores
1320 1966 1385 2038 ejus
1400 1981 1434 2021 ex
1448 1966 1549 2023 eodem
1565 1965 1639 2036 loco,

183 2055 248 2110 quas
263 2038 327 2094 sine
342 2051 483 2092 mansura
497 2041 553 2101 est,
1021 2045 1050 2096 et
1063 2038 1167 2096 vallem
1184 2039 1280 2096 behor
1293 2038 1329 2093 ad
1344 2038 1532 2122 aperiendam
1548 2053 1643 2109 spem,

146 2113 175 2166 et
189 2125 247 2165 non
262 2107 477 2164 numerabitur.
986 2111 1021 2167 st
1035 2115 1121 2167 canet
1135 2109 1175 2166 ibi
1186 2111 1271 2180 juxta
1287 2109 1350 2164 dies
1360 2109 1527 2180 juventutis
1542 2126 1613 2178 sus,

107 2181 144 2237 Di
158 2181 216 2237 erit
231 2180 260 2235 in
273 2179 337 2236 loco
352 2180 401 2234 ubi
422 2178 535 2235 dicetur
549 2176 602 2245 eis,
618 2176 680 2232 Non
697 2173 823 2248 populus
848 2191 931 2231 meus
1021 2187 1050 2238 ot
1060 2184 1147 2268 juxta
1161 2182 1224 2238 dieo
1240 2179 1422 2238 ascensissnlfl
1433 2196 1493 2236 ⁸⁰⁸¹
1508 2181 1544 2235 ¹¹0
1557 2183 1635 2236 “¹¹⁸⁸
1648 2181 1773 2256 AEssllsti·

181 2268 232 2307 vos
250 2267 257 2305 ε
986 2253 1134 2312 icteritia
1149 2253 1196 2309 die
1211 2252 1272 2317 illa,
1289 2251 1331 2307 ait
1343 2249 1487 2307 Dominus
1503 2267 1510 2306 ε

145 2324 261 2379 dicetur
275 2322 318 2378 eis
334 2339 341 2377 ε
357 2320 420 2376 Filii
436 2319 486 2377 Dei
503 2317 637 2375 viventis.
1021 2324 1134 2382 vocavit
1150 2340 1195 2380 ma
1212 2340 1219 2378 :
1235 2324 1286 2379 vir
1299 2337 1406 2378 maus:

108 2395 147 2451 Et
162 2394 419 2466 congregabuntur
430 2391 480 2447 lilii
492 2391 578 2459 luda,
590 2395 620 2446 et
634 2389 687 2445 lilii
699 2389 788 2447 lsrael
805 2389 931 2463 pariter:
1023 2401 1052 2454 dt
1065 2412 1124 2454 non
1139 2395 1253 2452 vorabit
1268 2410 1314 2451 ma
1329 2394 1416 2462 ultra,
1431 2392 1510 2449 Baali
1521 2394 1544 2447 ¹.

145 2471 174 2522 et
189 2469 300 2539 ponent
315 2464 432 2521 sibimet
450 2466 539 2536 caput
563 2478 663 2528 unum,
681 2465 710 2518 et
724 2463 885 2518 ascendent
897 2463 932 2518 da
986 2470 1022 2526 Et
1036 2470 1166 2525 auferam
1183 2464 1304 2523 aomina
1316 2464 1426 2522 Baalim
1444 2466 1480 2521 de
1495 2479 1544 2521 ore
1559 2463 1635 2534 ejus,

182 2544 262 2594 terra
278 2552 286 2591 t
1023 2545 1052 2596 et
1066 2556 1124 2596 non
1141 2537 1344 2595 recordabitur
1359 2536 1437 2592 ultra
1451 2535 1580 2593 nominis
1596 2550 1708 2591 aarum.

148 2610 218 2681 quis
233 2622 358 2677 magnus
373 2607 436 2663 dies
449 2603 570 2662 Jezrtel·
987 2616 1022 2669 st
1038 2608 1199 2684 percutiam
1211 2610 1253 2666 eis
1270 2608 1363 2664 loedus
1378 2608 1408 2663 ia
1423 2608 1470 2663 dia
1484 2606 1545 2674 illa,

110 2681 195 2754 (Cap.
212 2681 258 2750 ll.)
272 2679 365 2736 Dicite
377 2677 517 2735 iratribus
531 2674 635 2732 vestris
649 2691 655 2729 :
667 2673 796 2748 Populus
807 2692 891 2732 meus
908 2693 914 2731 :
1023 2699 1090 2739 eum
1107 2681 1200 2737 bestia
1215 2680 1287 2749 agri,
1304 2687 1331 2735 et
1346 2694 1412 2734 oum
1428 2677 1544 2735 volucre
1558 2677 1634 2742 coeli,

148 2756 177 2808 et
191 2751 284 2808 sorori
298 2755 403 2807 vestrm
419 2766 426 2803 ε
443 2747 673 2804 Misericordiam
689 2753 855 2804 consecuta.
1059 2758 1088 2810 at
1102 2769 1169 2809 oum
1184 2768 1215 2808 re
1238 2750 1281 2807 tili
1296 2755 1378 2806 terre
1395 2767 1401 2804 :

69 2862 72 2867 -
109 2823 247 2881 Judicols
262 2826 385 2879 multem
399 2826 540 2885 vetitam,
551 2817 683 2890 judlffllfl
699 2834 707 2872 ἓ
988 2825 1022 2882 Dt
1037 2840 1150 2894 arcum,
1161 2827 1190 2880 et
1199 2769 1380 2895 gradiumst
1391 2816 1502 2876 bellum
1512 2824 1663 2875 conteram
1675 2820 1710 2875 de
1721 2822 1810 2889 terra,

148 2895 288 2968 quoniam
311 2895 375 2966 ipsa
398 2908 456 2947 non
480 2907 554 2946 uxor
578 2894 708 2958 meas-et
730 2905 783 2964 ego
808 2905 866 2946 non
890 2889 936 2946 vir
1058 2899 1086 2953 et
1100 2895 1229 2951 dormire
1243 2909 1293 2952 eos
1308 2891 1413 2948 laoiam
1431 2890 1618 2947 fiducialiter.

183 2967 257 3039 ejus.
988 2969 1024 3025 ut
1038 2967 1184 3040 sponsabo
1199 2971 1227 3023 ts
1243 2964 1316 3021 mibi
1329 2964 1360 3019 ia
1376 2961 1588 3034 sempiternum
1607 2979 1613 3016 :

109 3039 232 3094 Auferat
246 3035 451 3093 fornicationes
465 3049 536 3090 suos
550 3049 567 3088 a
582 3032 654 3089 iooio
668 3048 732 3100 ouo,
948 3048 970 3115 c
1024 3043 1054 3096 ot
1068 3038 1215 3110 sponsabo
1230 3040 1260 3093 ie
1275 3035 1349 3092 mihi
1363 3033 1392 3091 in
1405 3033 1566 3107 iustitiam,
1583 3036 1611 3089 ot
1623 3031 1743 3102 iudicio,

147 3113 176 3165 et
191 3108 335 3165 adulteria
350 3123 404 3163 sna
418 3107 454 3162 de
469 3103 564 3160 medio
580 3105 703 3161 uberum
720 3119 854 3160 suorum.
1024 3114 1054 3166 at
1067 3111 1097 3165 in
1114 3107 1325 3176 misericordia,
1340 3112 1371 3164 et
1385 3105 1626 3162 miserationibus
1643 3121 1650 3159 :

111 3180 154 3239 Ne
168 3180 242 3236 lorte
257 3178 415 3252 exspoliem
429 3192 494 3234 eam
510 3175 633 3243 nudam,
988 3186 1022 3239 Et
1036 3182 1183 3255 sponsabo
1196 3184 1226 3238 te
1241 3179 1312 3236 mihi
1329 3179 1358 3234 ln
1375 3179 1431 3234 llde
1447 3194 1454 3232 :

146 3255 174 3308 et
189 3257 318 3308 statuam
330 3266 395 3306 eam
408 3249 571 3305 seeundum
584 3247 662 3303 diem
678 3245 841 3303 nativitatis
855 3264 935 3304 suu:
1024 3258 1053 3309 et
1067 3254 1143 3309 seiae
1159 3253 1229 3324 quia
1243 3268 1295 3325 ago
1311 3250 1466 3307 Dominus.

111 3327 147 3379 Et
162 3339 269 3396 ponam
283 3336 347 3378 eam
362 3320 447 3393 quasi
463 3318 664 3387 solitudinem,
989 3325 1023 3381 Et
1036 3325 1092 3381 erit
1106 3325 1136 3380 in
1153 3325 1200 3380 dte
1215 3322 1266 3379 illa
1283 3341 1290 3377 :

148 3399 178 3450 et
192 3399 320 3451 statuam
335 3409 399 3449 eum
413 3390 496 3449 velut
509 3395 618 3447 terrum
633 3389 754 3460 invium,
988 3395 1163 3461 Exordium,
1179 3394 1249 3450 dicit
1270 3392 1422 3460 Dominus,
1438 3390 1592 3448 exaudiam
1608 3388 1709 3459 coelos,

149 3470 179 3522 et
193 3465 368 3521 interficiam
383 3480 447 3520 eam
463 3464 492 3519 ln
509 3462 569 3518 sill·
1025 3474 1053 3524 st
1069 3467 1111 3523 illi
1126 3466 1284 3523 exaudient
1300 3468 1421 3521 terram.

115 3537 149 3592 El
164 3537 293 3592 liliorum
309 3534 391 3591 illius
405 3552 464 3591 non
478 3532 639 3590 miserebor
654 3549 661 3587 :
989 3539 1025 3596 ut
1039 3543 1116 3596 terra
1131 3537 1268 3595 exaudiet
1282 3535 1426 3601 triticum,
1439 3537 1469 3591 et
1483 3533 1597 3601 vinum,
1612 3538 1641 3589 et
1655 3532 1752 3590 oleum
1771 3549 1778 3586 τ

152 3609 292 3692 quoniam
309 3607 361 3663 filii
377 3606 604 3663 fornicationum
620 3609 701 3661 sunt.
1027 3611 1087 3667 hae
1103 3609 1261 3667 exaudient
1273 3607 1396 3664 lernaei.

114 3681 190 3745 Ouia
205 3681 403 3737 fornicataest
416 3680 636 3745 molossorum,
990 3684 1025 3737 st
1039 3681 1192 3738 seminabo
1207 3696 1271 3737 eam
1288 3678 1360 3734 mibi
1374 3678 1403 3732 iii
1419 3681 1507 3744 terra,

151 3751 274 3808 confusa
289 3756 334 3808 etl
349 3767 412 3822 quae
427 3749 561 3820 concepit
574 3762 623 3802 0⁰³
642 3763 648 3800 :
1026 3757 1054 3810 et
1069 3753 1232 3809 miserebor
1254 3751 1330 3821 ejus,
1346 3765 1410 3820 qua
1433 3747 1488 3802 luit
1511 3746 1622 3818 absque
1646 3744 1815 3801 misericor·
1925 3752 1929 3759 '

115 3824 189 3889 Onia
204 3822 277 3878 dixit
294 3838 300 3878 ε
320 3822 427 3878 Vadam
444 3824 510 3903 post
523 3822 671 3877 amatores
687 3833 778 3888 meos,
1062 3824 1120 3879 dia.

150 3895 202 3967 qui
219 3895 290 3951 dant
305 3909 397 3965 panes
411 3892 496 3959 mihi,
512 3896 541 3946 st
555 3906 648 3962 aquas
662 3905 752 3958 ineas,
990 3895 1025 3951 itt
1040 3895 1134 3950 dinam
1151 3909 1209 3948 aon
1234 3888 1342 3962 populo
1358 3905 1422 3945 mec
1440 3906 1446 3942 ε
1462 3886 1591 3959 Populus
1613 3902 1696 3943 meus
1710 3901 1742 3942 es
1757 3891 1787 3942 tu
1805 3902 1811 3940 :

149 3966 250 4022 lunam
267 3981 373 4032 metm,
389 3967 419 4021 θῑ
431 3962 525 4019 linum
541 3977 653 4028 meum,
1026 3966 1075 4022 etl
1100 3965 1223 4022 sedicet
1240 3980 1247 4017 :
1264 3967 1340 4018 Deus
1355 3976 1438 4017 meus
1452 3975 1484 4016 es
1499 3963 1530 4014 tu
1548 3975 1555 4012 ε

149 4038 247 4094 oleum
264 4052 374 4106 meum,
388 4039 417 4092 st
432 4042 533 4108 polum
550 4049 659 4089 menni.
990 4037 1040 4107 (do
1061 3983 1145 4107 lii.)
1161 4035 1196 4090 lit
1210 4034 1286 4090 dixit
1300 4031 1444 4090 Dominus
1458 4031 1493 4086 ad
1510 4046 1557 4113 me
1574 4046 1581 4084 :
1727 4099 1733 4112 .

114 4109 236 4181 Propter
251 4108 304 4164 boc
319 4123 385 4164 ecce
399 4123 453 4180 ego
468 4105 581 4189 sapiam
596 4104 671 4160 viam
688 4106 769 4159 tuam
785 4104 890 4177 spinis,
991 4053 1095 4164 siguo
1110 4107 1192 4172 vade,
1207 4110 1237 4162 et
1250 4104 1339 4179 dilige
1354 4103 1507 4160 mulierem
1524 4101 1659 4157 dilectam
1675 4115 1770 4156 amico
1785 4103 1814 4155 ot

150 4185 180 4236 et
195 4179 306 4251 sepiam
321 4195 386 4236 earn
402 4194 538 4243 maceria,
1063 4179 1225 4236 adulteram
1243 4194 1249 4230 ε

151 4255 180 4308 et
195 4252 315 4307 semitas
330 4267 399 4308 suas
414 4266 470 4311 non
488 4246 625 4305 inveniet.
1027 4251 1104 4308 sicut
1119 4249 1215 4321 diligit
1229 4247 1373 4304 Dominus
1390 4245 1467 4303 lilios
1482 4241 1581 4310 lsrael,

114 4322 149 4378 lit
164 4327 304 4394 sequetur
331 4324 477 4379 amotores
503 4334 584 4385 snos.
600 4322 628 4374 θῑ
651 4333 709 4373 110⁰
739 4317 939 4390 apprehendat
1026 4322 1126 4407 stipsi
1143 4319 1305 4392 respiciunt
1319 4320 1354 4375 ad
1370 4318 1441 4376 deos
1453 4316 1574 4383 alienos,
1586 4319 1615 4371 et
1628 4313 1758 4387 diligunt
1771 4311 1815 4368 ri-

188 4410 248 4459 cos,
1062 4409 1145 4449 narra
1160 4408 1295 4461 uvarum,

151 4469 181 4521 et
197 4469 380 4536 querelans,
395 4467 424 4520 et
438 4472 496 4519 don
512 4460 651 4529 inveniet,
952 4418 977 4483 D
992 4466 1026 4522 itt
1041 4466 1098 4521 lodi
1114 4480 1179 4521 sam
1195 4462 1269 4518 milii
1284 4460 1452 4534 quindecim
1470 4457 1642 4542 argenteis,

152 4542 181 4593 et
196 4537 274 4593 dicet
290 4553 296 4591 :
1027 4540 1056 4593 et
1069 4553 1136 4592 coro
1151 4533 1264 4601 bordei,
1280 4537 1308 4589 et
1323 4530 1445 4588 dimidio
1461 4547 1527 4587 coro
1543 4530 1654 4586 bordei.

113 4607 240 4673 Vadam,
256 4611 284 4663 et
300 4609 430 4663 revertar
443 4605 480 4661 ad
494 4605 589 4659 virum
607 4619 704 4659 meum
722 4602 848 4673 priorem
867 4619 873 4656 :
991 4608 1026 4664 Et
1040 4608 1099 4663 dixi
1115 4608 1228 4662 adeam
1246 4621 1252 4659 :

173 4679 222 4735 nia
237 4681 309 4735 bene
324 4677 397 4733 mibi
411 4680 475 4733 erat
489 4680 559 4731 tunc
574 4675 667 4759 magis
682 4690 771 4746 apuam
788 4689 876 4731 nuuc.
991 4680 1058 4736 Dies
1073 4678 1182 4734 multos
1197 4674 1380 4747 exspectabis
1396 4689 1441 4730 ma
1457 4691 1464 4728 ε
1527 4744 1533 4756 ·

113 4751 149 4807 Iti
186 4767 226 4807 ac
250 4750 384 4816 nescivit,
400 4748 470 4821 quia
493 4763 546 4818 epo
571 4747 637 4802 dedi
661 4747 688 4801 oi
714 4747 893 4801 trumentum
910 4749 939 4801 ct
1027 4768 1085 4806 non
1101 4747 1301 4814 fornicaberis,
1317 4752 1346 4801 et
1361 4762 1418 4802 nori
1435 4745 1493 4801 eris
1509 4761 1568 4801 viro
1586 4761 1592 4798 :

151 4823 254 4879 vinum
269 4826 298 4877 et
312 4820 422 4890 oleum,
437 4823 465 4876 et
479 4823 633 4890 argentum
650 4816 841 4888 multiplicavi
857 4816 894 4882 ci,
909 4820 939 4872 et
1027 4823 1077 4878 aed
1096 4826 1124 4877 ot
1139 4837 1192 4891 ogo
1207 4819 1381 4891 exspectabo
1397 4821 1435 4874 te.

189 4909 306 4963 aurum,
322 4908 386 4965 quae
402 4893 533 4946 lecerunt
546 4888 626 4945 Baal-
992 4894 1067 4960 Quia
1081 4894 1144 4950 dies
1160 4891 1268 4947 multos
1283 4890 1428 4946 sedebunt
1441 4885 1495 4942 lllii
1510 4888 1599 4943 Israel
1615 4886 1678 4942 sine
1697 4900 1772 4956 rege,
1785 4887 1814 4939 et

114 4966 227 5024 idcirco
242 4968 395 5022 convertar
407 4963 461 5032 (Al.
479 4961 629 5032 revertar),
1064 4965 1128 5021 eino
1144 4962 1284 5036 principe,

151 5043 181 5095 et
197 5052 313 5094 suniam
329 5035 511 5092 frumentum
525 5048 623 5089 meum
639 5032 668 5087 in
683 5036 815 5104 tompore
830 5047 895 5098 suo,
911 5033 940 5087 et
1028 5039 1059 5092 et
1073 5035 1137 5092 sina
1152 5032 1308 5101 sacrificio,
1324 5035 1353 5086 et
1368 5030 1431 5087 nina
1446 5028 1531 5086 altari
1542 5034 1563 5099 i,

153 5179 160 5215 ¹
178 5178 276 5235 Canon
291 5180 511 5240 San-German..
526 5171 560 5229 de
573 5172 651 5229 domo
666 5173 759 5228 lsrael.
778 5172 874 5230 Mssr.
1029 5178 1128 5234 ¹Saue
1142 5190 1282 5249 perquam
1300 5173 1413 5229 erudito
1425 5172 1618 5243 Hieronymus
1633 5171 1662 5226 in
1679 5185 1734 5225 suo
1748 5167 1819 5239 legit

152 5251 164 5286 ¹
180 5254 218 5305 Eo
234 5250 321 5306 modo
337 5247 407 5321 legit
430 5247 529 5303 Canon
554 5244 838 5300 San-Germanensis
853 5244 941 5300 casti·
994 5248 1135 5305 Hebraico
1151 5246 1310 5318 exemplari
1330 5257 1417 5305 rim
1433 5259 1545 5316 proeli.
1560 5258 1624 5315 quw
1649 5257 1728 5296 nunc
1743 5237 1818 5295 obli·
1932 5273 1937 5281 ·

113 5325 203 5390 gatus
217 5337 223 5376 :
237 5320 287 5378 alii
303 5337 376 5377 mss.
391 5318 501 5375 habent
515 5315 701 5383 femininum,
714 5333 777 5371 eum
793 5315 823 5371 iii
836 5316 939 5372 scotiam
995 5325 1055 5388 ast,
1070 5318 1223 5376 simillima
1243 5322 1329 5389 atque
1345 5314 1515 5372 earumdem
1532 5329 1635 5386 penem
1652 5312 1817 5368 litterarum

116 5402 145 5451 et
159 5394 281 5449 comedat
297 5408 370 5461 enm,
385 5394 440 5446 eto.
457 5388 549 5473 Mirr.
624 5458 629 5470 Ι
887 5459 893 5472 .
995 5407 1065 5448 voco
1079 5401 1171 5454 nstin.
1189 5390 1303 5473 Nempe
1319 5387 1370 5472 ³¹¹?
1387 5385 1483 5471 nitore
1496 5385 1654 5469 signifieat,
1670 5399 1728 5455 quo
1743 5386 1775 5438 ut
1789 5385 1819 5437 et

151 5465 163 5499 ⁸
177 5463 232 5520 Pro
248 5463 329 5521 Danti
342 5460 470 5534 legimus
493 5476 523 5514 in
550 5458 688 5514 omnibus
712 5473 784 5513 mss.
811 5459 919 5514 Baetim
930 5475 941 5520 ‚·
995 5461 1117 5533 reliquis
1133 5478 1205 5518 vera
1221 5461 1372 5531 religionis
1386 5461 1595 5514 instrumentis
1609 5458 1659 5511 diu
1675 5453 1817 5509 multum·

112 5536 193 5619 quod
209 5534 403 5607 exscriptores
417 5533 458 5616 ila
472 5531 674 5615 depravarunt¹
688 5533 807 5613 propter
821 5530 941 5600 imperi·
996 5550 1052 5619 qua
1068 5534 1204 5590 flabraeoo
1225 5533 1378 5596 oarituros,
1395 5531 1430 5585 ad
1443 5528 1593 5614 'prophete
1617 5531 1757 5588 mentem,
1774 5529 1817 5581 to·

112 5610 188 5663 tiam
214 5606 322 5679 linguae
345 5605 503 5662 Hebraico.
520 5602 606 5658 Booti
628 5618 707 5657 enim
732 5606 943 5673 interpretatur
995 5615 1113 5678 tiaeque
1127 5609 1294 5662 contextum
1316 5602 1476 5676 prophetia
1491 5601 1598 5656 dicitur
1614 5615 1620 5654 :
1637 5597 1740 5663 altera,
1756 5611 1818 5653 sive

114 5677 247 5734 domiuus
267 5694 357 5746 meua,
382 5692 446 5745 ssu,
462 5689 596 5745 virmero
612 5691 620 5727 =
636 5673 724 5729 idest
748 5672 851 5729 torem
874 5689 941 5730 me:
995 5687 1077 5741 noim
1093 5680 1179 5734 sonat
1199 5684 1330 5742 statuum,
1347 5688 1405 5746 quo
1430 5670 1569 5729 vocabulo
1593 5665 1817 5727 notaturidolo·

117 5750 231 5808 Doolim
244 5765 313 5808 vero
327 5763 434 5806 nomen
448 5750 493 5804 est
505 5743 727 5802 demoniorum.
741 5743 835 5801 Dian.
995 5747 1088 5805 latria
1102 5746 1273 5805 exercitium
1291 5763 1298 5802 ε
1314 5759 1409 5817 nequa
1433 5759 1520 5819 porro
1543 5745 1661 5801 credere
1685 5758 1735 5814 par
1761 5743 1823 5806 est,
1902 5770 1907 5775 -
