3878 6150
106 242 164 311 tar
624 255 654 307 s.
673 252 881 310 ninaouiui
899 252 1027 308 nimus
1044 252 1294 310 ambrosianos.

142 379 188 452 (Τ.
204 380 253 449 lll,
268 394 329 453 cup.
345 380 398 453 ll.)
412 377 729 452 Appropinqunverunt
743 382 842 435 autem
866 377 929 435 dies
942 378 972 448 Α
985 378 1067 436 dieas
1084 379 1233 437 Salomoni
1249 380 1310 454 regi
1322 393 1430 455 (neque
1445 380 1525 438 enim
1540 395 1648 454 negare
1661 378 1718 437 tibi
1733 397 1743 453 ι

107 467 198 526 Dauid
214 472 247 526 οι
269 473 441 535 moreretur,
467 469 663 542 precepitque
696 466 845 525 Salomoni
873 467 933 525 lilio
989 484 1076 541 quarn
1093 469 1243 542 potestth.
1269 471 1342 526 Nam
1365 486 1421 526 neu
1446 474 1556 527 avertat
1581 473 1685 543 (ocimu
1709 474 1743 527 tu

111 558 290 628 nundinans
306 574 313 613 :
330 557 387 629 ligo
402 558 552 630 ingredior
566 557 644 613 viam
670 557 813 614 universe
838 562 934 627 terra,
988 561 1022 614 ut
1036 559 1085 614 det
1099 558 1171 614 mihi
1189 558 1297 632 Abisag
1312 559 1486 617 Sunamiten
1503 561 1594 631 (Vulp.
1620 560 1743 617 Sunnml

111 648 284 716 contortnre,
300 651 329 703 οι
343 650 405 703 esto
420 647 474 704 vir.
501 648 537 703 Ει
559 647 683 704 observa
706 648 768 720 (mr.
791 651 858 709 etc.)
882 662 934 702 eu·
989 647 1035 704 liic
1048 651 1074 704 et
1087 647 1176 720 intro)
1190 664 1320 704 uxorem.
1337 649 1371 705 Et
1385 648 1425 704 nit
1446 649 1607 706 Bethsabea
1623 665 1629 704 :
1646 649 1737 721 Bene,

110 736 223 794 stedine
239 734 356 792 Domini
372 734 422 792 Dei
438 736 494 802 tui,
510 739 543 791 ut
557 735 692 792 ambules
707 735 739 792 in
754 735 810 792 viis
825 736 937 807 ejus‚ut
989 734 1095 807 loquar
1109 752 1160 808 pre
1176 742 1204 793 te
1218 736 1289 809 regi.
1305 736 1391 793 Venit
1405 753 1472 809 ergo
1488 737 1648 794 Dothenbee
1663 740 1700 794 nd
1714 752 1743 793 re

108 824 257 882 custodian
268 824 458 881 ceremonias
470 824 512 887 (h.
522 826 643 897 statuta)
657 826 733 897 ejus,
748 829 777 882 et
792 829 937 897 precepta
989 824 1186 896 Salomonem,
1203 833 1234 882 ut
1248 825 1417 898 loqueretur
1428 826 1454 882 ei
1478 843 1529 898 pro
1554 826 1676 895 Adonin,
1699 831 1729 883 et

109 914 187 985 ejus,
202 917 232 969 et
242 913 368 986 judicia,
382 917 411 970 et
425 913 603 984 testimonia,
626 915 704 970 sicut
727 915 869 987 scriptum
893 918 938 971 eet
991 916 1066 970 rexit
1082 931 1131 970 rex
1146 915 1175 970 in
1190 931 1347 971 occursum
1372 916 1447 987 ejus,
1476 915 1669 988 adoravitque
1692 931 1743 972 eiiii

109 1000 143 1058 in
157 1001 221 1075 lege
236 1001 322 1072 licei,
337 1006 371 1058 ut
384 1000 532 1075 intelligas
556 1003 691 1059 universa
713 1020 777 1075 qua
803 1003 886 1072 lacis,
910 1006 938 1060 et
992 1003 1068 1059 sedit
1083 1019 1173 1076 super
1187 1003 1326 1060 thronum
1343 1020 1432 1060 suum
1449 1019 1456 1058 :
1472 1004 1647 1076 positusque
1668 1007 1715 1060 est
1739 1008 1743 1059 Ι

113 1106 300 1164 quocumque
310 1094 339 1148 te
349 1091 471 1148 verteris
482 1109 489 1147 :
500 1095 532 1148 ut
547 1091 701 1148 confirmet
717 1092 859 1149 Dominus
875 1109 938 1149 ser·
993 1109 1050 1149 nus
1065 1094 1151 1149 matri
1168 1095 1257 1166 regis,
1273 1110 1337 1166 qua
1352 1093 1429 1150 sedit
1443 1094 1478 1150 nd
1494 1093 1642 1149 dextoram
1669 1093 1743 1164 eius.

113 1194 216 1237 mones
231 1196 312 1247 suos,
328 1196 402 1252 quos
417 1179 533 1237 locutus
548 1184 593 1237 est
607 1181 643 1237 de
667 1196 726 1252 me,
750 1181 852 1238 dicens
878 1197 885 1237 :
909 1181 938 1236 si
993 1178 1093 1251 xitque
1104 1180 1129 1235 ei
1144 1196 1150 1236 :
1163 1181 1335 1237 Petitionem
1348 1198 1438 1237 uuam
1451 1179 1602 1255 parvulam
1613 1196 1668 1255 ego
1678 1181 1743 1255 dep:

112 1268 307 1326 custodierint
319 1267 371 1324 tilii
386 1268 429 1325 tui
444 1269 521 1326 iiiam
537 1285 622 1326 suam
638 1270 660 1339 ²,
677 1275 706 1326 οι
724 1268 940 1327 ambulaverint
994 1272 1100 1335 alano
1114 1269 1278 1326 confundas
1293 1270 1335 1343 (li.
1352 1285 1389 1327 ne
1407 1271 1531 1341 avertas)
1543 1270 1646 1327 taciem
1663 1286 1743 1328 meai

114 1372 214 1414 eornm
228 1355 315 1413 mein
326 1355 457 1427 veritate,
472 1356 593 1414 inomni
604 1358 689 1413 corde
699 1374 765 1424 suo,
778 1364 807 1415 et
817 1358 847 1414 in
857 1359 939 1416 omni
994 1357 1133 1430 (meteret
1144 1358 1188 1430 ut)
1199 1358 1272 1414 dixit
1283 1359 1308 1414 ei
1321 1358 1568 1430 reszete,mater
1578 1375 1643 1416 mea
1658 1361 1730 1433 (ms.

112 1444 349 1517 animasun,non
365 1446 514 1502 nutaretur
528 1445 581 1502 tibi
596 1446 639 1502 vir
654 1448 690 1503 de
705 1446 777 1504 solio
794 1446 939 1504 Israelis
996 1446 1182 1518 nequeenim
1200 1447 1242 1504 las
1266 1452 1312 1504 est
1334 1452 1368 1505 οι
1392 1452 1521 1505 avertam
1545 1448 1649 1505 taciem
1673 1453 1743 1506 tuni

113 1550 232 1610 quoque
242 1534 321 1590 nosti
332 1551 396 1608 qua
406 1534 665 1593 ieceritmlhiloab
675 1535 940 1608 liliussarria,quaa
996 1533 1073 1602 Pete,
1089 1539 1185 1590 mater
1197 1534 1248 1593 mi.
1263 1536 1326 1592 Non
1342 1542 1470 1593 avertam
1496 1536 1599 1594 lactem
1622 1539 1733 1609 tunm).

114 1623 217 1682 iecerit
231 1623 347 1681 duobus
362 1622 543 1696 principibus
558 1624 701 1681 exercitus
717 1625 816 1696 lsrael,
841 1625 941 1682 abner
997 1623 1061 1679 nit:
1090 1622 1180 1679 Detur
1202 1625 1312 1681 Abinnb
1338 1627 1498 1683 sunamitis
1523 1626 1639 1683 Adonis
1665 1628 1742 1685 iratr

114 1711 942 1786 sslioNer,etAmassaefiliolether:quosoceidit,etetlu-
996 1728 1078 1768 uxor.
1096 1712 1318 1786 Responditque
1342 1732 1391 1771 rex
1415 1715 1565 1783 Salomon,
1589 1721 1618 1772 et
1642 1716 1719 1773 dixit
1739 1734 1743 1773 i

116 1802 161 1859 dit
182 1800 357 1874 sanguinem
383 1801 453 1859 belli
474 1802 504 1858 in
531 1819 610 1875 pace,
635 1807 664 1859 et
688 1809 786 1875 posuit
810 1820 942 1861 cruorem
999 1818 1059 1858 sua
1076 1818 1083 1856 τ
1099 1803 1193 1866 Quare
1208 1804 1342 1875 postulas
1357 1805 1468 1877 Abisag
1486 1806 1659 1862 Sunamitan
1684 1805 1743 1864 Adi

20 1958 24 1967 Ι
119 1890 212 1965 prelii
226 1891 257 1947 in
273 1891 368 1948 balteo
383 1907 448 1959 suo,
459 1891 510 1965 qui
526 1896 588 1948 erat
602 1892 680 1948 circa
695 1892 808 1949 lembos
823 1894 898 1966 etus,
915 1898 944 1949 et
999 1889 1113 1963 postula
1128 1891 1153 1946 ei
1170 1898 1198 1947 ct
1213 1908 1354 1964 regnum;
1371 1894 1436 1966 ipse
1455 1899 1500 1950 ast
1524 1895 1601 1950 enim
1626 1895 1721 1952 frater

117 1980 150 2037 in
161 1980 360 2038 calceamento
374 1982 519 2053 suo,quod
531 1981 945 2054 eratinpedibiieejus.l'aoies
999 1981 1094 2051 major
1109 1997 1166 2052 me,
1182 1987 1211 2037 οι
1223 1981 1313 2037 habet
1326 1983 1472 2039 Abiatbnr
1486 1984 1684 2052 sacerdotem,
1700 1989 1731 2042 et

121 2069 653 2143 ergojuxtnenpientiamtuam,atnon
665 2070 842 2144 deduceslh.
854 2072 943 2144 depo·
999 2068 1092 2125 silium
1106 2071 1212 2127 Sarviae
1226 2071 1268 2140 (li.
1283 2076 1311 2128 ct
1332 2075 1369 2139 ei,
1394 2078 1423 2130 et
1446 2072 1589 2130 Abinthar
1614 2076 1741 2131 sacerdo

17 2158 20 2163 ⁴
124 2161 189 2229 nes)
201 2158 339 2215 canitiem
354 2157 418 2228 ejus
431 2158 551 2230 pacillce
565 2159 601 2214 nd
618 2158 737 2215 interos.
752 2161 806 2215 Sed
822 2164 851 2215 et
875 2160 945 2217 siliis
998 2159 1071 2217 Jonb
1087 2159 1146 2216 tilio
1161 2159 1289 2230 Sarviae).
1304 2161 1320 2217 J
1325 2161 1420 2218 oravit
1434 2161 1534 2234 itaque
1549 2179 1599 2218 rex
1613 2164 1744 2221 salomei

122 2246 260 2306 Derzellai
273 2246 434 2304 Galaaditis
450 2247 554 2303 redden
568 2247 704 2320 gratiam,
727 2254 872 2322 eruntque
897 2266 945 2306 co·
999 2248 1168 2317 Dominum,
1186 2249 1306 2306 dicens:
1323 2250 1389 2306 Hac
1405 2251 1492 2306 iaciat
1507 2251 1580 2307 mihi
1601 2257 1688 2320 Deus,
1712 2257 1743 2310 et

121 2336 273 2393 medentes
286 2334 316 2391 in
333 2350 434 2392 menen
448 2339 498 2392 tua
523 2353 530 2392 :
555 2341 746 2393 occurrerunt
768 2338 847 2394 enim
872 2338 944 2394 mihi
999 2337 1100 2405 addat,
1110 2337 1176 2408 quia
1191 2342 1292 2395 contra
1306 2340 1436 2396 animam
1453 2357 1537 2397 auam
1554 2339 1673 2399 locutus
1685 2346 1733 2399 est

120 2425 239 2498 quando
250 2424 399 2496 lugebinm
410 2441 427 2480 n
437 2425 511 2481 facie
522 2424 661 2481 absalom
674 2426 773 2483 lrntrin
784 2427 836 2484 tui.
851 2428 945 2485 llnbes
999 2427 1064 2484 nias
1079 2428 1200 2484 verbum
1216 2427 1281 2484 hoc.
1298 2428 1331 2484 ut
1346 2445 1425 2485 nunc
1439 2431 1511 2485 vivit
1527 2430 1681 2494 Dominus,
1697 2446 1739 2504 qu

120 2530 235 2589 quoque
247 2515 324 2587 apud
336 2522 363 2571 te
373 2515 436 2586 (mr.
451 2517 523 2571 locet
533 2516 572 2586 te)
586 2515 682 2572 Semel
697 2515 791 2573 ultum
803 2516 876 2574 Gara
891 2519 947 2590 filii
1000 2515 1089 2572 mavit
1103 2532 1158 2587 me,
1175 2520 1204 2573 et
1227 2516 1380 2575 collocavit
1400 2519 1495 2591 (Veto.
1521 2519 1629 2575 addunt
1654 2520 1714 2592 me)
1739 2539 1743 2577 i

120 2604 164 2678 (li.
181 2620 239 2661 non
256 2603 352 2676 babet)
368 2602 472 2660 lemini
488 2604 524 2659 de
543 2603 694 2672 Daburim,
720 2606 769 2679 qui
795 2606 946 2665 maledixit
1000 2603 1107 2661 solium
1125 2605 1211 2661 David
1229 2606 1320 2678 patris
1340 2606 1408 2677 mei,
1433 2607 1485 2680 qui
1507 2608 1577 2665 lecit
1591 2607 1666 2664 mibi
1691 2609 1743 2666 dor

122 2693 197 2750 mibi
210 2692 567 2765 maledictionepessima,
581 2695 943 2766 quandoibamadcaetrn
1000 2694 1078 2750 sicut
1092 2692 1208 2751 locutus
1230 2700 1284 2766 est,
1314 2695 1382 2767 quia
1403 2696 1490 2753 hodie
1514 2698 1665 2755 occidetur
1687 2699 1743 2756 Adi

121 2781 345 2857 (b.llannnim):
362 2782 412 2838 sed
424 2782 495 2855 quin
504 2782 656 2839 descendit
666 2783 739 2839 mihi
749 2785 779 2841 in
791 2801 946 2842 occursum
999 2784 1045 2853 (Τ.
1062 2782 1124 2855 Vl.)
1139 2783 1277 2855 Misitque
1293 2801 1341 2839 rex
1354 2785 1489 2842 Salomon
1505 2801 1557 2858 per
1572 2803 1695 2843 menum
1712 2788 1743 2844 Dr

120 2887 188 2928 oum
201 2871 357 2929 tunneirem
365 2871 668 2942 lordenem,etjurnvi
680 2872 706 2929 ei
716 2890 770 2946 per
779 2874 947 2945 Dominum,
1002 2871 1053 2928 tilii
1068 2872 1189 2940 loindm,
1206 2874 1256 2945 qui
1281 2873 1428 2930 interiecit
1452 2890 1532 2946 eum,
1555 2880 1585 2932 et
1611 2880 1743 2933 mortuui

124 2959 227 3017 dicens
243 2976 250 3017 t
267 2959 331 3017 Non
346 2964 375 3017 te
394 2958 569 3016 interficiam
594 2958 690 3032 gladio
715 2978 721 3017 :
747 2965 778 3018 tu
804 2962 863 3018 noli
887 2963 948 3036 pati
1001 2960 1141 3017 Abiatbar
1176 2977 1293 3034 quoque
1321 2963 1464 3019 sacerdoti
1492 2963 1563 3020 dixit
1586 2979 1636 3021 rex
1660 2981 1667 3019 ε
1693 2967 1743 3021 Vnt

123 3062 190 3107 enne
204 3064 271 3106 eum
286 3048 449 3106 innoxium.
464 3047 515 3104 Vir
530 3051 628 3106 autem
644 3051 763 3123 sapiens
778 3067 819 3119 es,
829 3056 860 3109 at
873 3052 948 3109 ecies
1002 3049 1151 3106 anathoth
1167 3051 1203 3106 ad
1221 3067 1325 3124 agrum
1342 3052 1577 3122 tuum,equidem
1592 3053 1635 3109 iir
1652 3054 1741 3111 morti

125 3154 190 3210 qun
205 3137 307 3209 lacios,
332 3138 518 3210 deducesque
538 3137 580 3210 (h.
606 3139 746 3212 depones)
770 3156 859 3197 canos
882 3123 983 3213 ejusC
1003 3137 1053 3193 ned
1069 3136 1156 3192 hodie
1170 3143 1198 3193 te
1214 3155 1272 3193 nou
1288 3137 1472 3208 interficiam,
1488 3139 1558 3211 quia
1582 3140 1705 3212 portasti
1731 3157 1743 3198 a

125 3243 194 3284 cum
209 3226 354 3299 sanguine
369 3226 404 3281 nd
420 3226 579 3283 lnlernum.
595 3227 637 3287 (Τ.
654 3226 714 3297 lV.)
728 3228 870 3286 Dormivit
893 3230 949 3303 igi·
1004 3225 1118 3282 Domini
1129 3225 1180 3282 Dei
1192 3227 1232 3296 (b.
1247 3226 1365 3283 Domini
1380 3228 1508 3297 Domini)
1525 3244 1622 3285 coram
1638 3228 1733 3285 David

124 3320 176 3374 tur
189 3316 278 3373 David
295 3332 363 3373 cum
379 3315 513 3388 patribus
527 3316 612 3384 suin,
637 3320 666 3372 et
689 3316 824 3390 sepultus
848 3322 893 3376 est
919 3319 948 3375 iii
1002 3314 1063 3386 (ms.
1081 3315 1168 3387 patri)
1180 3331 1256 3386 meo,
1271 3320 1300 3371 ct
1308 3316 1478 3372 sustinuisti
1490 3314 1620 3373 laborem
1632 3317 1663 3373 iii
1674 3333 1743 3375 omn

125 3405 242 3463 civitate
257 3405 358 3462 David.
377 3404 442 3461 Dies
457 3409 556 3460 nutem
572 3404 680 3477 quibus
704 3408 836 3479 regnavit
846 3408 948 3482 [David
1003 3403 1033 3459 in
1047 3401 1155 3474 quibus
1169 3402 1313 3460 laboravit
1328 3408 1410 3476 pater
1426 3420 1520 3461 meus.
1536 3405 1628 3476 Ejecit
1650 3421 1721 3480 ergo

125 3511 215 3568 nuper
229 3493 330 3561 lsrael,
346 3493 544 3566 quadraginta
560 3494 629 3549 enni
651 3498 722 3551 eunt
747 3513 754 3552 ε
780 3496 809 3551 in
835 3497 948 3554 liebron
1004 3508 1072 3548 mun
1089 3492 1241 3561 abiathar,
1257 3497 1289 3547 ut
1307 3509 1364 3548 non
1381 3500 1456 3549 asaal
1479 3494 1615 3549 nacarios
1640 3493 1743 3553 Domin

125 3583 380 3658 regnavitseptem
391 3581 948 3657 anuistinJerusalem,tiigintntribus.
1004 3580 1284 3653 impleretursermo
1301 3581 1428 3650 Domini,
1444 3597 1531 3654 quem
1548 3581 1666 3639 locutus
1681 3588 1729 3641 est

125 3671 396 3731 Salomon¹nutem
413 3670 490 3729 sedit
504 3671 745 3744 superthrouum
761 3675 848 3731 Dauid
861 3676 951 3747 patris
1004 3671 1125 3726 domum
1143 3668 1205 3726 Heli
1220 3670 1250 3725 in
1265 3671 1529 3728 Silo.Venitnutem
1543 3671 1740 3731 nuntiusndl

125 3761 184 3831 sni,
199 3764 228 3819 et
242 3760 391 3817 tirmnlum
407 3764 452 3816 est
464 3776 588 3833 regnum
604 3762 668 3831 ejus
684 3762 783 3818 nimis.
799 3764 843 3834 (Τ.
855 3764 899 3836 V.)
917 3764 951 3820 lit
1005 3759 1082 3833 quod
1111 3759 1185 3816 Joab
1218 3759 1393 3816 declinasset
1427 3764 1493 3832 post
1524 3761 1679 3834 adoniam,
1709 3766 1740 3819 et

75 3895 79 3901 .
126 3848 280 3923 Ingressus
293 3848 422 3906 adoniae
437 3846 516 3905 tilius
530 3848 656 3922 llnggith
671 3850 708 3906 ad
720 3850 879 3910 Dethnnbee
892 3869 951 3909 mn·
1005 3847 1188 3904 Salomonem
1205 3865 1262 3904 non
1287 3848 1464 3905 declinasset
1481 3866 1487 3903 ε
1504 3849 1580 3922 fugit
1605 3866 1674 3923 ergo
1700 3850 1743 3908 lot

126 3942 201 3997 trem
212 3938 388 3996 Salomonis.
404 3938 472 4003 Oua
488 3938 560 3995 dixit
570 3938 594 3993 ei
611 3953 617 3994 :
634 3937 814 3996 Pacilicusne
830 3947 875 3998 ent
889 3942 950 4003 lma.
1005 3936 1227 3994 tabernaculum
1244 3936 1370 4005 Domini,
1386 3942 1415 3993 et
1430 3938 1625 4010 apprehendit
1640 3955 1734 3997 cornu

126 4036 196 4086 tonet
208 4028 265 4099 est)
279 4028 432 4101 ingressus
448 4026 593 4093 tuuleui
608 4028 758 4100 respondit
773 4044 781 4084 :
798 4030 951 4088 Pacificas.
1006 4027 1058 4084 ris.
1073 4026 1307 4099 Nuntiatumque
1322 4031 1367 4084 eet
1382 4028 1441 4098 regi
1456 4027 1617 4097 Salomoni,
1633 4029 1714 4101 qued
1741 4048 1743 4085 :

127 4117 308 4191 Addiditqus
324 4133 331 4173 :
346 4120 448 4173 sermo
463 4115 535 4173 mibi
551 4121 595 4173 est
610 4117 645 4172 nd
661 4121 700 4173 te.
722 4117 774 4173 Cui
799 4118 841 4175 ait
865 4137 872 4177 :
899 4121 952 4178 lc·
1006 4118 1051 4170 sei
1065 4114 1139 4170 Just>
1155 4114 1182 4170 in
1199 4115 1422 4171 tabernaculum
1447 4116 1565 4172 Domini
1593 4121 1622 4173 st
1647 4122 1728 4175 esset

126 4222 226 4279 quere.
242 4207 277 4263 Et
291 4205 341 4263 ille
356 4221 364 4261 τ
379 4206 434 4276 Το,
450 4205 547 4278 iuquit
563 4206 650 4274 nosti,
665 4206 744 4279 ‚quin
769 4224 867 4265 meum
891 4215 954 4267 crat
1007 4202 1109 4270 altare,
1125 4203 1263 4276 misitque
1277 4203 1413 4261 Salomon
1431 4205 1568 4261 Dauniam
1593 4205 1688 4262 tilium
1712 4206 1743 4265 Ji

126 4312 261 4369 regnum,
294 4301 324 4352 et
352 4310 398 4352 me
427 4300 626 4369 preposuerat
653 4295 715 4367 (ms.
751 4303 953 4371 proposuerat)
1008 4293 1108 4350 dicans
1139 4309 1146 4347 ι
1177 4294 1253 4349 Vade
1282 4293 1413 4349 interfice
1438 4310 1515 4350 sum.
1540 4295 1576 4351 ut
1599 4294 1663 4367 (ma
1690 4304 1743 4355 toci

128 4386 226 4445 omnis
241 4384 330 4442 lsrael
346 4386 404 4443 sibi
418 4385 448 4442 in
465 4386 639 4457 regemtsad
655 4386 832 4443 translatum
849 4392 894 4444 est
909 4406 954 4446 re·
1007 4382 1087 4437 venil-
1102 4382 1227 4439 Bantius
1242 4381 1277 4438 nd
1304 4381 1528 4438 libtrsstculflm
1554 4383 1681 4450 Domini,
1708 4389 1738 4442 θῑ

128 4492 230 4549 gnum,
245 4480 274 4532 et
290 4476 399 4531 lactum
414 4478 459 4531 ent
474 4473 572 4531 lintris
588 4474 661 4544 urei,
686 4492 703 4531 a
728 4475 849 4534 Domine
876 4479 954 4535 enim
971 4495 994 4560 D
1009 4472 1034 4527 ei
1052 4489 1058 4527 :
1077 4470 1141 4526 llaec
1157 4471 1227 4526 dicit
1243 4486 1292 4525 rex
1309 4488 1316 4529 ι
1332 4471 1485 4542 Egrederss·
1501 4472 1555 4538 Qui
1580 4472 1621 4528 ait
1638 4490 1645 4529 :
1662 4473 1726 4530 N0n

128 4563 323 4622 constitutum
339 4568 384 4621 est
407 4564 444 4620 ei.
469 4564 552 4619 Nunc
576 4578 646 4635 argo
670 4564 840 4637 petitionem
864 4584 954 4624 unum
1009 4560 1084 4628 dier,
1110 4561 1160 4615 ted
1185 4560 1231 4615 his:
1257 4560 1376 4616 moriar·
1403 4560 1594 4617 Renuntiavlt
1619 4563 1743 4620 Bennios

129 4654 302 4726 deprecere
317 4657 364 4723 ta;
380 4669 416 4710 ne
436 4652 599 4710 confundas
626 4653 729 4710 taciem
754 4671 860 4711 meam.
886 4659 955 4723 Quae
1010 4664 1187 4716 sermonem,
1204 4647 1305 4704 dicens
1321 4662 1327 4702 :
1343 4650 1409 4702 Hoc
1424 4645 1540 4703 locutus
1554 4652 1599 4704 est
1613 4650 1699 4719 Jonb,
1723 4665 1743 4706 a

130 4742 207 4801 dixit
221 4742 256 4801 nd
280 4758 348 4800 euin
365 4760 371 4800 :
389 4742 527 4815 Loquere.
552 4743 587 4798 lit
607 4741 657 4800 ille
681 4744 722 4800 nit
748 4760 755 4801 ε
781 4748 897 4814 Precor,
924 4752 955 4802 ut
1010 4738 1162 4810 respondit
1184 4736 1268 4792 mihi·
1295 4736 1428 4809 [ibitque
1452 4735 1478 4793 θῑ
1502 4741 1566 4806 (mt-
1587 4740 1659 4795 imi
1685 4738 1725 4810 οἱ)

168 4944 178 4981 ¹
194 4943 301 5017 Regius
317 4947 347 5000 et
360 4941 544 5000 corbeiensis
555 4942 671 4998 numlt
683 4942 859 5016 ingenuinus
871 4961 954 5003 meos.
1011 4936 1078 4992 lilii
1093 4934 1241 5007 depravati
1258 4938 1329 4991 ⁸¹¹¹st
1343 4933 1398 4989 ¹¹⁰⁰
1413 4934 1601 4991 m⁰d⁰³V⁶i⁶¹
1615 4942 1706 5018 (lilim
1722 4954 1740 4992 ἰ

131 5016 189 5073 tilii
205 5033 272 5073 cum
286 5014 342 5071 vul
366 5020 413 5072 ιιι
430 5013 607 5081 Latinarum
621 5016 820 5080 suaaouidnm
836 5016 955 5088 habeut,
1010 5009 1045 5064 titi
1057 5010 1241 5090 Summitti,
1257 5010 1312 5062 0²⁰·
1328 5009 1401 5061 Nflffl
1418 5021 1538 5061 Senium
1563 5007 1723 5091 similini&

130 5091 207 5147 cium
221 5104 320 5145 mom.
359 5103 446 5153 anon,
462 5094 494 5143 ut
509 5101 563 5141 nos
578 5085 735 5142 edidimus.
753 5087 843 5145 Minu,
1011 5095 1058 5136 ine
1073 5085 1276 5152 percipientes,
1293 5082 1435 5150 putarunt
1449 5094 1577 5134 errorem
1593 5096 1658 5136 esse
1673 5096 1699 5137 ni
1724 5078 1743 5136 u

167 5157 477 5233 -vuigfliiplurium
494 5173 617 5215 numer-0
635 5160 694 5213 eia,
719 5175 794 5215 auus,
823 5159 957 5216 concinit
1011 5151 1178 5208 turileult
1193 5156 1286 5206 aulem
1302 5148 1464 5206 nuntiusad
1478 5150 1553 5206 leel.
1570 5150 1743 5225 Beneigitui

130 5232 289 5291 veronens.
306 5247 361 5287 ms.
377 5247 443 5287 cum
459 5246 504 5302 eo,
521 5245 607 5302 quem
625 5228 765 5286 cononum
782 5235 864 5287 vocat
879 5230 956 5287 Mar.
1012 5223 1099 5279 nabat
1114 5222 1308 5294 Hieronymus
1325 5221 1353 5276 in
1369 5219 1545 5303 epistolaund
1563 5225 1743 5293 bucinum,11

130 5305 267 5362 tianeus.
1013 5296 1089 5351 bunc
1104 5310 1168 5350 esse
1184 5294 1384 5359 librariorum,
1399 5297 1432 5348 ut
1454 5293 1594 5361 scribant,
1618 5295 1678 5351 llloo
1701 5312 1743 5368 qut

167 5377 178 5411 ¹
192 5375 303 5433 Nomen
317 5374 462 5443 Salomon,
478 5371 514 5428 nd
532 5371 613 5444 regni
629 5372 694 5441 ejus
715 5372 875 5430 notandum
901 5374 957 5430 ini.
1010 5365 1136 5433 venium,
1148 5365 1195 5421 red
1209 5366 1279 5438 quod
1293 5366 1478 5436 intellionnt:
1493 5373 1519 5421 et
1537 5363 1603 5420 dum
1626 5366 1736 5424 alienos

132 5447 220 5514 tium,
233 5447 393 5505 Veronens.
410 5460 467 5503 me.
484 5442 575 5500 minio
591 5442 735 5501 distinxit.
1011 5455 1054 5494 rcs
1068 5438 1214 5494 euicudore
1228 5441 1368 5508 uitentur,
1384 5434 1528 5493 ostendunt
1542 5451 1614 5493 suos.
1632 5437 1725 5495 Miris.

169 5519 181 5553 ⁸
195 5518 259 5575 llno
273 5523 392 5592 excepto
407 5518 523 5574 Conone
546 5514 692 5573 llebrnican
717 5514 858 5584 veritatis,
883 5532 956 5573 mss.
1047 5510 1210 5581 -Optime
1226 5526 1344 5592 rursum
1360 5524 1427 5564 cum
1443 5508 1600 5593 lllnrtiniiai
1615 5510 1734 5567 Canens

136 5604 239 5649 omnes
254 5590 369 5649 codices
392 5588 578 5648 Notariorum
600 5604 634 5646 ao
658 5586 846 5647 librariorum
868 5587 958 5662 impa-
1013 5596 1097 5639 neiis.
1115 5598 1170 5641 me.
1184 5584 1215 5638 ln
1232 5581 1298 5639 aliis
1313 5597 1365 5654 pro
1379 5580 1570 5654 loob,invenit
1583 5579 1634 5639 ille
1648 5582 1743 5642 δοιοοι
