3870 6120
81 260 126 320 oo
222 267 225 275 ·
793 253 1099 318 erronuooruene.
1757 248 1797 323 to

84 391 139 450 ais
154 389 222 450 Dei
234 391 340 471 (Psoi,
355 406 481 469 nxxxm,
498 393 541 470 1),
556 394 586 449 et
599 387 741 468 reliquos
756 387 911 466 undecim,
927 389 954 457 Α
969 389 1026 449 sed
1039 389 1125 452 obelo
1138 397 1360 474 prenotatam.
1387 390 1482 453 libro
1510 391 1648 471 deniqne
1674 391 1797 454 decimo
1835 385 1838 389 ’

85 485 351 569 qrrinonhabent
375 488 499 559 titulos,
528 486 697 547 secundum
726 482 841 547 Hnilli
865 505 919 545 en·
974 489 1278 551 Commentariorum
1307 490 1340 550 in
1368 490 1482 550 isaiam
1512 489 1703 569 prophetam
1732 508 1795 551 narn
1899 484 1903 489 ’

79 585 447 667 positionem,ejusdem
468 585 579 663 Moysi
595 590 713 667 putot:
745 603 799 644 nec
826 582 918 643 dedi·
973 585 1065 647 aliter
1091 595 1183 649 vocet
1211 588 1414 649 Hebraeorum
1458 587 1663 667 exemplaria,
1700 606 1796 666 qnam

85 690 224 764 gnatur,
241 682 407 746 Hebraeam
417 684 613 767 Scripturam
630 683 838 764 interpretans
862 689 919 763 per
973 683 1070 746 libros
1085 686 1302 747 authenticos:
1320 687 1364 746 sic
1392 686 1476 746 enim
1505 685 1614 747 scribit
1642 686 1680 747 do
1709 690 1795 766 Apo-

87 783 224 864 singulo
252 782 333 863 loca,
362 782 442 866 quid
468 781 613 844 Hebraeis
648 781 803 860 uideatur,
834 780 918 840 inse·
972 783 1079 844 stolo:
1108 782 1330 864 Paraphrasin
1357 781 1454 857 hujus
1492 782 1674 858 testimonii,
1705 783 1797 864 qnasi

88 900 169 941 rere.
185 901 206 941 »
219 883 255 942 ln
278 880 341 943 lina
369 881 441 943 libri
470 880 599 942 secundi
628 879 769 958 ejusdem
798 879 917 957 Apolo—
972 877 1127 941 Hebraeus
1142 902 1178 941 ex
1192 879 1339 943 Hebraeis
1353 879 1510 961 (Philipp.
1527 899 1571 953 nr,
1588 881 1634 960 5,)
1660 881 1797 941 assumit

85 979 160 1057 giae,
177 979 218 1040 de
233 979 368 1058 Origene
397 979 526 1052 iterum,
558 983 590 1040 et
603 977 749 1056 Didymo,
766 981 798 1038 et
823 978 917 1036 Ense·
972 978 1132 1059 apostolus
1150 979 1272 1040 Paulus
1286 980 1325 1040 de
1338 977 1529 1039 authenticis
1544 977 1640 1039 libris
1667 977 1701 1038 in
1721 977 1797 1059 Epi·
1913 994 1916 1001 ’

84 1076 151 1151 bio,
185 1077 300 1139 asserit
342 1077 430 1157 ipsos
470 1077 652 1138 ludaeorum
695 1073 918 1136 translationes
971 1075 1053 1136 stola
1081 1097 1174 1158 quam
1203 1076 1316 1138 scribit
1343 1077 1386 1137 od
1417 1074 1606 1137 Corinthios
1634 1074 1687 1154 (II
1714 1075 1792 1139 Cor.
1906 1124 1908 1129 .

84 1175 282 1255 explanasse
297 1174 329 1236 in
355 1173 503 1236 omnibns
529 1173 594 1235 suis
621 1172 737 1246 libris,
769 1172 917 1252 qnodque
972 1190 1014 1248 ιιι,
1048 1179 1110 1252 tt).
1142 1177 1217 1238 Illas
1245 1195 1320 1255 ergo
1343 1175 1548 1237 Hebraeorum
1578 1174 1793 1254 primigenius,

84 1273 287 1354 praecipuum
313 1277 361 1334 est
389 1273 421 1332 in
450 1270 756 1333 commendationem
784 1269 915 1330 Hebrei-
968 1271 1175 1342 πρωτοτόκους,
1208 1276 1399 1355 Scripturas,
1416 1273 1481 1335 sivo
1510 1271 1611 1333 libros
1639 1270 1797 1333 authenti.

82 1389 127 1432 ce
157 1370 315 1443 veritatis,
345 1370 405 1432 hoc
432 1370 475 1430 ite
503 1367 668 1447 subjungit
697 1384 704 1428 :
735 1366 917 1448 Apostolici
970 1391 1022 1431 cos
1068 1372 1126 1434 sibi
1170 1372 1368 1452 comparavit
1407 1371 1571 1450 Origenes,
1610 1388 1690 1448 quos
1716 1370 1798 1432 tanti

81 1468 146 1527 oiri
161 1466 344 1550 Scripturis
359 1472 492 1527 utantur
508 1464 702 1527 Hebraicis:
729 1465 814 1546 ipsos
841 1472 915 1546 opo·
970 1469 1118 1543 feriebat,
1135 1477 1169 1532 ut
1184 1471 1308 1531 decimo
1332 1470 1526 1531 Strometum
1555 1485 1685 1530 suorum
1712 1467 1795 1530 libro

81 1564 231 1625 stoloset
254 1564 468 1646 evangelistas
497 1564 553 1625 hoc
579 1563 692 1633 secisse
713 1563 914 1645 perspicuum
970 1565 1048 1627 nihil
1066 1567 1280 1647 recipiendum
1306 1568 1427 1647 putarit
1454 1572 1568 1647 proeter
1596 1584 1634 1627 ee
1662 1584 1733 1646 quas
1760 1566 1793 1627 in

81 1668 138 1723 est.
166 1661 331 1723 Dominus
357 1667 449 1743 atque
476 1661 635 1741 Salvator,
666 1659 841 1741 ubicunqne
868 1680 914 1719 oc·
968 1664 1057 1724 libris
1073 1665 1233 1727 Hebraicis
1255 1666 1444 1745 legerentur.
1477 1664 1566 1727 Unde
1592 1664 1631 1724 de
1660 1663 1793 1726 historie

83 1760 160 1820 teris
177 1760 355 1842 Scrsptura
382 1760 534 1835 meminit,
564 1759 604 1821 de
627 1757 797 1821 Hebraicis
826 1757 1120 1829 oola-Bsusannae
1149 1763 1255 1824 aiebat
1280 1760 1366 1841 apud
1394 1761 1621 1840 Hieronymum
1664 1761 1695 1820 in
1727 1761 1790 1824 line

84 1857 227 1919 minibus
236 1858 331 1940 ponit
344 1857 492 1940 exempla,
508 1865 570 1920 etc.
585 1857 665 1926 Quid
680 1857 776 1935 igitur
799 1856 911 1917 mirum
968 1860 1272 1922 Commentariorum
1288 1860 1320 1920 in
1337 1858 1520 1920 Danielem:
1544 1856 1631 1935 Quia
1659 1856 1790 1920 Hebrcei

84 1957 202 2037 sipost
226 1957 396 2018 Dominum
426 1958 635 2029 salvatorem,
652 1960 724 2034 post
752 1954 913 2034 apostolos
966 1957 1132 2022 reprobant
1147 1956 1314 2019 historiam
1328 1955 1490 2035 Susanna,
1506 1955 1643 2016 dicentes
1657 1976 1724 2016 eam
1753 1956 1786 2017 in
1880 1973 1898 2019 ,·
1927 1944 1931 1951 ’

83 2053 358 2134 aterengetistes,
375 2054 554 2116 eudemum
573 2058 645 2133 post
671 2053 755 2114 viros
783 2058 911 2131 aposto·
965 2054 1115 2116 Danielis
1130 2055 1286 2117 volamine
1313 2075 1374 2115 non
1398 2052 1518 2127 haberi,
1534 2051 1677 2114 debemus
1705 2052 1787 2115 dili·
1854 2106 1856 2110 Α
1896 2090 1899 2095 ,

81 2152 170 2226 ticos,
204 2155 392 2214 Graecorum
420 2152 549 2212 Petrum
589 2150 811 2213 celebratiores
848 2151 910 2210 Ho-
964 2159 1076 2233 genter
1086 2153 1381 2234 inquirerenomina
1392 2148 1489 2226 σχίνου
1505 2149 1549 2204 aet
1565 2149 1672 2223 πρίνου.
1683 2150 1784 2231 (Dan.

79 2249 199 2311 breicis
228 2254 395 2311 uterentur
422 2248 603 2328 Scripturis,
633 2266 741 2310 cerum
773 2247 911 2310 auctori·
965 2269 1019 2323 ιιιι,
1036 2252 1085 2324 bt,
1103 2254 1165 2330 58),
1181 2273 1247 2334 quae
1261 2253 1372 2314 Latini
1385 2252 1502 2314 illicem
1516 2256 1546 2312 et
1559 2250 1723 2312 lentiscum
1740 2250 1787 2310 in·
1894 2328 1897 2335 .

79 2352 177 2408 tetern
232 2353 451 2424 agnoscerent,
503 2351 599 2427 etque
647 2346 688 2406 de
727 2345 908 2407 ludaeornm
965 2353 1187 2428 temeretantnr,
1204 2350 1234 2411 si
1243 2351 1310 2411 sint
1319 2349 1404 2434 apud
1413 2348 1576 2427 Hebraeos,
1587 2354 1617 2409 et
1626 2368 1718 2429 quam
1729 2345 1786 2409 ha·
1909 2340 1930 2349 ”

78 2443 248 2506 codicibus
262 2443 387 2505 divinos
415 2463 525 2506 sensns
553 2443 795 2506 scrutarentur?
823 2443 907 2505 idem
965 2444 1056 2506 beant
1069 2447 1302 2529 etymologiam,
1333 2454 1368 2509 ut
1395 2469 1414 2508 a
1437 2445 1538 2521 σχίνῳ,
1555 2446 1679 2525 scissio,
1710 2450 1739 2506 et
1766 2465 1785 2507 a
1910 2455 1916 2465 “

80 2541 224 2604 studium
254 2541 417 2604 Hebraieae
444 2542 616 2622 scripture
657 2541 689 2602 in
718 2542 909 2602 Adamantio
963 2542 1064 2617 πρίνῳ,
1080 2546 1186 2624 sectio,
1202 2547 1267 2606 sioe
1281 2552 1426 2625 serratio,
1443 2546 1569 2607 dicotur
1595 2544 1711 2625 lingua
1738 2563 1785 2605 eo·
1854 2526 1859 2539 ’

80 2639 590 2720 probetEnsebiusCaeseriensis,
610 2637 698 2706 Eccl.
728 2636 821 2698 Hist.
851 2638 907 2698 lib.
964 2663 1045 2704 rnm.
1066 2642 1163 2721 Quod
1177 2645 1279 2705 sinon
1295 2644 1404 2722 suerit
1418 2644 1587 2722 inventum,
1605 2641 1787 2703 necessitate

79 2755 121 2816 ιι,
137 2756 213 2817 cup.
230 2738 281 2811 16,
299 2736 414 2798 ubisit
428 2737 533 2798 atatim
562 2738 602 2799 eb
630 2736 740 2797 initio:
777 2734 908 2797 Tantam
963 2761 1113 2821 cogemur
1126 2746 1156 2800 et
1179 2761 1235 2802 nos
1263 2762 1367 2802 cortem
1396 2741 1588 2820 acquiescere
1615 2738 1784 2816 sententia,

74 2844 175 2916 porro
189 2855 299 2895 curam
315 2855 351 2895 ac
374 2835 579 2916 diligentiam
609 2833 641 2894 in
669 2833 791 2894 divinis
818 2832 908 2894 Scri·
964 2839 1020 2919 qui
1038 2837 1146 2900 Graeci
1159 2844 1280 2899 tantum
1301 2838 1453 2900 sermonis
1477 2837 1558 2898 hanc
1585 2836 1693 2899 nolunt
1720 2856 1786 2896 essa

77 2934 185 2999 ituris
192 2933 441 3015 perscrutandis
470 2930 638 2993 adhibebat
675 2929 846 3012 Origenes,
874 2935 909 2993 ut
963 2935 1128 3009 περικοπὴν,
1144 2957 1212 3019 quo
1238 2935 1381 2998 Graeoom
1410 2935 1520 2997 hoboot
1548 2933 1781 3015 etymologiam,

80 3028 276 3090 Hebraicam
304 3029 397 3091 etiam
424 3028 572 3109 linguam
600 3028 762 3099 didicerit,
792 3034 822 3089 ct
849 3049 906 3089 ou·
961 3040 991 3095 et
1006 3033 1196 3096 Hebraicam
1211 3056 1272 3096 non
1288 3034 1410 3096 habeat.
1434 3033 1573 3112 Quodsi
1587 3033 1659 3115 quis
1682 3037 1785 3093 osten.

82 3126 239 3187 thentr'cos
253 3126 491 3209 Scripturarnm
507 3126 619 3207 libros,
635 3126 807 3189 Hebraicis
828 3127 948 3200 scri-C
969 3132 1054 3194 derit
1067 3135 1204 3194 duorum
1233 3134 1366 3194 istarum
1392 3132 1539 3194 orborum
1564 3131 1731 3193 scissionis
1758 3139 1788 3192 et

79 3230 153 3308 ptos
168 3224 300 3298 litteris,
317 3225 375 3306 qui
387 3225 472 3306 opud
499 3223 623 3291 ludaeos
652 3223 815 3298 habentur,
846 3225 910 3286 sibi
964 3231 1115 3292 sectionis
1126 3232 1160 3292 in
1171 3231 1304 3293 Hebraeo
1317 3237 1401 3292 stare
1411 3229 1643 3311 ctomologiam,
1656 3234 1729 3289 tunc
1734 3236 1789 3310 po·
1881 3222 1885 3233 ’

81 3324 321 3405 ίθΜρΜΜῑΐ,
336 3322 385 3384 τά(
399 3321 588 3396 recepiret<
613 3318 757 3383 ’laniatore
786 3321 908 3398 iiim·
964 3330 1094 3390 terimus
1107 3330 1202 3391 etiarn
1217 3329 1298 3390 hanc
1319 3328 1515 3411 Scriptorum
1545 3328 1690 3410 cecinere.
1722 3327 1788 3388 Ibi·
1886 3327 1888 3331 ’
1922 3354 1930 3361 ·

85 3419 171 3492 pise<
201 3419 401 3495 πρωτοτῦπους
415 3420 507 3482 αὐτοῖς
519 3414 652 3494 'edoctos
675 3419 827 3495 στοιχείοις
845 3441 910 3497 ros·
963 3428 1034 3489 dom
1050 3429 1204 3490 nonnulle
1218 3427 1392 3490 edisserens
1406 3428 1446 3488 do
1460 3427 1562 3489 verbis
1577 3426 1659 3506 regis
1680 3425 1785 3506 Baby·
1907 3472 1911 3477 .

79 3519 144 3593 φὶς,
159 3523 256 3590 κτῆμα
273 3515 341 3572 ἴδιοι
359 3519 537 3589 ποιήσασθαι.
558 3518 779 3594 Anthenticos,
809 3521 907 3582 inter·
963 3525 1054 3598 lonis,
1073 3526 1174 3605 deque
1196 3525 1282 3587 idolo
1311 3525 1378 3587 Beli
1392 3525 1476 3605 apud
1492 3523 1693 3604 babylonios,
1713 3523 1784 3604 pul·
1894 3524 1902 3539 '

77 3623 170 3699 prato
210 3616 349 3698 valesio,
388 3623 481 3681 vocet
523 3618 679 3680 Eusebius
721 3617 906 3680 Judaeorum
961 3619 1037 3682 chre
1064 3620 1250 3681 sententiam
1281 3627 1493 3682 suamtuetnr
1512 3621 1696 3700 exceptione
1724 3619 1786 3681 heo
1847 3666 1855 3681 ,

77 3716 219 3794 codices,
261 3723 407 3798 respectu
449 3718 591 3780 omnium
648 3718 906 3790 translationum,
961 3716 1280 3799 subtili:H0equod
1290 3717 1456 3800 Scriptura
1480 3737 1563 3779 nunc
1590 3717 1690 3779 dicit:
1719 3720 1784 3778 Ex·

78 3816 176 3877 etiem
190 3816 431 3897 comparatione
446 3816 531 3877 iacta
544 3834 615 3877 cum
630 3815 774 3877 versione
797 3815 906 3876 LXXII
961 3816 1111 3878 clamavit
1135 3835 1212 3878 voca
1240 3835 1355 3896 magna
1383 3815 1483 3896 (Dan.
1514 3833 1569 3889 ιιιι,
1598 3815 1680 3896 il);
1710 3814 1785 3895 qnia
1854 3882 1856 3887 ,

77 3912 333 3976 translatorum.
356 3914 424 3986 Oua
451 3914 577 3994 quidem
608 3912 821 3994 appellatione
847 3933 905 3974 ιω·
960 3911 999 3974 dc
1023 3912 1195 3974 idololatra
1231 3918 1261 3973 et
1298 3913 1466 3993 ignorante
1506 3911 1609 3972 Deum
1650 3909 1782 3985 dicitnr,
1847 3949 1854 3959 ·

79 4012 210 4091 pissime
240 4013 367 4074 eosdem
397 4012 494 4074 libros
522 4017 655 4074 exornet
682 4011 903 4092 Hieronymus,
960 4011 1085 4071 videtur
1134 4009 1377 4072 observationem
1430 4015 1569 4071 nostram
1621 4006 1782 4069 subuerte-

77 4109 350 4190 utepistole132,
366 4109 577 4172 aevitatem:
613 4107 656 4170 Et
682 4108 838 4190 siquidem
872 4110 905 4170 in
959 4130 1004 4189 rc,
1020 4129 1082 4190 qua
1095 4108 1216 4169 andren
1231 4108 1436 4186 asseruimus,
1453 4127 1554 4168 nocem
1569 4126 1719 4188 magnam
1748 4104 1782 4166 in

76 4205 225 4267 historiis
264 4206 360 4267 aliter
388 4205 535 4268 haberent
561 4205 782 4289 Septuaginta,
810 4207 906 4268 aliter
959 4207 1078 4268 sanctis
1102 4211 1222 4267 tantum
1251 4206 1392 4288 reperiri.
1426 4204 1522 4283 Quod
1550 4204 1647 4266 soloet
1677 4203 1783 4282 facile

75 4303 240 4366 Hebraico
283 4306 410 4385 ueritas,
449 4309 620 4386 confugere
653 4310 833 4386 poteramus
863 4305 906 4365 ad
959 4306 1015 4388 qni
1043 4305 1123 4367 hanc
1149 4305 1314 4367 historiam
1345 4307 1377 4366 in
1405 4304 1488 4367 libro
1512 4304 1662 4367 Danielis
1698 4304 1783 4388 opud

75 4403 172 4464 solita
182 4402 352 4485 presidia,
368 4408 397 4463 ct
411 4423 511 4464 arcem
527 4402 648 4483 linguae
662 4407 763 4462 tenere
791 4423 903 4464 uerno·
958 4403 1108 4466 Hebraeos
1136 4404 1256 4465 dixerit
1282 4425 1344 4466 non
1373 4403 1493 4466 haberi.
1521 4403 1559 4464 Si
1586 4404 1657 4485 quis
1681 4409 1782 4464 aretem

76 4501 173 4562 culae:
189 4521 276 4561 nunc
296 4521 368 4561 nero
395 4521 464 4562 cnm
492 4506 521 4561 ct
549 4501 650 4582 ipsrnn
678 4498 906 4563 Anthenticum
920 4503 946 4571 D
957 4504 1097 4586 potnerit
1123 4523 1188 4563 eom
1216 4502 1386 4585 approbare
1400 4523 1466 4563 esse
1480 4502 1518 4562 de
1536 4500 1676 4582 Conone,
1709 4507 1784 4562 turec
1861 4543 1864 4549 ·
1904 4570 1907 4575 ,

77 4605 103 4657 et
128 4599 238 4660 ceteri
253 4599 437 4680 interpretes
460 4598 537 4681 pari
560 4598 748 4659 auctoritate
774 4619 905 4660 consen·
959 4602 1158 4685 quaerendum
1174 4607 1221 4662 est
1235 4602 1314 4682 quid
1336 4602 1367 4662 ei
1393 4600 1577 4684 respondere
1604 4599 1779 4664 debeamus.

77 4697 169 4772 liant,
185 4717 249 4758 non
266 4695 300 4757 in
315 4695 497 4778 Scriptura,
513 4697 570 4757 scd
595 4696 628 4757 in
651 4715 743 4757 sensu
772 4702 819 4757 est
838 4698 905 4775 dis·
958 4703 1004 4764 lix
1034 4701 1083 4762 his
1112 4700 1311 4762 manifestum
1342 4700 1432 4761 nobis
1455 4706 1514 4767 est,
1544 4698 1709 4778 origenem
1738 4700 1784 4762 ite

74 4794 219 4868 ficultas.
238 4793 390 4857 Similiter
405 4794 497 4876 epist.
515 4797 573 4856 135
588 4794 628 4856 de
655 4795 782 4875 psalmo
811 4813 905 4869 ,soxa-
958 4797 1121 4860 Hobreicae
1158 4797 1283 4859 veritati
1311 4797 1493 4876 accesisse,
1525 4803 1558 4858 ut
1586 4797 1665 4858 nihil
1692 4805 1782 4859 extre

75 4895 198 4972 gesimo
242 4893 379 4974 septimo
425 4892 596 4955 nonnullos
646 4892 817 4956 versiculos
871 4894 903 4955 in
957 4898 1118 4959 canonem
1160 4896 1364 4958 Hebraomm
1408 4896 1558 4975 recipcre,
1601 4895 1681 4957 nihil
1718 4915 1781 4957 non

75 4991 217 5053 modium
248 4989 421 5064 adducens,
452 4990 534 5053 hanc
572 4991 811 5071 castigationem
840 4991 904 5055 illis
959 4994 1150 5056 Hebraioum
1188 4993 1357 5055 detondere
1396 4992 1542 5055 voluerit.
1587 4997 1653 5055 Neo
1695 4999 1782 5054 vetet

73 5089 225 5151 adhibuit
238 5088 331 5158 iuxta
345 5089 439 5150 tidem
455 5089 609 5151 librorum
633 5090 900 5153 authenticorum.
958 5093 1043 5174 quod
1065 5093 1216 5173 scriptum
1231 5093 1271 5154 ab
1286 5111 1323 5154 eo
1352 5091 1487 5171 legimus
1513 5092 1547 5153 in
1577 5091 1711 5171 epistole
1739 5088 1779 5151 ad

76 5186 159 5249 Cum
171 5187 234 5247 iste
249 5186 437 5267 versiculus,
453 5187 568 5266 inquit,
584 5188 690 5270 magis
716 5187 828 5250 habere
847 5189 901 5249 de·
957 5191 1171 5266 Airicennm3
1201 5191 1275 5271 quie
1303 5191 1450 5272 prudenti
1485 5191 1615 5253 oonsilio
1650 5187 1780 5249 usitatos

72 5284 139 5346 beat
148 5285 250 5365 Juxta
267 5282 459 5347 Hebraicam
475 5285 645 5360 ueritatem,
668 5289 800 5349 Centate
823 5290 900 5361 neo,
955 5288 989 5351 in
1017 5288 1156 5351 Ecclesia
1184 5289 1323 5362 codices,
1348 5290 1581 5369 vulgatumque
1609 5286 1777 5348 lectionem

72 5384 204 5446 Psattite
231 5384 366 5447 Domino
393 5383 498 5466 (Psal.
527 5400 624 5462 ιιιιιι,
652 5386 718 5466 33),
759 5390 789 5446 et
816 5383 903 5447 illud
956 5388 1186 5469 Sariptnraead
1213 5388 1455 5452 aedificationem
1486 5386 1598 5468 plebis,
1629 5383 1731 5445 noluit
1759 5402 1779 5446 a

72 5482 158 5564 quod
178 5481 325 5564 sequitur
365 5484 399 5545 in
419 5482 584 5566 princioio
613 5503 721 5545 uersus
752 5482 897 5562 alterius,
954 5485 1143 5548 Christianis
1193 5487 1354 5569 repudiari
1403 5490 1553 5564 tanquam
1600 5480 1779 5544 adulterine

71 5581 204 5644 Psettita
230 5584 307 5659 Deo,
336 5601 398 5644 non
427 5580 472 5642 sit
494 5579 528 5642 in
561 5577 657 5643 libris
695 5582 897 5666 authenticis,
953 5584 1181 5661 additamenta,
1199 5590 1255 5648 eut
1270 5585 1438 5648 mimorum
1468 5585 1536 5642 arto
1564 5585 1725 5644 contexte.
1741 5583 1777 5642 In
