3878 6150
110 113 176 168 669
803 115 907 169 taretia
927 117 952 168 11
968 112 1160 168 SAMUBUS.
1776 110 1830 168 670

109 243 223 296 nutem
238 238 323 297 Asael
335 238 483 306 emittere,
493 239 565 312 quin
580 242 684 313 egeret
705 254 785 296 eum.
801 239 946 296 Rursum-
961 236 1064 306 Atilia
1080 237 1144 307 tja.
1161 236 1298 310 Dixitque
1310 237 1487 296 lllsboseth⁸
1500 238 1536 295 ad
1549 238 1644 295 tbuer
1656 254 1663 295 :
1675 236 1828 306 Quaraiu·

107 327 317 401 qualecutus
332 333 378 386 ast
391 328 489 386 Abuer
502 330 539 386 ad
553 328 638 386 arcet
656 346 662 384 :
680 331 802 400 Recede,
825 327 884 384 noli
901 344 948 383 me
1001 342 1122 398 gressus
1137 342 1168 382 es
1184 328 1220 383 ad
1237 328 1431 384 concubinam
1448 327 1541 401 patris
1556 326 1634 383 mei?
1654 325 1708 393 Qui
1734 325 1828 382 iratus

108 417 219 489 sequi,
245 433 282 473 ne
310 417 471 491 campellar
493 418 649 475 confodere
674 425 702 474 te
727 419 757 473 in
785 422 904 486 terram,
920 424 949 472 et
1003 415 1092 470 nimis
1108 415 1828 488 propterverbaflisbossth,ait:Nunquideaput

105 503 220 562 levare
238 522 296 562 uon
312 512 413 577 potere
427 507 531 565 taciem
547 523 642 563 meam
667 507 704 564 ad
727 506 800 563 Jeab
826 507 947 562 tratrem
1002 505 1084 559 canis
1095 519 1147 575 ego
1161 520 1227 559 sum
1249 504 1524 562 adversumludam
1536 505 1632 573 bodie,
1647 503 1826 575 quitccerim

108 600 219 651 mum.
233 595 288 661 Qui
303 596 406 652 audire
425 596 612 668 contempsit,
628 600 657 653 et
672 595 767 652 noluit
789 593 947 651 declinare.
1002 590 1234 648 misericordiam
1245 609 1334 665 super
1346 593 1478 649 demum.
1492 592 1535 665 [b.
1548 592 1634 649 bodie
1644 591 1699 648 leci
1714 591 1828 647 miseri·

116 684 164 757 [Τ.
181 683 358 757 cxxxvii]
375 686 522 741 Percussit
549 701 602 759 ego
628 702 696 741 eum
724 685 822 741 Abeer
847 700 949 740 auersa
1002 679 1132 736 cordium
1147 696 1237 753 super
1260 681 1393 752 domum]
1409 680 1479 736 Saul
1496 680 1589 754 patris
1604 680 1659 750 tui,
1684 683 1714 736 et
1737 694 1827 750 super

118 772 212 829 basta
226 774 256 828 iu
271 772 441 844 inguiuc,at
454 774 613 831 transfodit
628 790 694 830 eum
712 775 774 844 [ms.
786 777 857 829 meet
867 774 945 843 eum]
1003 769 1107 824 iratres
1118 773 1147 824 et
1159 769 1307 841 proximos
1318 769 1394 840 ejus,
1408 774 1437 825 et
1455 786 1512 825 neu
1526 768 1649 826 tradidit
1658 772 1687 825 te
1696 767 1725 824 iu
1735 783 1826 823 manu

117 865 149 917 at
179 866 318 918 mortuus
346 865 392 919 est
419 862 450 917 iu
478 863 581 919 eodem
608 861 672 918 loco
689 880 696 918 :
712 877 873 934 omnesque
897 861 947 932 qui
1002 856 1153 913 David:et
1178 864 1210 913 tu
1236 858 1387 930 requisisti
1403 858 1432 914 in
1449 859 1588 930 mequod
1613 873 1749 928 argueres
1773 872 1825 929 pro

119 949 295 1006 transibant
310 965 362 1023 per
391 950 604 1022 locumiuquc
632 951 777 1007 ceciderat
804 949 890 1006 Asael
919 955 949 1006 et
1003 944 1308 1002 mutiersbouis‘tflec
1319 947 1408 1003 iaciat
1420 948 1499 1003 Deus
1510 948 1616 1017 Abusr,
1627 945 1726 1002 etbsc
1737 945 1826 1000 addat

120 1044 262 1095 mortuus
276 1044 349 1106 erat,
361 1039 575 1097 subsistebant,
588 1040 835 1112 persequentibus
850 1042 948 1094 autem
1002 1031 1040 1101 ai,
1052 1031 1109 1088 uisi
1120 1033 1267 1103 quomodo
1277 1032 1389 1104 juravit
1398 1033 1543 1090 Dominus
1554 1032 1654 1101 David,
1666 1031 1710 1088 sic
1720 1030 1825 1087 faciam

120 1126 198 1184 Joab
213 1132 245 1184 st
257 1127 357 1185 Abisai
376 1128 536 1202 fugientem
562 1129 656 1184 Abner
678 1129 721 1200 [h‚
747 1134 815 1201 post
829 1127 947 1199 Abnerh
1002 1132 1070 1173 cum
1085 1135 1131 1188 ee,
1142 1124 1175 1175 ut
1189 1122 1384 1179 transferatur
1399 1137 1524 1196 ragnum
1540 1123 1576 1178 de
1592 1122 1680 1177 demo
1695 1119 1777 1187 Saul,
1796 1122 1826 1174 ct

122 1215 165 1273 aot
182 1216 335 1283 occubuit,
348 1221 378 1273 er
392 1223 536 1274 venerunt
564 1234 660 1290 usque
686 1218 723 1274 sd
739 1217 848 1274 collem
865 1233 948 1289 aqua
1003 1205 1133 1264 elevetur
1146 1209 1271 1266 thronus
1286 1210 1376 1267 David
1392 1227 1481 1283 super
1495 1211 1598 1275 lsrael,
1609 1215 1639 1266 et
1664 1225 1753 1281 super
1773 1208 1825 1266 lu·

124 1305 245 1372 ductus,
261 1307 313 1379 qui
329 1311 376 1362 est
403 1322 438 1364 ax
460 1308 582 1364 adverso
604 1306 689 1364 vallis
712 1307 827 1363 itineris
841 1307 948 1363 deserti
1003 1296 1084 1363 dam,
1101 1302 1303 1371 alienusque
1329 1300 1503 1357 Ber-Sabae.
1530 1301 1565 1357 Et
1580 1316 1638 1356 uon
1664 1297 1758 1370 potuit
1778 1313 1825 1355 re·

124 1394 154 1450 in
169 1393 301 1451 Gabaon.
317 1394 550 1470 Congregettqus
572 1401 643 1453 gunt
665 1395 718 1451 filii
735 1396 887 1468 nonjamin
912 1396 947 1451 ad
1003 1386 1146 1456 spondere
1162 1388 1187 1442 ei
1204 1388 1377 1461 quidquam,
1393 1389 1462 1462 quia
1477 1389 1627 1444 metuebat
1640 1386 1734 1443 illum.
1746 1385 1826 1444 Misit

125 1484 235 1552 dhaer,
267 1489 297 1540 at
319 1484 486 1558 conglobati
515 1485 771 1557 [macougrrgati]
796 1486 826 1540 iu
856 1500 948 1540 unum
1003 1476 1310 1547 ergotbnernuutios
1334 1478 1370 1534 ad
1397 1477 1484 1533 David
1500 1493 1552 1550 pre
1563 1494 1593 1534 se
1607 1477 1719 1533 dicens.
1735 1476 1826 1546 Cujus

127 1588 265 1642 cuneum,
280 1575 467 1631 steterentin
483 1575 656 1631 summitate
671 1574 776 1630 tumuli
793 1574 891 1630 unius.
912 1574 948 1628 Ει
1003 1571 1048 1620 est
1061 1568 1138 1620 terra
1148 1566 1162 1620 ‘l
1173 1566 1208 1622 ut
1223 1572 1254 1622 ut
1269 1566 1536 1638 loquerenturzllao
1547 1583 1662 1623 mecum
1679 1564 1825 1622 amicitias

127 1658 407 1717 exclamavitdbner
426 1664 461 1717 ad
483 1662 555 1718 Joab
571 1667 601 1719 et
615 1662 657 1718 ait
672 1678 679 1717 :
696 1662 772 1718 Num
796 1677 889 1734 usque
912 1662 947 1716 ad
1004 1652 1047 1725 [b.
1063 1653 1180 1724 sindual,
1205 1660 1234 1711 et
1257 1655 1313 1712 crit
1324 1672 1431 1712 manus
1447 1672 1512 1712 mea
1523 1660 1630 1724 tecum,
1647 1654 1824 1711 elreducam

130 1739 359 1798 internecionem
389 1747 459 1799 tuus
479 1743 597 1815 [buon
623 1743 704 1800 laici
737 1743 817 1815 tuus]
847 1757 949 1798 mucro
1004 1743 1040 1798 ad
1064 1748 1092 1798 te
1122 1745 1291 1800 universum
1322 1744 1421 1802 lsrael.
1452 1746 1507 1812 Qui
1536 1743 1824 1816 ait20ptirue:ege

128 1829 286 1886 deseviat?
299 1847 337 1886 au
353 1830 471 1904 ignoras
487 1833 564 1905 qued
587 1832 752 1906 periculosa
780 1834 817 1889 sit
845 1833 950 1903 despe-
1002 1833 1098 1888 tecum
1115 1833 1218 1889 iactam
1233 1833 1379 1890 amicitias
1405 1834 1445 1906 [b.
1460 1834 1565 1906 ioedus]
1592 1834 1641 1890 sed
1658 1848 1747 1889 uuam
1763 1846 1824 1887 rem

128 1918 224 1975 ratio?
244 1919 341 1992 [ban
368 1920 487 1993 ignoras
515 1922 595 1993 qued
624 1939 742 1979 amarus
770 1924 826 1979 erit
853 1921 946 1988 duim}
1003 1926 1100 1992 petua
1117 1930 1154 1992 ts,
1179 1922 1377 1979 dicens:Neu
1394 1922 1506 1979 videbis
1517 1923 1619 1979 taciem
1632 1925 1823 1989 meam,aute·

127 2021 280 2080 usquequo
293 2025 352 2065 nou
367 2010 442 2066 dicis
470 2011 590 2083 populo,
618 2016 651 2067 ut
674 2011 790 2067 omittat
812 2011 946 2083 persequi
1001 2025 1091 2082 quam
1108 2012 1265 2068 adduxeris
1284 2010 1391 2069 Micbol
1416 2011 1506 2067 tiliam
1517 2012 1597 2079 Saul,
1614 2017 1643 2068 et
1657 2012 1700 2068 sio
1713 2010 1822 2079 venies,

126 2093 228 2151 iratres
240 2112 324 2168 suos,
352 2103 381 2154 ct
408 2099 450 2154 ait
478 2099 551 2155 Jeab
568 2116 575 2156 2
593 2100 667 2158 vivit
691 2101 766 2156 [teus
781 2099 806 2156 si
829 2098 946 2156 locutus
1000 2103 1029 2155 st
1041 2100 1153 2155 videbis
1168 2116 1224 2156 me.
1237 2100 1425 2157 Misitautem
1438 2101 1528 2157 David
1542 2101 1710 2158 nuntiusad
1723 2097 1825 2156 Hisbo·

125 2181 230 2241 luisses
244 2201 332 2243 mane
349 2188 518 2244 recessisset
541 2188 667 2261 populus
693 2188 943 2261 persequeuslra-
998 2188 1064 2245 seth
1091 2188 1185 2245 illium
1210 2189 1281 2246 Saul
1310 2190 1412 2247 diceus
1429 2208 1436 2247 :
1454 2191 1551 2247 Redde
1581 2206 1700 2246 uxorem
1729 2203 1823 2245 meam

127 2275 194 2328 trem
210 2290 312 2333 suum.
338 2275 471 2333 lnsonuit
485 2294 551 2349 ergo
580 2278 654 2334 inab
671 2277 806 2344 buccina,
819 2283 849 2333 ct
863 2276 945 2333 stetit
998 2276 1116 2349 Michol,
1129 2295 1218 2349 quam
1229 2279 1372 2351 despondi
1388 2279 1460 2336 mibi
1474 2276 1822 2352 centumpraeputiisti·

126 2361 380 2421 omniaexercitus
407 2364 448 2438 [b.
480 2365 944 2441 populus],uscpersecutisunt
998 2363 1822 2439 listhimtdisitsrgottisbossth,ettuliteamavirosuo
1912 2368 1916 2373 '

131 2448 201 2506 ultra
216 2451 319 2523 lsrael,
334 2469 430 2526 neque
445 2455 537 2511 iniere
552 2462 709 2512 certamen.
736 2457 831 2512 Abuer
845 2460 942 2511 autem
998 2454 1068 2527 [nou
1079 2455 1177 2525 babet,
1188 2460 1253 2528 suo]
1264 2457 1398 2524 Phaltiel,
1409 2457 1469 2514 tilio
1485 2459 1562 2516 Lais.
1575 2458 1821 2531 sequebaturque

130 2542 154 2592 et
163 2539 218 2595 viri
229 2542 296 2613 elus
307 2542 442 2600 abierunt
454 2560 506 2616 per
516 2544 703 2617 campestria,
715 2548 775 2601 tota
785 2547 871 2601 nocte
882 2542 942 2611 illa,
997 2559 1060 2600 eam
1075 2544 1120 2600 vir
1134 2562 1217 2615 suus,
1236 2545 1355 2617 plorans
1375 2562 1470 2618 usqua
1489 2546 1641 2615 bahurim,
1656 2549 1686 2602 ct
1697 2545 1769 2601 dixit
1782 2545 1818 2601 ad

131 2631 943 2703 attrausieruntiordanem,atlustratacmuiltethbrou,
997 2648 1065 2688 eum
1079 2634 1196 2690 abner:
1215 2634 1302 2701 liade,
1332 2641 1486 2691 revertere.
1516 2635 1570 2701 Qui
1599 2651 1733 2691 reversus
1762 2637 1818 2691 est.

133 2725 267 2778 raserunt
292 2721 328 2777 ad
352 2726 449 2778 castra
477 2722 524 2793 [ad
553 2722 725 2795 mahnaim].
756 2727 843 2779 Porro
869 2722 943 2779 Joab
997 2721 1819 2796 sermonemquequeintulitAbneradsenioreslsrael,

135 2826 271 2880 reversus,
286 2811 398 2869 omisso
425 2813 534 2881 Abner,
550 2815 738 2887 congregavit
757 2828 875 2869 omnem
892 2827 942 2883 po·
997 2811 1099 2866 diceus
1115 2828 1121 2866 :
1138 2816 1207 2868 Tam
1224 2812 1286 2868 beri
1298 2812 1629 2885 quamnusdiustsrtius
1643 2810 1821 2885 querebatis

138 2901 226 2972 palum
249 2905 279 2957 at
299 2901 457 2959 doluerunt
485 2902 521 2958 de
551 2902 650 2972 pueris
678 2901 767 2958 David
797 2901 943 2958 decernet
997 2898 1099 2970 David,
1117 2905 1150 2956 ut
1164 2906 1300 2974 regnaret
1325 2918 1499 2975 supervos.
1524 2902 1607 2957 Nunc
1627 2917 1696 2973 ergo
1722 2899 1820 2970 tacite,

138 3004 227 3048 notem
255 2989 322 3055 viri,
349 2995 469 3062 excepto
496 2991 605 3046 tsaets.
630 2990 709 3046 Servi
734 2995 831 3047 autem
856 2976 981 3046 DaridG
1000 2990 1140 3061 quoniam
1152 2991 1294 3047 Dominus
1307 2990 1425 3047 locutus
1440 2992 1530 3048 estad
1544 2991 1632 3047 David
1645 2991 1746 3047 diceus
1762 3005 1770 3046 τ
1787 2992 1820 3046 In
1886 3046 1891 3055 ,

82 3130 87 3157 Ι,
139 3078 578 3150 percusseruutdebenJ'amin,et
590 3080 624 3135 de
635 3078 706 3136 viris
717 3079 863 3152 quierant
875 3095 941 3135 cum
999 3094 1089 3134 mauu
1104 3079 1180 3135 servi
1209 3079 1265 3136 mei
1288 3079 1378 3136 David
1403 3079 1522 3136 salvabo
1550 3079 1691 3152 populum
1721 3094 1820 3136 meum

82 3232 84 3239 Ι
140 3165 230 3237 lbuar,
255 3171 402 3225 trecentos
423 3169 575 3241 sexaginte
599 3167 675 3224 viros
687 3170 709 3236 ¹,
724 3167 774 3240 qui
789 3173 819 3224 et
835 3169 944 3224 mortui
998 3167 1088 3223 lsrael
1103 3168 1140 3224 de
1155 3184 1244 3225 mauu
1270 3168 1416 3226 Philistim
1432 3174 1462 3225 et
1475 3169 1608 3226 omnium
1632 3168 1821 3227 inimicorum

82 3272 84 3285 ·
142 3261 203 3311 aunt
217 3254 421 3329 'l'uleruutque
435 3256 532 3324 bsael,
544 3262 572 3313 et
586 3257 751 3328 spelierunt
765 3274 834 3314 eum
850 3257 879 3313 in
895 3274 942 3314 ss·
999 3257 1073 3326 eJus.
1087 3257 1216 3314 Locutus
1227 3263 1379 3315 estautem
1392 3260 1487 3315 tbner
1498 3259 1586 3315 etiam
1603 3260 1639 3316 ad
1656 3258 1821 3331 Beniamin.

144 3343 227 3412 pulcro
241 3346 391 3417 patrissui
407 3345 436 3402 in
461 3346 645 3413 tietb-Lem,
672 3352 701 3401 et
719 3346 946 3403 ambulaverunt
999 3349 1034 3401 Et
1050 3346 1123 3402 abiit
1138 3351 1171 3403 ut
1185 3346 1355 3420 loqueretur
1370 3349 1405 3404 ad
1423 3348 1511 3403 David
1529 3348 1559 3403 iu
1580 3348 1705 3415 Hebron,
1723 3348 1823 3405 omnia

146 3435 194 3489 tota
205 3441 290 3493 nocte
304 3435 414 3492 Jeabet
428 3435 481 3490 viri
497 3435 547 3507 qui
563 3439 648 3491 erant
658 3452 724 3491 cum
741 3440 820 3507 eo,ct
835 3437 865 3492 iu
880 3436 945 3507 ipso
999 3449 1064 3506 qum
1080 3436 1251 3507 placuerant
1266 3436 1366 3493 lsraeli
1381 3442 1411 3493 et
1434 3437 1569 3494 universo
1585 3438 1748 3506 Beniamin.
1765 3437 1822 3493 Ve-

145 3523 298 3593 arcpusculo
311 3529 507 3597 pervenerunt
520 3525 551 3580 iu
567 3525 691 3580 ttebron.
1000 3522 1151 3596 aitque'ad
1169 3526 1256 3582 David
1282 3526 1312 3582 iu
1336 3528 1454 3583 Hebron
1483 3542 1551 3583 cum
1580 3526 1683 3599 viginti
1698 3526 1779 3596 viris,
1794 3530 1823 3582 et

170 3610 242 3684 [dap.
258 3612 320 3685 itt]
335 3612 421 3669 Facta
435 3618 480 3670 est
493 3629 563 3686 ergo
573 3612 662 3687 longa
675 3613 855 3671 concertatio
869 3615 946 3671 iuter
999 3612 1069 3669 lecit
1082 3614 1171 3671 David
1186 3615 1285 3672 Abuer
1305 3620 1334 3672 st
1357 3615 1428 3673 viris
1443 3616 1508 3687 ejus
1523 3615 1576 3688 qui
1590 3620 1730 3672 venerant
1753 3630 1820 3670 cum

144 3694 247 3757 tomum
273 3701 945 3777 sautettsterdomumnavtu:1)aviuprott-
1000 3702 1228 3760 eocouvivium.
1258 3705 1291 3759 ur
1303 3705 1378 3760 dixit
1400 3705 1498 3761 Abusr
1522 3706 1558 3761 ad
1578 3704 1821 3774 [tavidasurgam

144 3785 206 3846 ciana
218 3790 312 3862 [Valp.
335 3789 546 3866 prodcisceusl,
560 3796 590 3848 et
604 3807 721 3865 semper
743 3793 841 3865 seipso
857 3792 944 3848 robu-
1002 3796 1036 3848 ut
1044 3808 1220 3866 congregem
1231 3794 1268 3849 ad
1281 3796 1309 3850 te
1320 3794 1471 3850 dominum
1484 3810 1583 3850 meum
1595 3809 1693 3866 regem
1704 3793 1746 3865 [b.
1756 3792 1823 3849 Sur·

142 3874 205 3943 atior,
216 3877 326 3934 demus
341 3883 439 3935 autem
455 3880 525 3936 Saul
552 3881 725 3937 decrescens
744 3881 886 3953 quetidie.
902 3882 944 3953 [T.
1000 3897 1068 3953 gam
1083 3886 1113 3938 et
1126 3882 1243 3951 vadam,
1259 3887 1293 3938 ut
1307 3899 1482 3955 congregem
1498 3883 1534 3939 ad
1551 3882 1706 3938 domiuum
1722 3897 1819 3938 meum

139 3964 310 4041 llleVllid
325 3968 452 4041 Natique
467 3977 534 4025 suut
563 3968 615 4025 dlii
645 3969 779 4026 Davidiu
803 3969 944 4026 Hebron:
1000 3970 1393 4043 regemlemuemlsrsel,et
1412 3973 1535 4029 incaut⁸
1560 3976 1657 4028 tecum
1673 3970 1779 4042 faedus,
1794 3973 1824 4026 et

138 4049 239 4129 luitque
266 4058 482 4130 primogenitus
510 4058 574 4130 ejus
599 4063 713 4114 Amnon
737 4059 772 4115 de
799 4059 945 4116 Ahiueem
1000 4057 1128 4131 imperes
1143 4059 1293 4129 omnibus,
1309 4060 1386 4116 sicut
1399 4059 1547 4117 desideret
1561 4060 1661 4116 anima
1675 4064 1736 4115 tua.
1748 4057 1823 4115 Cum

135 4139 320 4214 lecraslitids,
335 4151 441 4219 etpost
453 4163 521 4204 eum
537 4147 661 4204 Cheleab
676 4148 712 4204 de
727 4147 842 4222 abigail
857 4165 946 4205 uxore
999 4164 1069 4221 argo
1086 4148 1257 4206 deduxisset
1267 4149 1357 4205 David
1374 4148 1482 4219 Abner,
1498 4153 1528 4205 et
1539 4148 1590 4206 ille
1605 4148 1678 4206 isset
1693 4148 1724 4204 iu
1739 4163 1824 4221 pace,

134 4228 489 4309 llabalearmetizporro
504 4237 607 4292 tertius
620 4236 946 4305 tbsalom,filiusbtaa·
1000 4237 1100 4295 statim
1116 4237 1199 4310 pueri
1227 4237 1269 4310 [h.
1299 4238 1383 4306 servi]
1414 4237 1504 4295 David
1530 4238 1646 4295 etJeab
1668 4241 1822 4306 venerunt,

133 4320 182 4377 aba
194 4322 262 4379 illia
272 4322 409 4380 'l'bolmai
425 4324 503 4396 regis
513 4324 616 4381 Gesur.
630 4326 754 4390 Quartus
765 4331 862 4383 autem
871 4327 946 4383 Ado·
961 4348 984 4413 Ι)
1001 4326 1084 4383 casis
1098 4325 1274 4397 latronibus,
1290 4342 1357 4383 cum
1374 4328 1472 4400 praeda
1486 4344 1594 4401 magna
1609 4325 1709 4383 nimis.
1724 4326 1824 4383 Abner

133 4409 293 4477 abablius
309 4411 429 4485 aggith,
440 4413 601 4484 etquintus
612 4414 763 4486 Sapbatia,
779 4414 859 4471 filius
878 4414 947 4470 Abi·
999 4421 1097 4472 autem
1112 4431 1169 4471 uon
1185 4420 1249 4471 erat
1263 4431 1330 4472 cum
1345 4415 1434 4473 David
1450 4416 1479 4472 iu
1493 4415 1822 4488 Hebron‚quiajamdi·

132 4501 179 4555 tat.
191 4504 296 4557 Sextus
307 4517 425 4575 quoque
443 4501 604 4572 Jethraatn,
621 4503 833 4576 dertglauxore
844 4504 944 4561 David.
1000 4505 1119 4561 miserat
1131 4522 1211 4574 eum,
1227 4510 1256 4561 et
1268 4506 1416 4578 protectus
1431 4506 1526 4562 iuerat
1539 4505 1570 4561 iu
1585 4520 1667 4579 pace.
1684 4508 1718 4561 Et
1737 4503 1822 4575 Joab,

134 4584 162 4642 lli
174 4589 234 4647 nati
249 4594 319 4646 suut
329 4588 419 4646 David
431 4591 460 4647 in
471 4590 598 4647 Hebron.
613 4594 686 4648 Cum
701 4608 769 4666 ergo
782 4597 859 4649 asset
873 4609 944 4666 praa-
998 4598 1029 4650 et
1042 4593 1138 4650 omnis
1152 4594 1296 4650 exercitus
1312 4594 1363 4665 qui
1379 4601 1440 4651 erat
1465 4610 1533 4651 oum
1558 4610 1603 4665 eo,
1620 4597 1722 4666 postea
1733 4608 1821 4649 vene·

133 4671 197 4733 lium
225 4677 302 4735 inter
329 4680 448 4736 domum
465 4679 535 4736 Saul
551 4685 580 4736 ct
594 4681 714 4737 domum
730 4680 833 4751 David,
848 4681 946 4738 Abner
1000 4685 1075 4738 rant.
1098 4680 1268 4737 Nuntiatum
1297 4686 1343 4739 est
1362 4682 1559 4754 itaquetoab,
1576 4678 1820 4739 enarrantibus:

134 4763 200 4831 ilias
223 4767 336 4840 Ner-[h.
364 4784 419 4825 amr
448 4769 539 4842 labat]
569 4771 690 4842 regebat
717 4770 840 4827 demum
863 4771 942 4828 Saul.
998 4769 1085 4827 Venit
1097 4771 1195 4826 Abner
1216 4769 1296 4827 illius
1319 4771 1378 4828 Nar
1392 4772 1428 4828 ad
1446 4787 1553 4845 regem,
1571 4775 1600 4827 et
1615 4770 1726 4827 dimisit
1740 4784 1819 4836 eum,

136 4848 342 4913 lucratautem
363 4856 443 4914 Sauli
472 4859 636 4915 concubina
664 4859 782 4915 nomine
815 4858 942 4932 Respba,
998 4863 1027 4916 st
1041 4859 1114 4916 abiit
1127 4859 1158 4915 iu
1174 4875 1256 4932 pace.
1271 4860 1307 4916 ttt
1320 4859 1474 4933 ingressus
1495 4864 1540 4917 est
1560 4859 1633 4917 Joab
1657 4859 1694 4916 ad
1710 4870 1819 4929 regem.

152 4996 171 5074 ,¹
185 4997 273 5056 'lacet
288 5016 344 5056 ms.
360 4998 519 5060 Vsroucus.
533 5003 617 5070 viror,
633 5002 709 5074 quod
724 5006 753 5058 et
766 5000 882 5074 Vulgati
898 5001 942 5059 ta·
997 5001 1169 5074 aspiratione
1184 5001 1244 5060 lraec
1258 5004 1372 5059 nominc
1386 5004 1575 5075 opposuimus,
1599 5000 1667 5074 qaia
1681 4996 1755 5069 apud
1768 4996 1820 5052 lle·

139 5072 214 5125 cruat
998 5073 1082 5131 moa
1096 5077 1122 5130 et
1135 5073 1209 5145 npnd
1225 5078 1336 5132 Grecos
1358 5088 1409 5145 per
1431 5074 1617 5146 diphtongum
1643 5069 1813 5151 condantur.

165 5136 214 5197 ¹8.
238 5139 434 5214 Hieronymus
464 5142 540 5200 libro
555 5143 588 5199 dc
610 5143 774 5203 Nominibus
800 5145 941 5201 Hebraicis
997 5145 1073 5211 Quid
1088 5146 1124 5202 ad
1141 5150 1313 5216 presentem
1337 5147 1557 5203 adnotationem
1583 5143 1714 5201 hodierni
1728 5139 1816 5223 Hebr.

141 5201 459 5286 locuituealegendum
479 5230 544 5272 esse
569 5215 714 5272 Hiaiosetlt
738 5232 805 5272 oum
825 5217 939 5287 aspira·
994 5217 1182 5289 grammatici
1211 5216 1441 5290 respondebunt,
1458 5216 1509 5290 qui
1538 5232 1574 5271 ue
1596 5218 1648 5271 aut
1668 5210 1760 5268 ullam
1776 5211 1819 5267 dr·

143 5276 289 5352 benacum
303 5285 408 5368 enims
423 5284 498 5343 libro
513 5288 644 5344 secundo
656 5287 769 5361 Regum
780 5289 942 5368 recensuis-
995 5288 1181 5362 phthongum
1196 5305 1262 5346 csse
1273 5288 1304 5344 iu
1319 5288 1424 5372 lingua
1437 5233 1597 5344 flsbratcal
1608 5290 1699 5341 Mser.

144 5355 178 5431 'tt
195 5360 322 5426 quatuor
347 5362 406 5414 asta
434 5359 566 5417 nomina.
594 5359 701 5427 diram,
726 5360 829 5426 distet,
844 5360 938 5430 diras,
1029 5360 1041 5396 ⁸
1054 5362 1165 5417 lterum
1181 5377 1250 5418 oum
1265 5358 1401 5432 Vulgatrs
1414 5364 1444 5416 st
1456 5364 1554 5416 Greco
1569 5374 1626 5415 ms.
1645 5359 1816 5424 veronens,

144 5414 276 5497 demum,
297 5425 720 5488 hanaaddiitobservatiouam
736 5447 743 5488 :
758 5428 861 5489 idcirco
875 5446 939 5488 cam
992 5431 1095 5489 laeam.
