3870 6120
173 256 231 349 ass
703 297 734 351 s.
754 294 958 350 areaourur
976 294 1103 351 nrvrm
1120 293 1368 350 ammomum.
1823 292 1886 365 ase

177 418 315 476 videbitis
329 416 431 474 taciem
448 432 554 485 meam,
571 418 627 474 nisi
641 418 759 475 tratrem
774 423 904 475 vestrum
916 418 1000 475 mini·
1015 414 1134 487 A'culis
1148 417 1272 485 vestris;
1289 434 1356 474 nam
1373 418 1538 490 pecuniam,
1554 434 1642 490 quam
1657 418 1782 475 dedistis
1797 419 1883 485 mihi,

90 524 93 529 '
180 524 262 566 mum
287 505 468 564 adduxeritis
488 505 650 563 vobiscum.
676 507 704 562 si
727 524 795 580 ergo
821 507 865 564 vis
884 507 1001 564 mittere
1056 507 1209 579 probatam
1222 506 1386 576 egchebeo.
1400 506 1564 579 bduxitque
1579 507 1677 563 adeos
1699 507 1829 565 Simeon.
1845 511 1879 563 nt

179 613 244 654 anm
262 595 426 664 nobiscum,
444 611 599 668 pergemus
622 595 739 668 pariter,
756 601 785 653 el
800 612 933 653 ememus
948 595 999 653 tibi
1056 594 1231 651 introductis
1254 596 1385 663 domum,
1416 596 1517 652 attulit
1546 612 1665 669 aquam,
1690 602 1719 652 et
1747 596 1883 654 laverunt

179 684 363 743 necessaria:
381 683 426 740 sin
448 688 545 740 autem
568 701 625 741 uon
650 685 705 754 vis,
730 702 788 741 non
812 685 940 742 ibimus:
958 685 1002 741 vir
1056 683 1145 756 pedes
1157 683 1388 756 suos,deditque
1402 683 1510 757 pabula
1521 685 1612 740 asinis
1628 701 1740 743 corum.
1758 685 1803 743 Illi
1816 703 1882 744 vero

178 774 268 845 enim,
281 777 399 845 utsaepe
423 772 562 844 diximus,
587 775 770 831 denuntiavit
781 775 876 842 nobis,
888 774 999 830 dicens:
1055 772 1199 845 parabant
1213 788 1346 841 munera,
1363 773 1456 829 donec
1471 774 1674 846 ingrederetur
1691 775 1800 847 loseph
1818 792 1879 832 me·

176 863 241 921 Non
260 861 396 918 videbitis
417 862 518 919 taciem
543 880 638 921 meam
664 865 776 937 absque
802 866 889 922 tratre
903 866 1001 921 vestro
1055 861 1146 916 ridie:
1172 861 1325 917 audierant
1348 861 1427 917 euim
1453 863 1532 933 quod
1556 862 1595 918 ibi
1612 864 1757 920 comesuri
1780 856 1882 920 essent

176 951 311 1007 minime.
326 951 401 1008 Dixit
411 951 453 1008 eis
468 951 578 1009 lsrael:
594 957 624 1009 ln
642 970 735 1009 meam
754 953 806 1010 boc
821 953 930 1010 lecistis
946 954 1000 1009 mi·
1055 965 1171 1021 panem.
1188 950 1282 1023 Igitur
1296 950 1448 1022 ingressus
1463 955 1507 1009 est
1521 950 1629 1023 ioseph
1644 952 1766 1009 domum
1782 969 1882 1021 suam,

175 1040 294 1106 soriam,
312 1045 344 1096 ut
357 1041 525 1096 indicaretis
541 1046 569 1097 et
585 1041 674 1098 aliurn
687 1042 793 1099 habere
807 1059 857 1099 voa
870 1043 999 1099 tratrem.
1055 1037 1284 1112 obtuleruntque
1312 1038 1339 1094 ei
1368 1055 1498 1107 munera,
1525 1043 1658 1096 tenentes
1685 1040 1716 1096 in
1743 1040 1882 1097 manibus

175 1128 270 1185 Atilii
286 1130 520 1202 responderunt:
546 1132 737 1204 Interrogavit
762 1149 816 1189 nos
836 1132 923 1188 homo
950 1149 1001 1204 per
1055 1127 1146 1199 [Vulq.
1162 1128 1225 1185 odd.
1243 1129 1337 1199 suis]:
1359 1133 1389 1183 et
1403 1129 1597 1185 adoraverunt
1611 1129 1696 1202 proni
1712 1129 1742 1185 iu
1758 1134 1879 1186 terram.

58 1276 61 1281 ζ
176 1218 307 1275 ordinem
330 1222 460 1276 nostram
478 1220 662 1291 progeniem:
685 1222 710 1277 si
733 1225 817 1293 pater
837 1221 956 1293 viveret,
975 1222 998 1278 si
1055 1221 1092 1271 At
1105 1216 1154 1271 ille
1170 1216 1328 1272 clementer
1342 1217 1510 1274 resalutatis
1521 1218 1574 1290 cis,
1585 1218 1879 1292 interrogavitll'ulg.

175 1306 353 1364 haberemus
370 1308 496 1376 tratrem,
519 1313 548 1365 et
562 1325 615 1365 nos
632 1311 838 1381 respondimus
854 1309 878 1366 ei
901 1326 1001 1366 conse·
1054 1305 1117 1360 cdii.
1135 1306 1208 1377 eos]‚
1224 1305 1344 1361 dicens:
1360 1305 1502 1362 Seivueue
1516 1311 1562 1362 eei
1577 1313 1658 1379 puter
1671 1312 1767 1363 leeier
1781 1323 1881 1375 senex,

177 1401 300 1470 quenter
310 1397 397 1468 juxta
412 1397 439 1452 id
456 1399 531 1468 quod
550 1399 643 1455 luerat
657 1398 845 1456 sciscitatus:
865 1399 998 1471 uunquid
1054 1394 1090 1449 de
1105 1411 1163 1467 quo
1178 1393 1317 1449 dixeratis
1330 1393 1425 1450 mihil
1440 1394 1536 1451 adbuc
1546 1396 1616 1450 vivit
1629 1395 1643 1450 ‘i
1658 1395 1712 1460 oui
1724 1397 1883 1468 responda-

177 1484 253 1541 scire
267 1489 435 1557 poteramus
446 1486 524 1558 quod
540 1485 673 1543 dicturus
687 1495 763 1543 esset
775 1503 782 1542 :
793 1487 934 1543 Adducite
948 1505 999 1544 vo·
1055 1488 1139 1539 runt:
1157 1484 1265 1556 Sospes
1280 1487 1325 1539 est
1353 1500 1455 1540 servus
1473 1488 1544 1541 tuus
1559 1488 1767 1556 paternoster,
1785 1485 1881 1541 adhuc

177 1573 292 1631 hiscum
308 1574 427 1631 tratrem
441 1579 569 1631 vestrum
582 1575 596 1631 l
609 1574 625 1631 J
629 1576 702 1632 udas
713 1591 828 1649 quoque
840 1577 912 1632 dixit
923 1577 998 1648 patri
1053 1572 1133 1628 vivit.
1150 1572 1183 1628 Et
1197 1572 1353 1641 incurvati,
1370 1577 1564 1630 adoraverunt
1576 1590 1655 1632 eum.
1673 1573 1883 1631 Attollensou·

167 1676 249 1720 'suot
274 1662 355 1719 Mitto
375 1679 500 1734 puerum
522 1679 649 1735 mecum,
669 1669 701 1720 ut
716 1664 946 1737 proficiscamur,
971 1670 1000 1720 et
1053 1667 1113 1717 tem
1128 1662 1229 1718 oculos
1249 1662 1369 1735 loseph,
1383 1662 1457 1719 vidit
1484 1663 1637 1735 Benjemin
1652 1664 1772 1721 tratrem
1789 1679 1877 1720 suum

176 1753 327 1827 possimus
337 1751 441 1823 vivere,
454 1767 490 1808 ue
502 1752 761 1811 moriamurnoset
770 1753 882 1825 parvoli
895 1752 998 1810 nostri.
1014 1768 1037 1834 B
1053 1750 1213 1820 uterinum,
1241 1755 1270 1807 et
1284 1751 1345 1808 ait:
1374 1755 1430 1807 iste
1445 1757 1490 1809 est
1515 1754 1605 1809 trater
1617 1757 1712 1810 vester
1726 1751 1879 1824 parvulus.

176 1839 236 1912 Ego
246 1839 376 1913 suscipio
388 1857 510 1914 puerum
523 1858 529 1897 :
546 1842 581 1898 de
595 1858 682 1899 manu
697 1859 761 1899 mea
772 1843 886 1914 require
899 1842 998 1899 illum:
1055 1840 1090 1894 de
1103 1855 1162 1912 quo
1184 1839 1322 1895 dixeratis
1337 1839 1436 1897 mihi?
1463 1842 1497 1897 Et
1511 1858 1635 1899 rursus:
1666 1842 1754 1909 Deus,
1772 1842 1881 1914 inquit,

176 1927 233 1986 nisi
256 1929 410 2000 reduxero,
426 1933 455 1986 et
477 1930 624 1986 tradidero
642 1946 708 1987 eum
730 1932 795 2004 tibi,
820 1948 868 1988 ero
890 1931 1001 2004 peccati
1054 1927 1296 1997 misereaturtui,
1322 1928 1362 1983 fili
1390 1930 1441 1985 mi.
1471 1930 1697 2003 destinavitque,
1713 1931 1783 2000 quie
1801 1946 1880 1988 com-

176 2017 345 2074 intercus
370 2020 451 2074 omni
479 2023 619 2093 tempore.
649 2021 679 2076 Si
706 2037 761 2077 noo
787 2020 1002 2077 intercessisset
1055 2017 1883 2092 motalueruntvisceraejuesuperiratresuo,etarum·

177 2105 290 2176 dilatio,
310 2107 553 2178 jamvicealtera
576 2109 769 2166 venissemus.
798 2108 889 2182 igitur
911 2107 1000 2166 Israel
1056 2105 1162 2176 pebant
1186 2107 1333 2180 lacrymae,
1364 2110 1393 2162 et
1418 2108 1560 2165 introiens
1585 2108 1765 2176 cubiculum,
1794 2110 1883 2165 flevit.

178 2198 262 2269 pater
275 2211 375 2252 eorum
392 2195 466 2251 dixit
482 2197 517 2253 ad
533 2212 599 2253 eos:
617 2197 646 2253 Si
662 2198 704 2254 sio
719 2214 837 2256 necesse
848 2203 902 2267 est,
918 2198 1002 2257 tacite
1056 2195 1228 2266 Rursusque
1240 2194 1302 2251 lota
1316 2196 1389 2253 incia
1408 2212 1556 2271 egressus,
1572 2198 1763 2255 continuitas
1778 2198 1882 2255 atoit:

179 2283 257 2353 quod
274 2283 375 2354 vultis,
391 2284 498 2340 sumite
514 2285 550 2340 de
573 2286 694 2358 optimis
710 2288 799 2359 [l'ulq.
816 2287 878 2343 cdd.
897 2288 1002 2344 tructi-
1055 2284 1157 2341 Punite
1172 2300 1273 2356 panes.
1290 2285 1403 2350 Quibus
1416 2287 1558 2360 appositis
1572 2304 1705 2345 seorsum
1721 2288 1844 2360 ioseph,
1855 2292 1884 2344 at

178 2371 247 2444 bus]
269 2376 352 2428 terre
368 2372 491 2429 invasis
515 2373 631 2442 vestris,
654 2378 682 2430 et
704 2374 776 2432 lerte
790 2375 852 2432 viro
867 2392 1000 2449 munera,
1056 2389 1189 2430 seorsum
1207 2374 1356 2443 tratribus,
1367 2376 1508 2449 Egyptiis
1519 2392 1647 2449 quoque,
1659 2377 1710 2449 qui
1722 2378 1884 2433 vesceban-

178 2460 328 2517 modicum
344 2461 457 2530 resina,
484 2466 512 2518 et
528 2460 633 2534 mellis,
650 2468 678 2518 et
693 2464 825 2536 styracis,
840 2469 957 2529 stactes,
974 2471 1002 2522 et
1055 2464 1105 2518 tur
1129 2460 1230 2530 simul,
1255 2478 1387 2520 seorsum
1404 2463 1550 2534 (illicitum
1575 2470 1621 2522 est
1644 2465 1723 2521 enim
1738 2466 1883 2539 AEgyptiia

176 2548 346 2618 terebinthi,
361 2554 390 2606 et
401 2551 634 2625 amygdalarum.
651 2553 807 2608 Pecuniam
822 2570 939 2627 quoque
950 2555 1001 2610 du·
1055 2551 1207 2608 comedere
1222 2568 1287 2607 cum
1305 2553 1437 2620 Hebrus,
1449 2558 1477 2609 et
1492 2554 1648 2628 profanum
1660 2554 1884 2628 putanthujus·

175 2638 282 2713 plicam
299 2638 369 2696 lerte
379 2639 543 2711 vobiscum,
555 2644 583 2696 et
594 2640 685 2709 illam,
701 2658 788 2714 quam
803 2643 956 2700 invenistis
971 2645 1001 2700 in
1055 2639 1169 2697 oemodi
1189 2640 1375 2714 convivium),
1400 2644 1538 2699 aederunt
1561 2660 1657 2700 coram
1673 2660 1718 2710 eo,
1734 2642 1883 2717 primoge-

174 2726 311 2794 sacculis‚
327 2731 484 2799 reportate,
500 2745 534 2783 ne
549 2727 623 2784 torte
638 2745 735 2785 errarre
751 2731 860 2787 lactum
877 2730 932 2799 sit3
949 2732 1001 2788 sed
1055 2727 1136 2785 nitus
1147 2729 1437 2803 Juxtaprimogenita
1448 2749 1513 2802 sua,
1524 2736 1553 2789 at
1564 2732 1703 2789 minimus
1713 2734 1883 2804 juxtaasta·

175 2820 205 2872 et
219 2816 339 2872 tratrem
362 2821 491 2873 vestrum
515 2816 618 2887 tollite,
634 2826 659 2874 el
687 2818 725 2874 ite
750 2819 907 2876 advirum.
923 2821 1001 2877 Deus
1055 2822 1113 2873 tem
1130 2834 1225 2874 suam.
1241 2818 1276 2873 nt
1290 2818 1475 2876 mirabantur
1489 2820 1600 2893 (nimis)
1626 2821 1669 2891 [b.
1684 2820 1740 2876 viri
1755 2821 1790 2877 ed
1805 2821 1881 2876 invi·

175 2905 378 2977 autemil'alq.
395 2905 458 2960 ndrl.
489 2907 784 2979 meus]omoipotens
807 2909 893 2965 lactat
918 2910 1000 2966 vobis
1055 2907 1129 2976 cem]
1158 2907 1286 2979 sumptis
1306 2909 1451 2979 partibus,
1480 2926 1555 2981 quas
1581 2910 1618 2966 ab
1637 2914 1881 2983 coacceperunt:

175 3010 243 3049 cum
260 2991 447 3065 placabilem,
462 2998 491 3049 et
505 2994 635 3050 remittat
650 2995 800 3051 vobiscum
818 2997 936 3053 tratrem
952 3013 1001 3053 ve·
1055 2997 1208 3068 majorque
1223 3012 1290 3069 pers
1305 2998 1385 3054 venit
1399 2999 1563 3071 Beniamin.
1574 3001 1614 3056 ita
1628 3000 1804 3072 utquisque
1816 3016 1883 3072 par·

175 3086 268 3138 strum
284 3097 371 3154 quem
387 3085 477 3148 tenet,
493 3088 523 3139 et
537 3083 616 3139 hunc
635 3083 808 3156 Benjemin:
831 3101 884 3157 ego
899 3090 997 3141 autern
1056 3085 1136 3140 tibus
1152 3086 1313 3143 excederet.
1330 3087 1529 3159 biberuntque
1544 3093 1572 3145 et
1586 3089 1721 3146 inebriati
1733 3094 1880 3146 suntcum

174 3170 260 3243 quasi
270 3170 390 3226 orbatus
405 3171 515 3242 absque
528 3171 627 3228 liberis
638 3189 697 3229 ero.
709 3174 854 3230 Tolerunt
866 3191 934 3248 ergo
945 3175 998 3231 viri
1014 3139 1035 3208 G
1054 3190 1088 3231 eo
1097 3176 1118 3229 ¹.

174 3274 308 3328 munera,
324 3263 353 3315 et
369 3261 523 3333 pecuniam
537 3261 695 3333 duplicem,
711 3268 740 3319 et
760 3263 931 3336 benjamin:
949 3267 998 3322 de·
1090 3262 1168 3336 [Cup.
1186 3262 1295 3333 XLIV]
1324 3263 1464 3338 Precepit
1477 3272 1576 3323 autem
1603 3266 1712 3340 loseph
1729 3266 1884 3340 dispensa·

173 3348 407 3420 scenderuntque
432 3348 461 3404 in
485 3349 654 3423 AEgyptum,
680 3356 709 3408 et
732 3355 878 3409 steterunt
900 3371 997 3410 coram
1053 3350 1108 3406 tori
1125 3351 1231 3407 domus
1246 3367 1317 3419 sue,
1333 3351 1452 3409 dicens:
1479 3353 1686 3428 Impleseccos
1701 3370 1806 3410 eorum
1822 3354 1884 3410 sru-

172 3436 292 3509 loseph.
307 3439 386 3504 Quos
401 3453 468 3493 cum
484 3437 533 3494 ille
544 3438 676 3511 vidisset,
688 3444 717 3496 et
729 3441 881 3512 Banjamin
898 3442 997 3514 simul,
1053 3444 1163 3506 meato,
1181 3443 1323 3511 quantum
1336 3441 1450 3512 possint
1464 3458 1578 3516 capere,
1595 3446 1623 3499 et
1635 3459 1711 3515 pone
1722 3443 1881 3516 pecuniam

175 3527 312 3600 precepit
326 3526 523 3599 dispensatori
549 3529 655 3586 domus
671 3545 742 3598 sue,
770 3531 886 3588 dicens:
905 3536 997 3589 Intro·
1053 3527 1237 3601 singulorum
1254 3528 1284 3584 in
1299 3530 1471 3587 summitate
1500 3531 1586 3589 sacci.
1614 3530 1763 3604 Scyphum
1780 3538 1880 3587 summ

175 3617 231 3674 duo
251 3616 477 3688 virosdomum,
507 3622 535 3673 et
561 3618 865 3687 occidevictimas‚et
886 3623 999 3680 instrue
1053 3632 1152 3672 meum
1172 3621 1355 3689 argenteum,
1384 3620 1553 3691 etpretium
1584 3620 1661 3693 qued
1676 3620 1758 3676 dedit
1779 3620 1881 3689 trilici,

173 3707 347 3774 convivium,
377 3706 516 3780 quoniam
546 3707 640 3782 [Volo.
662 3710 729 3766 udal.
755 3710 852 3783 hodie]
882 3728 997 3768 mecum
1052 3721 1128 3777 poue
1152 3704 1247 3762 inore
1277 3707 1352 3763 sacci
1378 3707 1508 3778 junioris
1519 3708 1540 3762 ⁸.
1572 3708 1878 3781 Factumqueeatita.

173 3800 244 3854 sunt
258 3796 414 3853 comesturi
431 3796 563 3852 moriere.
583 3798 658 3853 reon
673 3798 722 3854 ruo
737 3800 814 3871 qood
833 3799 888 3855 sior
904 3800 999 3857 ruerat
1052 3794 1161 3850 utorio
1173 3810 1269 3863 mono,
1281 3795 1396 3852 dimissi
1408 3800 1552 3854 euntovm
1563 3797 1741 3855 esinieeuis·
1752 3798 1881 3872 Jamque

172 3885 363 3958 imperatum,
378 3890 407 3941 ot
417 3885 579 3941 introduxit
594 3886 670 3942 viros
687 3888 818 3944 domum,
835 3889 936 3961 Ibique
949 3906 997 3945 ex·
1052 3883 1125 3939 urbe
1150 3882 1289 3952 exierant,
1319 3887 1348 3940 et
1375 3890 1579 3957 processerant
1603 3886 1782 3959 paululum:
1809 3892 1880 3944 tunc

172 3975 278 4043 territi,
295 3975 433 4032 dixerunt
449 3979 571 4031 mutuo:
588 3976 709 4048 Propter
725 3977 891 4048 pecuniam,
907 3995 996 4052 quam
1049 3971 1172 4059 ioseph,
1188 3974 1328 4030 accersito
1351 3974 1555 4047 dispensatore
1569 3976 1697 4033 domus:
1714 3976 1822 4049 Surge,
1836 3976 1879 4033 in·

173 4065 331 4124 retulimus
342 4065 425 4138 prius
439 4064 699 4134 iusaccisnostris,
711 4065 869 4123 introducti
880 4084 995 4137 sumus,
1052 4062 1126 4134 quii·
1152 4077 1327 4133 persequere
1353 4063 1453 4119 vireu:
1482 4068 1511 4120 el
1538 4063 1732 4136 apprehensis
1763 4064 1876 4121 dieite:

174 4162 208 4215 ut
221 4157 354 4215 devolvat
369 4156 398 4214 in
423 4173 477 4213 uos
491 4156 681 4225 calumniam,
697 4160 725 4212 et
748 4156 888 4215 violenter
903 4158 997 4230 suin·
1051 4151 1144 4215 Ouere
1154 4150 1324 4208 reddidistis
1336 4151 1446 4208 muium
1459 4169 1511 4225 pru
1526 4152 1877 4226 bouelseyphumqoem

172 4246 230 4303 ciat
245 4247 388 4316 servituti,
415 4251 443 4303 et
466 4263 530 4317 nos,
550 4251 580 4301 et
606 4246 706 4302 asinos
732 4252 858 4303 nestros.
888 4247 998 4311 Quam·
1052 4241 1319 4314 turatiestie‚ipse
1342 4244 1431 4299 estin
1461 4260 1517 4314 quo
1531 4244 1608 4301 bibit
1622 4244 1764 4303 dominus
1785 4262 1878 4312 meus,

172 4335 273 4391 obrem
285 4335 315 4390 ln
331 4335 404 4406 ipsis
414 4336 527 4391 loribus
538 4336 708 4391 accedentes
719 4335 753 4390 ad
764 4335 995 4407 dispensatorem
1051 4335 1080 4387 ct
1094 4333 1123 4386 in
1140 4346 1197 4401 quc
1214 4331 1351 4403 augurari
1377 4331 1472 4389 solet:
1499 4335 1659 4406 pessimam
1677 4350 1740 4391 rem
1756 4334 1878 4392 lecistis.

172 4422 262 4497 [ναῖς.
275 4423 339 4479 add,
356 4425 473 4496 domus]
491 4423 578 4480 locuti
594 4426 682 4479 sunt:
714 4423 995 4494 Oramuqdomine,
1051 4418 1650 4494 Focitilleutjussernt.Etoppreheusin
1676 4425 1875 4496 perordinem

170 4518 204 4569 ut
219 4513 323 4571 audias
338 4514 427 4586 [ναις.
449 4513 514 4570 odd.
530 4514 605 4585 nos].
627 4512 694 4570 Jam
710 4517 778 4570 anto
790 4514 995 4572 descendimus
1011 4513 1034 4580 Ι)
1050 4508 1166 4565 locutus
1182 4512 1236 4565 est.
1249 4509 1303 4575 Qui
1319 4509 1554 4581 responderunt:
1576 4511 1671 4577 Quare
1685 4508 1730 4568 sie
1745 4511 1878 4584 loquitur

170 4606 203 4658 ut
218 4617 382 4660 emeremus
397 4619 490 4671 escas,
507 4603 615 4674 quibus
631 4603 750 4674 emptis,
777 4620 845 4659 cum
867 4604 994 4661 venisse·
1051 4597 1190 4653 dumique
1205 4602 1315 4663 uester,
1336 4601 1369 4653 ui
1383 4598 1457 4654 eervi
1472 4598 1516 4655 lui
1532 4602 1646 4656 trulum
1677 4600 1784 4674 flagitii
1798 4617 1877 4658 eoru·

170 4691 675 4765 mnsaddiversorium,apernimus
686 4691 819 4749 sacculos
831 4698 995 4761 nostros,et
1051 4683 1210 4741 miseriei?
1226 4684 1393 4756 Pecuniam,
1409 4702 1498 4758 quem
1520 4685 1689 4745 interimere
1704 4687 1735 4745 iu
1752 4688 1878 4748 eurumi·

169 4780 793 4856 invenimuspecuniaminoresaccorum:
812 4797 994 4852 quamnunc
1050 4778 1109 4831 ieie
1138 4790 1302 4841 saccorum,
1319 4775 1626 4847 repererimueudte
1654 4777 1692 4834 de
1707 4782 1789 4836 wrm
1803 4779 1878 4837 Cho·

169 4870 272 4927 eodem
288 4873 416 4943 pondere
432 4870 657 4943 reportavimus.
673 4871 727 4925 sed
754 4873 783 4927 et
798 4869 878 4925 aliud
894 4869 995 4927 attuli·
1050 4880 1124 4919 naon
1139 4881 1145 4919 τ
1163 4869 1191 4919 ot
1206 4880 1264 4936 quo
1279 4865 1366 4921 modo
1377 4880 1561 4936 consequens
1574 4870 1619 4922 cst
1635 4871 1669 4922 ot
1682 4867 1880 4927 transimus

170 4974 237 5016 mus
253 4965 419 5032 argentum,
436 4966 467 5015 ut
482 4976 617 5016 emamus
632 4975 697 5031 qum
712 4958 802 5029 [vaip
818 4958 881 5014 aad,
898 4960 994 5031 nobis]
1049 4950 1085 5006 de
1101 4951 1188 5008 domo
1212 4950 1322 5007 domini
1338 4953 1381 5007 tui
1400 4968 1505 5007 aurum
1534 4951 1579 5008 vel
1598 4955 1879 5031 argeutumlatpud

166 5049 335 5106 necessaria
363 5052 588 5106 suntznonest
616 5048 645 5103 iu
675 5052 776 5104 nostra
802 5048 994 5121 conscientia,
1049 5056 1257 5113 quemcunque
1286 5040 1375 5097 suerii
1401 5041 1553 5099 inuentum
1583 5058 1736 5101 seruorum
1758 5050 1879 5106 tuorum

167 5139 235 5214 quis
250 5154 313 5195 eam
331 5139 463 5210 posuerit
483 5138 514 5193 in
528 5136 687 5209 marsupiis
701 5137 821 5194 nostris.
837 5139 873 5193 at
886 5136 936 5194 ille
949 5155 993 5195 re·
1048 5131 1125 5203 quod
1144 5129 1261 5203 queue,
1278 5130 1431 5198 moriatur,
1447 5136 1475 5187 ei
1490 5147 1543 5188 uee
1553 5131 1628 5188 uerri
1641 5130 1757 5193 erimus
1767 5137 1882 5195 domini

167 5229 295 5301 spondit.
315 5228 370 5283 l’ax
384 5225 547 5295 vobiscum,
563 5225 780 5281 nolitetimere:
796 5226 873 5282 Deus
888 5231 992 5284 vester.
1048 5220 1150 5276 nostri.
1169 5220 1224 5284 Oui
1239 5221 1314 5276 dixit
1337 5221 1398 5277 eie:
1415 5220 1478 5277 Fiat
1500 5221 1588 5293 juxta
1609 5227 1742 5282 vestram
1761 5234 1884 5287 senten·

166 5324 195 5375 ct
209 5319 287 5376 Deus
303 5316 395 5390 patris
410 5314 510 5385 vestri,
526 5314 607 5370 dedit
622 5313 703 5370 vobis
719 5314 873 5371 thesauros
885 5315 913 5370 in
931 5332 992 5372 sac·
1047 5309 1137 5364 tium:
1156 5309 1232 5380 apud
1249 5325 1455 5381 quemcunque
1474 5308 1563 5365 fuerit
1577 5310 1745 5385 inventum,
1761 5315 1830 5389 ipse
1844 5318 1885 5375 sit

204 5477 212 5511 ¹
228 5476 341 5534 Idiorna
369 5478 414 5532 est
438 5474 544 5546 lingue
570 5472 726 5541 Hebraicae,
741 5477 775 5528 ut
792 5473 924 5530 ebrictate
939 5493 990 5548 pro
1046 5467 1149 5542 pluviis·
1165 5470 1297 5541 irrigata.
1315 5468 1408 5525 Maur.

167 5549 408 5621 satietateponat,
425 5548 501 5603 sicut
525 5546 600 5602 Psal.
628 5562 701 5615 axrv,
718 5545 768 5615 tt;
784 5546 816 5601 lo
831 5545 990 5604 stillicidiis
1081 5540 1161 5597 'Pru
1197 5557 1294 5607 terre.
1322 5556 1454 5613 peronem
1480 5542 1525 5597 vol
1561 5542 1656 5612 {ollem
1688 5543 1722 5602 in
1761 5548 1887 5612 flabrare

167 5621 229 5692 ejus
237 5616 596 5692 inebuobuurperminuaq
610 5616 689 5673 baud
700 5617 901 5690 dubiumquiu
911 5622 989 5678 terra
1044 5622 1142 5681 habet.
1159 5623 1204 5681 lta
1218 5628 1246 5680 S.
1261 5624 1465 5698 Hieronymus.
1481 5623 1575 5682 Mser.
