3870 6120
65 192 140 252 aare
614 170 616 175 ’
722 152 1125 260 surancomasms.
1222 206 1225 212 ·
1704 204 1777 264 sere
1871 284 1875 291 Ι

138 331 205 374 rum
221 315 359 374 riotimas.
522 356 524 363 ‹
850 388 852 392 Α
904 332 932 400 Α
1018 339 1132 391 norem,

103 390 154 463 qui
170 389 307 445 nesoiuut
322 387 392 460 quid
410 389 519 449 fasiani
533 391 616 452 mali.
982 399 1011 453 et
1026 395 1100 453 nihil
1112 395 1309 453 desstanima
1326 395 1402 468 ejus,
1418 412 1453 454 ax
1464 400 1605 459 omnibus
1619 417 1684 476 qna
1695 369 1774 460 desi·
1895 480 1897 485 ,

64 461 149 534 (Cup.
164 459 211 532 V.)
226 459 268 517 Ne
282 464 393 518 temere
405 462 477 534 quid
494 462 635 537 loquaris.
1019 467 1121 524 derat:

102 547 199 605 neque
212 548 263 590 eor
285 535 371 588 tuum
386 533 427 590 sit
440 533 523 592 velox
545 537 581 594 ad
608 537 813 610 proferendum
830 554 893 598 aer·
946 541 1005 596 Neo
1019 538 1123 596 tribuit
1138 537 1164 594 ei
1179 542 1353 611 potestatem
1379 539 1458 597 Deus
1473 545 1507 599 ut
1522 543 1658 602 oomsdat
1678 562 1714 602 ex
1727 562 1772 605 eo.

141 620 260 660 monem
275 619 374 661 eorem
390 605 459 662 Deo.
981 608 1033 666 sed
1048 610 1137 666 homo
1152 615 1308 668 extraneus
1326 612 1444 669 vorabit
1458 613 1532 670 iliud
1549 632 1557 672 ε

62 676 144 735 Deus
158 675 278 758 enimin
293 676 378 744 emto,
393 682 422 734 et
435 681 466 734 tn
482 684 714 752 superterram:
981 680 1041 738 Hoo
1056 681 1180 753 vanitas,
1197 686 1226 737 et
1240 698 1347 755 magns
1361 683 1481 741 miseria
1495 691 1549 745 est.

103 746 213 804 ideireo
229 753 290 804 sint
304 747 392 821 pauni
407 764 558 808 sermones
574 752 627 809 tui.
892 762 896 767 '
945 750 976 807 Si
992 756 1128 826 genuerit
1143 753 1291 826 quispiam
1307 758 1425 811 eentum
1438 758 1460 827 ¹,

64 819 176 879 Multas
190 834 278 876 eurus
293 825 460 891 sequuntur
474 823 603 891 somnia,
982 830 1011 881 et
1024 824 1128 881 vixerit
1142 825 1253 881 multos
1269 842 1374 894 annos,

103 895 133 949 et
149 890 180 948 in
196 889 299 948 multis
314 893 502 950 sermonibus
516 894 664 952 invonitur
677 894 817 956 stultitia.
981 900 1010 951 et
1030 897 1129 968 piures
1142 896 1205 952 dies
1219 895 1312 953 utatis
1327 896 1474 967 habuerit,

66 964 99 1020 Si
113 963 183 1046 quid
198 961 302 1019 vovisti
316 963 438 1045 Deopne
454 967 578 1024 moraris
592 968 731 1025 reddere:
980 971 1010 1023 st
1024 968 1123 1024 anima
1137 966 1217 1023 iilius
1233 984 1290 1024 non
1307 969 1500 1026 utstnrbouis
1514 970 1686 1031 substantia
1697 989 1769 1047 sne,

103 1033 241 1108 displioet
256 1033 376 1091 enimsi
391 1035 522 1095 infidelis
535 1041 566 1095 et
578 1038 670 1097 stulta
678 1038 857 1113 promissio:
981 1039 1195 1111 sepulturaque
1209 1044 1305 1096 oareat
1318 1056 1325 1096 :

100 1107 153 1162 sed
168 1106 367 1179 quodeunque
383 1107 507 1180 voveris,
524 1110 624 1168 redde.
945 1107 986 1166 De
1001 1109 1055 1167 hoe
1070 1126 1124 1184 ego
1141 1112 1308 1194 pronuntio.

67 1176 223 1248 Multoque
238 1175 345 1234 meiius
360 1186 406 1234 est
419 1194 478 1235 non
494 1196 608 1249 vovere,
981 1181 1059 1252 quod
1080 1180 1244 1238 meliorilio
1259 1182 1298 1240 sit
1312 1181 1472 1252 abortivus,

67 1252 891 1395 atttritiitttmttttttittfiftiaaa·
944 1251 1421 1383 ifitiittitttttfatttti
1438 1255 1642 1399 {fufmbm’

376 1363 384 1390 ,
884 1367 891 1381 .
1507 1366 1515 1382 .

64 1407 204 1547 Νοῃᾷἳὶιὲ
212 1391 890 1538 firmanaeegeant?szlpgezlzerbmoolnesttgowdenm⁸
944 1394 1226 1551 Nossegossnogglneonii’t
1241 1467 1413 1552 distantiam
1431 1468 1499 1552 honi
1516 1476 1544 1526 et
1560 1471 1628 1528 maii
1645 1488 1652 1529 :

103 1536 229 1607 dissipet
241 1540 348 1593 eurota
361 1552 450 1609 opere
465 1555 607 1597 manuum
620 1545 750 1598 tuarum.
944 1538 1067 1596 Etiamsi
1083 1538 1199 1596 duobus
1216 1539 1351 1596 millibus
1364 1541 1452 1597 aunis
1464 1541 1581 1611 vixerit,

67 1605 123 1664 Ubi
139 1607 234 1663 muita
248 1612 319 1664 suut
330 1608 456 1678 somnia,
979 1615 1007 1666 et
1023 1627 1081 1667 non
1097 1611 1185 1668 fuerit
1200 1610 1360 1683 perfruitus
1375 1612 1481 1668 bonis:

100 1678 236 1752 piurima
251 1679 408 1764 vanitates,
422 1686 453 1739 et
464 1697 616 1741 sermones
632 1682 802 1743 innumeri.
908 1703 932 1769 p
981 1697 1078 1766 nonne
1093 1683 1129 1738 ad
1147 1699 1239 1767 unuin
1255 1682 1352 1768 ionum
1368 1691 1529 1757 properant
1543 1684 1670 1743 omnia?

101 1758 134 1878 tsi,
145 1750 446 1904 iliodgdgffldffiufflas
461 1840 635 1899 egenorum,
650 1830 680 1885 st
702 1826 830 1887 uolente
844 1827 893 1900 ju·
945 1751 1148 1908 offlam:
1160 1754 1508 1910 ffiffissnssssffffissfm

71 1958 74 1963 ,
142 1893 277 1976 diora..
358 1964 387 1979 Η
454 1967 460 1979 '
944 1895 1567 1982 Quidbabetampliussaprenaastuitof

103 1969 134 2021 et
147 1967 278 2022 subverti
289 1964 439 2036 justitiam
452 1983 483 2024 in
499 1968 660 2040 provincia,
979 1967 1092 2039 etquid
1107 1985 1228 2042 pauper,
1244 1985 1301 2026 nisi
1316 1974 1349 2026 ut
1362 1974 1465 2044 pergat
1479 1970 1561 2041 iilos,

65 2034 132 2093 Non
148 2037 264 2094 mireris
279 2053 370 2109 snper
384 2037 440 2097 hoe
454 2040 590 2113 negotIo:
983 2039 1033 2095 ubi
1047 2045 1091 2097 ast
1105 2041 1188 2097 vitai

102 2107 174 2180 quia
191 2108 305 2165 exosiso
320 2109 398 2165 eiius
412 2110 555 2168 exosisior
564 2117 620 2182 est,
979 2109 1085 2169 Melius
1100 2116 1146 2169 eat
1159 2112 1257 2168 videre
1271 2112 1347 2182 qnod
1360 2112 1473 2185 oupias.

62 2178 100 2235 et
115 2196 205 2262 super
217 2179 271 2237 hoa
286 2196 406 2253 quoqne
420 2181 631 2242 eminentiores
647 2187 718 2242 sunt
731 2184 794 2255 alii,
980 2198 1069 2310 Ἆυαιη
1085 2183 1252 2240 desiderare
1268 2184 1347 2256 quod
1362 2183 1499 2254 neseias;

103 2255 270 2323 etinsuper
289 2252 430 2308 universe
444 2255 890 2331 terrisraximperatservfenti.
944 2254 981 2312 Se
1012 2257 1041 2309 et
1056 2253 1240 2311 hoovanitas
1256 2257 1312 2320 sat,

63 2326 179 2379 Avarus
194 2340 252 2380 uon
268 2322 308 2380 im
331 2322 441 2381 inbitur
454 2325 600 2397 pecnnia:
980 2333 1007 2382 et
1023 2325 1214 2398 presumptio
1230 2324 1364 2398 spiritus.

102 2398 132 2451 et
146 2396 198 2467 qui
213 2402 294 2452 amat
307 2341 436 2478 divitias,
459 2397 574 2457 fruetus
589 2414 648 2458 non
672 2398 769 2473 oepist
782 2414 818 2457 ex
836 2398 891 2470 eis,
943 2397 996 2462 Qui
1013 2397 1132 2479 futurus
1148 2402 1204 2464 eat,
1216 2397 1280 2524 {aru
1299 2400 1436 2483 sopatum
1451 2402 1497 2455 eat
1512 2412 1620 2456 noman
1632 2398 1717 2471 ejns:

102 2467 423 2538 sthooergovanitas.
979 2471 1202 2541 otsoiturquod
1239 2473 1370 2526 omoart.

66 2535 122 2594 Ubi
140 2538 237 2594 multa
252 2543 322 2595 snut
337 2555 418 2610 opes,
978 2545 1007 2598 et
1021 2557 1079 2596 non
1096 2540 1190 2613 possit
1205 2544 1307 2597 eontra
1318 2539 1467 2597 fortiorem
1483 2556 1516 2599 se
1530 2540 1682 2614 injudicio
1697 2557 1769 2602 oon·

102 2609 189 2665 mniti
204 2614 234 2666 et
248 2610 298 2683 qui
314 2610 476 2668 comedunt
489 2627 550 2670 esa.
1014 2611 1143 2669 tendere.

66 2682 188 2763 Etouid
204 2682 324 2752 prodest
339 2684 514 2766 possessori,
942 2681 1123 2739 Verberant
1137 2680 1276 2765 piurima,
1470 2752 1477 2766 υ
1570 2753 1576 2766 ⁸

67 2752 604 2882 ndii‘iiiiff'ffii¹v¹t³⁸⁸f⁰¹¹¹i⁸
618 2754 704 2813 '⁰³⁸’
943 2751 1681 2899 (sitifitti'ttttititittt:tabita
1707 2843 1751 2884 aa

144 2843 152 2879 1
422 2843 516 2884 orani
1015 2868 1022 2883 .
1088 2867 1094 2880 ·
1752 2856 1769 2872 ·

101 2895 163 2953 aive
178 2912 296 2969 perum,
311 2896 372 2954 sive
387 2843 683 2956 idulium'rnmedat:
993 2841 1089 2953 prere.
1457 2965 1464 2978 ο
1532 2967 1538 2979 1
1686 2842 1705 2901 q

101 2966 242 3024 saturitas
257 2973 356 3024 autem
371 2969 472 3027 divitie
490 2987 548 3027 nou
565 2970 636 3028 sinit
661 2970 790 3029 dormire
809 2986 888 3028 eum.
978 2984 1046 3025 oum
1061 2967 1178 3042 ignoret
1193 2965 1264 3040 quid
1280 2967 1426 3023 eonduoat
1440 2967 1496 3023 sibi
1512 2971 1652 3043 ratosne,

67 3041 119 3095 Est
134 3044 165 3121 et
178 3038 236 3121 alia
250 3039 408 3098 infirmitas
421 3041 562 3126 pessime,
577 3057 666 3115 quam
679 3042 738 3101 vidi
758 3043 815 3101 snb
829 3038 928 3141 sole'c
980 3055 1104 3096 numero
1119 3038 1234 3096 dierum
1250 3037 1494 3111 peregrinationis
1510 3054 1588 3123 sue,

104 3109 212 3167 divitia
227 3116 408 3196 oonseryatae
421 3130 451 3196 ip
467 3113 579 3171 malum
595 3113 707 3197 domini
723 3115 788 3173 sni:
981 3115 1155 3197 attempero
1170 3108 1344 3194 quodyelut
1358 3109 1463 3168 umbra
1476 3110 1627 3184 preterit?

67 3183 733 3330 atttttfibi,:iitititfttttta
746 3256 822 3314 ase
946 3182 1436 3328 *ibiibifflfffffas
1450 3252 1512 3310 2010
1526 3252 1589 3311 ssi

104 3324 825 3398 sioutegressusestnnduadeutoromatriasoa,
850 3327 893 3386 sie
945 3271 1770 3411 Maioremnomenbouum,quamungusntapretiosa:

140 3402 314 3467 revertetur,
981 3402 1010 3455 et
1024 3398 1087 3455 dies
1102 3402 1207 3455 mortis
1222 3398 1269 3455 die
1284 3401 1457 3455 nativitatis.

103 3470 135 3525 et
149 3468 224 3525 nihii
237 3470 350 3526 auferet
364 3485 464 3527 seeum
480 3470 516 3527 de
530 3468 629 3528 labore
644 3488 708 3530 suo.
945 3469 1049 3527 Melius
1062 3474 1108 3527 est
1122 3470 1164 3526 ire
1179 3470 1215 3526 ad
1232 3471 1354 3527 domum
1371 3468 1479 3540 inatus,

64 3538 246 3597 itinerabiiis
261 3557 384 3613 prorsus
397 3541 577 3611 infirmitas3
980 3558 1070 3626 quam
1086 3542 1123 3597 ad
1139 3541 1261 3598 domum
1276 3540 1421 3599 eonoirii:

68 3611 660 3758 ntttfftttititttftiita
678 3685 709 3743 a
723 3689 844 3745 nem
946 3612 1770 3756 bittit?tttttttt‘iutitttt‘¹²⁰¹⁰¹¹²¹¹¹³2

106 3699 221 3812 ouuotrgs
235 3700 340 3812 ‹fiebus
355 3756 420 3813 vitas
435 3757 520 3814 snas?
848 3726 856 3757 '
945 3755 1047 3813 fdelior
1060 3760 1106 3812 est
1119 3755 1163 3810 ira
1179 3755 1240 3810 risu
1254 3771 1261 3810 :
1516 3824 1522 3836 ι

66 3823 204 3882 &medii
217 3827 246 3883 in
263 3827 392 3885 tenebris
404 3832 434 3884 et
447 3828 478 3885 iu
490 3827 570 3886 ouria
586 3827 699 3898 moitis,
980 3827 1050 3901 qnia
1066 3841 1117 3900 per
1134 3824 1286 3883 tristitiam
1295 3824 1406 3894 vuitus,
1417 3823 1576 3897 oorrigrtur
1586 3825 1705 3884 animus
1719 3825 1770 3883 de·

104 3901 135 3954 et
147 3897 178 3953 in
192 3914 325 3956 erumna
339 3904 428 3972 atque
443 3898 573 3957 tristitia.
1016 3896 1191 3982 linquentis.
1345 3966 1352 3978 ὑ

67 3967 129 4026 Hos
143 3968 244 4042 itaque
260 3969 334 4027 mihi
348 3970 445 4029 risum
460 3974 506 4028 est
520 3973 644 4040 bonum,
944 3967 1000 4026 Gor
1014 3969 1193 4044 sapientiam
1209 3967 1259 4024 nbi
1273 3967 1394 4025 tristitia
1405 3968 1464 4049 est,

105 4045 140 4097 ut
154 4042 288 4099 comedat
301 4043 378 4115 qnia,
391 4047 421 4099 et
435 4043 528 4111 bibat,
979 4043 1009 4097 et
1023 4058 1074 4099 nor
1088 4040 1247 4098 stultorum
1263 4040 1314 4097 ubi
1329 4037 1442 4122 letitia.

105 4120 135 4169 et
149 4111 264 4170 fruatur
279 4113 379 4171 latitia
394 4130 429 4171 ex
444 4114 543 4172 labore
558 4130 623 4188 suo,
945 4112 1051 4171 fdeiios
1065 4117 1110 4171 est
1124 4130 1141 4169 a
1155 4111 1288 4184 sapiente
1303 4111 1421 4182 corripi.
1495 4179 1501 4192 ,

105 4199 166 4256 quo
181 4184 324 4243 laboravit
338 4185 402 4258 ipse
415 4187 472 4243 sub
486 4188 559 4255 soie,
979 4200 1067 4255 onam
1083 4184 1241 4241 stultorum
1256 4181 1425 4240 adulatione
1439 4179 1547 4264 decipi,

67 4254 197 4312 Numero
212 4257 328 4314 dierum
344 4257 408 4313 vita
421 4274 492 4331 sue,
944 4256 1018 4322 Ouia
1032 4257 1109 4313 siout
1126 4255 1242 4312 sonitus
1266 4254 1418 4328 spinarum
1433 4252 1600 4309 ardentium
1622 4251 1679 4310 sub
1699 4251 1769 4327 oila,

105 4342 181 4399 quos
195 4328 275 4384 dedit
289 4329 316 4386 ei
331 4328 428 4386 Deus:
980 4327 1023 4385 sio
1038 4328 1116 4384 risus
1131 4325 1212 4383 stulti
1226 4342 1233 4382 :
1831 4351 1834 4355 ·

104 4404 135 4454 et
149 4397 210 4455 heo
223 4416 289 4472 pars
304 4399 396 4457 iliius.
980 4400 1033 4456 sed
1047 4402 1078 4456 et
1092 4399 1146 4456 hoo
1160 4397 1285 4454 vanitas.
1341 4467 1347 4481 ‚

64 4468 104 4527 ut
118 4469 200 4527 omni
213 4470 338 4539 homiui,
348 4472 397 4529 oui
412 4469 712 4546 deditDeusdivitias,
723 4474 812 4544 atque
821 4471 892 4529 eub-
905 4443 929 4510 D
944 4471 1099 4529 calumnis
1113 4470 1271 4527 conturbat
1284 4471 1458 4552 sapientem,

141 4541 298 4609 stantiam,
978 4548 1006 4600 et
1021 4542 1122 4616 perdet
1136 4542 1226 4599 robur
1237 4540 1334 4597 sordis
1349 4539 1440 4595 rifius.

105 4616 342 4686 potestatemque
357 4613 384 4671 ai
399 4613 504 4671 tribuit
520 4617 552 4670 ni
567 4613 701 4670 comedat
715 4613 818 4686 exeis,
943 4614 1048 4672 Melior
1062 4617 1107 4672 est
1117 4613 1185 4670 finis
1199 4612 1353 4678 orationis,
1369 4626 1459 4682 qnam
1476 4608 1667 4683 principium.

106 4686 135 4740 et
147 4683 263 4742 fruatur
283 4690 366 4759 parte
389 4702 453 4751 sua,
469 4691 499 4743 et
521 4686 633 4743 latetur
655 4685 692 4742 de
715 4686 815 4743 labore
835 4701 889 4744 suo
980 4685 1085 4743 molior
1101 4690 1147 4743 est
1160 4684 1277 4758 patiens
1292 4686 1455 4753 effugante.

104 4751 345 4814 honestdonum
363 4756 421 4813 Dei.
943 4756 1428 4837 Neveforsisadirasoendumz·
1484 4824 1489 4836 ¹

63 4827 133 4882 Nou
149 4828 228 4885 enim
243 4828 315 4886 satia
328 4827 530 4885 reeordebitur
544 4827 659 4885 dierum
673 4826 738 4884 vita
751 4844 824 4898 sue,
979 4829 1103 4902 quiaira
1117 4829 1147 4884 in
1163 4828 1230 4886 sinu
1246 4825 1330 4883 stulti
1346 4829 1516 4898 requieseat.

61 4913 100 4954 eo
116 4900 193 4970 qnod
212 4900 291 4957 Deus
306 4904 429 4984 occupet
443 4898 556 4957 deliciis
571 4916 621 4956 eor
634 4899 710 4972 ejus.
944 4900 986 4960 Ne
998 4901 1098 4958 dieas:
1119 4900 1205 4967 Ouid,
1221 4903 1321 4972 putas,
1337 4914 1433 4981 nausis
1448 4901 1494 4954 est

61 4969 150 5097 (Gap.
166 4967 226 5042 Vi.)
241 4974 292 5028 fist
306 4976 336 5028 et
350 4972 430 5028 atiud
446 4970 569 5038 maium,
589 4973 666 5055 qnod
681 4971 741 5028 vidi
756 4970 813 5029 sub
828 4969 890 5029 soie
979 4973 1055 5045 qnod
1072 4972 1169 5044 priora
1192 4975 1327 5044 tempora
1342 4967 1463 5027 meliora
1486 4969 1566 5026 fuera
1584 4982 1676 5040 qnam
1691 4981 1770 5026 nune

103 5055 119 5098 a
145 5041 265 5115 quidem
280 5044 418 5116 frequens
431 5042 508 5115 apud
522 5042 676 5100 homines:
1015 5043 1110 5100 sunt?

61 5109 378 5185 Vir,ouidedit1iens
393 5114 522 5185 divitias,
537 5119 568 5172 st
583 5113 778 5172 substantiam
794 5117 824 5173 st
837 5113 890 5171 ho·
979 5114 1071 5173 stulta
1084 5113 1161 5172 enim
1177 5115 1223 5171 eat
1237 5111 1445 5208 hujuscemodi
1461 5110 1662 5185 interrogatio.

102 5325 188 5386 ¹Nou
212 5328 303 5388 hebet
323 5327 463 5389 Hebrnus
487 5329 608 5386 verbum
626 5327 710 5400 filios,
735 5329 815 5403 qnod
831 5346 889 5388 non
944 5330 1001 5388 tius
1018 5330 1213 5400 interpretatus
1227 5329 1266 5384 est
1281 5324 1474 5398 Symmachus,
1497 5324 1610 5381 diana:
1624 5331 1652 5380 et
1666 5322 1716 5397 poi
1726 5321 1769 5380 oi·

62 5398 891 5475 unffimss.hioretinenteumeditisdtaar.-Vulgata
943 5397 1326 5474 sitrespidetodmantem.
1350 5397 1423 5454 Vide
1445 5396 1554 5452 tibrum
1582 5394 1770 5452 Commenta·
1867 5416 1870 5421 ·
1916 5470 1919 5477 Ι

58 5470 220 5547 subiungit
242 5474 355 5541 iiberos,
379 5473 501 5547 quidam
523 5488 597 5530 mss.
610 5470 704 5543 filios:
721 5471 795 5529 nihii
821 5489 890 5531 vero
944 5474 1055 5531 riorum
1072 5471 1239 5542 Hieronymi
1255 5470 1386 5553 inoaput
1400 5468 1558 5540 septimum
1571 5466 1767 5552 Ensissiaste,

61 5543 206 5602 Hebraeus
221 5549 330 5603 textus.
944 5549 1005 5602 etii
1043 5542 1143 5600 ouium
1162 5541 1192 5598 S.
1211 5540 1385 5615 Augustruh
1401 5538 1470 5613 qnia
1493 5539 1614 5595 omniuo
1628 5538 1685 5595 sibi
1700 5554 1769 5597 oon·

99 5614 157 5672 ¹in
173 5615 288 5690 aliquot
297 5632 371 5674 mss.
384 5614 538 5674 oodioibus
552 5614 672 5688 iegitur,
687 5614 754 5688 quid
776 5620 891 5688 luterus
943 5624 1011 5675 sent
1024 5620 1077 5672 unt
1100 5613 1177 5670 infra
1201 5629 1278 5670 vars.
1293 5614 1311 5669 8
1325 5618 1354 5669 at
1370 5612 1403 5668 10
1430 5610 1560 5684 Vulgata
1584 5614 1710 5679 nostra,
1738 5610 1768 5668 id

60 5685 113 5743 ait.
128 5685 269 5747 Getarum
289 5687 368 5746 hano
391 5687 565 5746 divisionem
589 5702 726 5745 vanuum
757 5690 892 5761 agnoseit
943 5693 1000 5758 est,
1014 5687 1045 5744 in
1065 5681 1279 5743 versiculorum
1304 5681 1495 5742 distinetione
1512 5697 1622 5756 ;qnam
1640 5683 1770 5743 Cenoma
1888 5756 1894 5763 Ι

61 5756 97 5816 8.
112 5756 398 5835 Hieronymus,nnm
413 5759 474 5819 ait:
489 5756 674 5818 Nouissimam
684 5775 794 5818 oerssm
807 5777 890 5836 opas·
943 5757 1124 5833 exemplaria
1134 5756 1272 5816 ratium.
1288 5760 1380 5814 itaer.
