3878 6150
543 256 651 316 alasa
667 258 836 317 ISDEM
853 257 1065 314 saonam.
1605 263 1660 322 olo

80 374 105 433 in
120 374 277 432 Dominum
293 374 386 433 Deum
402 380 487 434 tuum
510 380 701 453 prevaricata
721 399 753 439 es
791 381 820 448 Α
907 382 937 436 et
949 378 1129 440 habitatores
1143 383 1308 443 Jerusalem
1325 402 1332 442 ι

82 447 200 520 persisti
224 448 288 505 vias
303 453 372 505 tuas
386 449 491 508 alienis
513 453 568 509 sub
593 453 675 510 omni
699 453 778 528 ligno
834 456 876 508 Ne
890 449 965 508 lorte
980 453 1148 524 egrediatur
1163 460 1195 512 ut
1208 456 1287 530 ignis
1301 457 1464 530 indignatio
1478 474 1554 529 mea,

80 518 194 586 undoso,
400 592 406 604 ¹
439 590 446 606 ·
869 527 896 578 et
909 524 1115 596 succendatur,
1132 531 1161 583 et
1175 545 1233 585 nou
1250 529 1290 585 sit
1304 530 1353 600 qui
1369 530 1548 603 exstinguat,

79 606 134 647 :em
151 605 245 646 meam
263 607 321 648 non
338 592 459 661 audisti,
475 593 517 648 ait
530 593 684 652 Dominus.
870 598 988 666 propter
1002 595 1144 654 malitiam
1159 600 1371 672 cogitationum
1386 611 1559 660 vestrarum.

81 662 165 718 imini
186 662 239 744 (lt.
264 661 327 719 ado.
344 665 380 721 ad
406 664 474 737 ms),
500 664 563 734 lilii,
588 672 778 742 revertentes,
833 667 1011 722 denuntiate
1028 668 1055 722 in
1070 667 1157 738 Juda,

80 734 115 791 eit
128 733 273 790 Dominus
289 750 296 790 :
868 741 897 794 st
909 737 939 793 in
954 737 1117 796 Jerusalem
1134 741 1268 799 auditum
1285 743 1371 800 lenite
1386 760 1393 800 ε

80 821 128 880 ego
140 805 185 860 vir
200 809 297 861 vester
314 822 321 861 :
869 808 1035 880 loquimini,
1051 814 1079 866 et
1094 813 1190 869 canite
1204 815 1275 870 tuba
1286 814 1315 870 in
1331 819 1410 872 torre
1425 833 1432 872 ι

80 893 150 934 nam
167 893 217 932 ros
233 892 324 934 uuum
340 876 517 950 decivitate,
832 879 963 938 clamate
978 881 1103 950 sortiter,

80 966 109 1006 os
124 949 160 1004 de
175 948 357 1021 cognatione,
868 952 957 1009 dicite
973 968 981 1007 ι
996 953 1233 1027 congregamini,

82 1022 221 1077 ruducam
235 1037 286 1076 vos
301 1021 330 1075 in
346 1020 427 1077 Sion.
868 1028 897 1080 et
911 1023 1114 1096 ingrediamur
1129 1025 1262 1084 civitates
1278 1027 1419 1100 munitas,

93 1092 175 1149 vobis
190 1100 321 1165 pastores
336 1092 418 1163 juxta
433 1110 483 1150 cor
498 1111 617 1166 meum,
833 1099 936 1151 levate
951 1094 1068 1168 signum
1084 1096 1113 1152 iu
1127 1097 1208 1155 Sion.

80 1167 155 1223 vocnt
168 1180 220 1220 vos
232 1164 356 1233 scientia
369 1170 399 1220 et
412 1166 554 1223 doctrina.
832 1167 1056 1235 confortamini,
1073 1168 1164 1226 nolite
1179 1176 1267 1240 stare,

80 1253 87 1292 ι
101 1235 293 1319 multiplicati
308 1236 431 1303 fueritis,
448 1242 477 1294 et
491 1239 641 1297 creveritis
654 1239 683 1295 in
700 1245 778 1297 terra
868 1239 937 1311 quia
952 1236 1062 1295 malum
1075 1256 1128 1314 ego
1142 1241 1255 1298 adduco
1269 1240 1452 1314 abaquilone
1465 1246 1495 1300 st
1508 1243 1657 1301 contritio·

80 1307 176 1363 liebus
192 1307 263 1375 illis,
278 1307 320 1362 sit
333 1306 476 1366 Dominus
493 1326 501 1365 ι
903 1324 970 1366 nem
987 1326 1135 1384 magnam.

80 1380 164 1437 licent
179 1378 257 1434 ultra
271 1393 279 1434 τ
292 1384 365 1435 Arca
379 1380 698 1454 testamentissDomini3
831 1381 969 1438 Ascendit
981 1380 1026 1438 leo
1042 1383 1077 1439 de
1092 1382 1183 1440 cubili
1198 1401 1263 1452 suo,

80 1451 240 1507 inscendat
255 1466 343 1523 super
357 1468 416 1520 cor,
866 1458 895 1509 et
910 1454 1008 1524 prado
1023 1455 1155 1526 gentium
1168 1471 1200 1512 se
1215 1454 1328 1513 levavit.

80 1539 86 1579 ι
102 1521 334 1578 recordabuntur
348 1522 428 1578 illius
445 1539 452 1578 ι
830 1525 975 1597 Egressus
989 1530 1036 1582 est
1049 1527 1085 1583 de
1098 1526 1162 1584 loco
1176 1544 1240 1598 suo,

79 1594 237 1659 isitabitun
255 1593 371 1649 neellel
387 1594 472 1651 ultra.
867 1601 899 1652 ut
913 1600 1003 1668 ponat
1018 1601 1123 1654 terrm
1139 1602 1220 1655 tuam
1236 1599 1266 1655 in
1286 1598 1499 1657 desolationem
1513 1599 1568 1674 (At.
1584 1599 1656 1658 soli-

80 1681 133 1722 iore
143 1664 193 1721 illo
204 1665 637 1723 vocabuntJerusalemsolium
647 1667 776 1738 Domini,
902 1667 1048 1738 tudinem)
1065 1687 1072 1726 :

80 1737 289 1820 igmgabuntur
304 1737 340 1794 ad
357 1753 421 1793 eam
442 1755 544 1795 omnes
560 1746 662 1812 gentes
677 1740 707 1796 in
724 1757 777 1798 no·
792 1755 816 1822 Β
831 1737 968 1796 Civitates
982 1745 1040 1796 tas
1055 1739 1260 1813 vastabuntur,

80 1824 105 1865 le
121 1809 235 1864 Domini
253 1825 280 1863 ιιι
296 1808 473 1877 Jerusalem,
904 1817 1089 1869 remanentes
1104 1813 1216 1886 absque
1231 1812 1404 1871 habitatore.

80 1898 88 1935 ι
105 1879 301 1936 ambulabunt
323 1885 387 1954 post
412 1881 587 1954 pravitatem
612 1883 710 1940 cordis
730 1883 778 1940 sui
832 1882 926 1954 Super
940 1881 995 1939 hoc
1009 1883 1153 1956 accingite
1166 1901 1217 1941 vos
1232 1884 1345 1954 ciliciis,

80 1951 157 2008 simi.
197 2021 235 2034 Η
868 1952 1187 2027 plangiteetululate:

80 2040 107 2080 rs
122 2023 181 2079 illis
195 2022 250 2078 rbrt
265 2023 372 2079 domus
386 2023 462 2080 luda
476 2025 511 2080 ad
528 2027 650 2082 domum
675 2025 776 2095 lsrael,
868 2026 937 2098 quia
952 2030 1069 2083 nonest
1084 2043 1183 2084 aversa
1206 2026 1250 2084 ira
1264 2026 1371 2083 luroris
1393 2028 1510 2085 Domini
1525 2045 1542 2087 a
1556 2028 1652 2086 nobis.

80 2096 146 2151 dent
161 2093 250 2151 simul
275 2095 310 2150 de
334 2098 412 2151 terra
432 2096 590 2168 aquilonis,
606 2097 643 2154 ad
668 2103 776 2155 terram
832 2096 867 2152 ut
883 2097 938 2152 erit
953 2097 983 2152 in
997 2097 1043 2153 die
1059 2097 1119 2161 illa,
1133 2098 1204 2155 dicit
1218 2098 1384 2155 Dominus:

80 2184 113 2223 m
129 2167 194 2223 dedi
213 2165 346 2238 patribus
362 2168 476 2223 vestris.
868 2168 977 2225 Peribit
991 2184 1041 2226 nor
1056 2171 1142 2243 regis,
1158 2173 1187 2226 et
1201 2185 1250 2226 cor
1266 2169 1430 2243 principum
1448 2186 1456 2227 z

82 2255 128 2295 em
144 2238 202 2294 dixi
221 2256 228 2294 :
245 2239 395 2304 Quomodo
420 2256 526 2311 ponam
541 2243 569 2296 te
585 2240 613 2296 in
629 2239 706 2298 illios
721 2241 775 2310 (lt.
868 2243 896 2295 et
911 2240 1121 2313 obstupescent
1136 2243 1311 2310 sacerdotes,

82 2311 119 2383 s).
867 2316 896 2368 et
909 2311 1056 2384 prophete
1072 2313 1350 2370 consternabuntur.

80 2398 161 2439 auam
175 2379 231 2436 tibi
248 2384 354 2437 terram
372 2382 608 2451 desiderabilem,
831 2384 866 2439 Et
878 2382 936 2439 dixi
954 2399 961 2438 ι
978 2383 1051 2455 lleu,
1067 2385 1134 2454 lieu,
1148 2384 1215 2441 beu.
1233 2385 1354 2442 Domine
1370 2388 1457 2454 Deus,

80 2455 189 2510 litatem
207 2451 376 2525 preclaram
391 2454 570 2511 exercituum
584 2453 743 2528 gentium?
832 2456 944 2528 lingone
958 2454 1100 2529 decepisti
1115 2456 1257 2529 populum
1271 2456 1361 2513 istum
1378 2463 1407 2513 et
1420 2456 1595 2527 Jerusalem,
1611 2456 1656 2514 di·

80 2543 86 2581 :
103 2526 219 2581 Patrem
235 2525 351 2581 vocabis
365 2541 422 2592 me,
903 2541 972 2582 cens
989 2543 996 2582 ι

80 2601 99 2652 it
113 2612 160 2652 me
175 2596 288 2668 ingredi
305 2613 363 2652 non
378 2596 519 2663 cessabis.
868 2602 925 2653 Pax
939 2597 994 2654 erit
1008 2597 1090 2655 vobis
1106 2614 1112 2651 :

80 2669 201 2724 modosi
216 2671 385 2724 contemnat
396 2668 777 2736 mulieramatorernsuum,
868 2673 897 2724 ot
911 2684 977 2725 ecce
992 2671 1124 2742 pervenit
1140 2668 1257 2741 gladius
1272 2685 1367 2741 usqne
1379 2670 1416 2727 ad
1430 2670 1588 2727 animam?

83 2739 224 2812 ntempsit
240 2756 286 2795 me
301 2740 408 2796 domus
423 2740 524 2808 lsrael,
535 2740 574 2797 ait
589 2739 742 2796 Dominus.
833 2745 865 2799 ln
882 2746 1013 2812 tempore
1027 2739 1076 2796 ille
1091 2740 1204 2797 dicetur
1219 2741 1326 2813 populo
1342 2742 1410 2798 huic
1426 2746 1455 2797 et
1469 2742 1632 2799 Jerusalem
1649 2758 1657 2798 ι

79 2810 134 2867 viis
149 2810 248 2867 audita
262 2814 317 2881 est,
834 2815 940 2870 Ventus
956 2828 1044 2867 urruns
1061 2811 1172 2881 inviis,
1188 2827 1251 2883 qum
1268 2817 1337 2868 sunt
1353 2813 1384 2868 in
1399 2814 1514 2871 deserto
1529 2813 1657 2870 vicelllire

80 2887 126 2937 tus
140 2887 170 2937 et
184 2881 317 2938 ululatus
332 2880 459 2937 liliorum
477 2880 588 2938 lsrael:
904 2880 961 2954 (lt.
978 2882 1041 2954 lilii)
1059 2882 1156 2955 populi
1174 2885 1242 2949 mei,

80 2969 103 3009 m
120 2953 160 3008 ini
185 2970 251 3008 uam
270 2954 399 3009 lecerunt
414 2953 491 3009 viam
507 2970 602 3023 suam,
869 2971 927 3010 non
944 2953 980 3010 ad
996 2954 1197 3011 ventilandum
1212 2960 1242 3012 et
1263 2955 1298 3010 ad
1317 2954 1375 3028 (ll.
1391 2972 1449 3012 non
1465 2956 1514 3030 ad)
1529 2971 1659 3028 purgan-

91 3030 162 3081 sunt
200 3025 289 3081 omini
306 3025 357 3082 Dei
373 3025 430 3080 sui.
904 3027 987 3081 dum.

80 3096 148 3163 imi,
166 3096 227 3161 lllii,
244 3101 432 3165 revertentes,
793 3127 815 3194 c
834 3097 961 3170 Spiritus
977 3096 1082 3169 plenus
1095 3114 1130 3154 ex
1143 3097 1190 3154 his
1205 3097 1302 3154 veniet
1316 3096 1387 3153 mihi
1406 3113 1413 3151 :

80 3168 148 3224 rabo
163 3168 329 3225 aversiones
344 3179 465 3226 vestras.
869 3172 898 3225 et
914 3185 992 3225 nunc
1006 3185 1059 3242 ego
1074 3169 1178 3241 loquar
1191 3169 1301 3241 iudicia
1317 3186 1381 3226 mea
1396 3186 1463 3227 cum
1479 3169 1533 3226 eis.

83 3241 251 3297 nvenimus
268 3241 302 3295 ad
318 3245 347 3295 te
365 3257 373 3296 τ
834 3242 906 3297 Ecce
922 3240 1007 3313 quasi
1024 3242 1119 3299 nubes
1134 3242 1314 3313 ascendet,et
1330 3242 1587 3317 quasitempastas
1598 3256 1661 3297 our·

80 3312 114 3367 [m
129 3328 161 3367 es
175 3310 320 3368 Dominus
337 3313 412 3367 Deus
431 3319 539 3369 noster.
906 3329 957 3368 rus
971 3312 1036 3382 eius
1052 3328 1059 3368 :

80 3383 198 3440 audaces
212 3387 296 3439 erant
310 3383 411 3450 colles,
869 3383 1027 3441 velociores
1043 3381 1152 3456 aquilis
1166 3383 1235 3456 equi
1249 3383 1330 3441 illius
1346 3401 1353 3438 :

80 3456 148 3511 ludo
164 3455 309 3510 montium
328 3471 334 3509 :
870 3472 913 3512 ιιι
929 3454 1025 3521 nobis,
1041 3455 1181 3540 quoniam
1196 3457 1299 3512 vastati
1315 3471 1430 3512 sumus.

87 3525 211 3583 Domino
229 3527 283 3582 Deo
301 3531 400 3582 nostro
416 3526 501 3583 salus
517 3526 619 3585 lsrael.
837 3530 941 3586 Lavaa
966 3525 1081 3584 malitia
1109 3543 1160 3584 cor
1186 3531 1282 3596 tuum,
1310 3527 1487 3597 Jerusalem,
1517 3532 1551 3584 ut
1578 3525 1659 3585 salva

82 3597 241 3656 ocomedit
263 3598 392 3655 laborem
416 3603 532 3671 patrum
559 3603 728 3657 nostrorum
744 3599 780 3654 ab
907 3599 984 3654 llas:

80 3670 225 3728 ‚lescentiu
241 3676 353 3736 nostra,
872 3685 1027 3744 usquequo
1043 3669 1238 3725 morabuntur
1253 3670 1281 3725 in
1297 3674 1326 3727 te
1341 3669 1532 3744 cogitationes
1547 3669 1662 3727 noxie?

80 3759 99 3799 ta
114 3758 225 3807 eorum,
243 3748 271 3798 et
286 3745 419 3797 armentu
434 3758 546 3812 eorum,
839 3742 897 3798 llox
911 3741 988 3798 enim
1006 3740 1212 3796 annuntiantis
1225 3759 1242 3797 a
1256 3741 1329 3807 Dan,

86 3830 199 3883 eorum,
215 3819 243 3869 et
259 3814 333 3869 illias
350 3829 462 3870 eorum.
872 3817 901 3869 et
916 3818 1019 3869 notum
1035 3811 1291 3869 facientisidolum
1307 3814 1342 3869 de
1359 3818 1457 3869 monte
1472 3811 1624 3885 Ephraim.

81 3902 147 3942 mus
158 3887 187 3940 in
204 3886 372 3941 confusione
389 3890 488 3940 nostra
504 3900 511 3940 ε
837 3885 929 3941 Dicite
944 3884 1085 3957 gentibus
1099 3884 1121 3938 ².

80 3958 150 4012 erist
166 3973 219 4012 nos
234 3956 397 4029 ignominia
413 3961 511 4012 nostra
527 3976 534 4015 ι
838 3958 908 4013 llece
923 3955 1057 4013 auditum
1072 3959 1117 4011 est
1132 3953 1161 4009 in
1177 3952 1351 4023 Jerusalem,
1362 3955 1498 4011 custodes
1511 3952 1610 4009 venire
1626 3952 1662 4008 de

80 4045 106 4084 m
122 4028 244 4084 Domino
259 4034 318 4084 Deo
334 4032 434 4084 nostro
450 4027 635 4101 peccavimus
651 4043 716 4096 nos,
910 4031 988 4082 terra
1002 4025 1172 4099 longinqua,

80 4098 255 4226 trosinostri,
271 4100 310 4156 ab
319 4099 517 4156 adolescentia
527 4103 627 4155 nostra
639 4115 732 4171 usqne
747 4098 784 4154 ad
874 4104 903 4155 et
916 4100 987 4155 dore
1001 4096 1212 4170 (Atdederunt)
1228 4113 1316 4170 super
1328 4096 1460 4155 civitates
1474 4096 1490 4153 J
1494 4096 1550 4152 uda
1560 4111 1660 4153 vocem

80 4188 111 4228 uc
148 4187 215 4237 rem,
911 4186 1006 4227 suam.

83 4260 101 4298 n
117 4242 285 4299 andivimus
299 4258 398 4298 vocem
416 4241 533 4298 Domini
547 4241 598 4297 Dei
614 4241 706 4298 nostri
724 4257 730 4295 :
840 4243 929 4313 Quasi
944 4241 1082 4299 custodes
1106 4255 1242 4312 agrorum
1270 4240 1339 4296 lacti
1354 4243 1424 4297 sunt
1447 4255 1616 4313 supeream
1634 4238 1664 4294 in

80 4317 116 4385 J).
132 4315 162 4369 Si
177 4315 355 4371 converteris
371 4317 378 4350 ¹
406 4314 466 4386 (At.
484 4314 661 4385 reverteris),
687 4313 786 4377 lsrael,
911 4330 982 4398 gyro
998 4329 1005 4368 :

80 4386 212 4454 ominus,
876 4403 946 4459 qula
961 4399 1007 4441 me
1023 4383 1059 4440 ad
1074 4382 1256 4439 iracundiam
1273 4381 1493 4455 provocavit,ait
1508 4379 1666 4438 Dominus.

88 4473 134 4513 me
149 4461 319 4514 convertere
840 4457 900 4514 Viae
916 4463 973 4514 tua
988 4461 1017 4513 et
1031 4455 1223 4528 cogitationes
1238 4460 1296 4511 tum
1311 4456 1442 4511 iecerunt
1456 4453 1517 4509 bac
1532 4453 1586 4509 tibi
1604 4469 1612 4508 :

80 4530 169 4587 oleris
184 4529 360 4586 oliendioula
373 4533 451 4585 tuae
467 4528 538 4584 lucie
554 4544 628 4599 mea,
805 4504 827 4567 ὓ
878 4531 935 4585 ista
951 4527 1064 4585 malitis
1078 4532 1140 4593 tua,
1155 4527 1225 4610 quia
1238 4543 1347 4593 amara,

80 4619 95 4657 n
111 4601 351 4658 commoveberis.
881 4601 951 4672 quia
964 4599 1020 4671 (At.
1039 4603 1108 4655 locet
1124 4599 1204 4670 quia)
1218 4598 1315 4669 tetigit
1329 4613 1378 4652 cor
1392 4599 1488 4652 tuum.

83 4673 129 4730 bis
143 4692 151 4732 ι
165 4674 243 4730 Vivit
272 4673 411 4729 Dominus
428 4672 459 4727 in
482 4671 615 4737 veritate,
639 4672 669 4725 et
689 4669 718 4724 in
740 4669 789 4742 Ju·
846 4672 984 4728 Ventrem
1001 4685 1111 4739 meum,
1126 4674 1257 4725 ventrem
1274 4684 1371 4724 meum
1385 4666 1481 4732 doleo,

80 4745 128 4813 cio,
350 4754 354 4759 “
687 4784 696 4798 .
882 4759 989 4799 sensus
1003 4741 1099 4797 cordis
1115 4742 1171 4797 mei
1187 4740 1297 4797 turbati
1312 4744 1381 4796 sunt
1396 4739 1425 4795 iu
1443 4756 1489 4796 me
1505 4755 1512 4795 :

90 4817 225 4887 justitia3
847 4816 910 4871 Non
925 4811 1037 4879 tacebo,

80 4887 224 4944 medicant
237 4902 303 4942 curn
319 4890 432 4959 gentes,
443 4886 602 4957 ipsumque
617 4881 791 4939 laudabunt.
883 4884 1020 4958 quoniam
1037 4899 1135 4940 vocem
1152 4882 1282 4939 buccinae
1296 4881 1519 4939 audivitanima
1535 4878 1673 4947 mea,cla·

80 4959 128 5014 lim
146 4959 218 5015 dicit
231 4957 375 5014 Dominus
390 4957 450 5013 viro
470 4957 547 5014 Juda
561 4962 590 5015 et
604 4954 767 5012 Jerusalem
786 4972 792 5009 ε
920 4972 1032 5013 morem
1050 4954 1150 5029 praelii.

80 5034 115 5086 ite
130 5031 213 5086 vobis
228 5027 342 5096 novale,
849 5027 992 5085 contritio
1008 5044 1097 5102 snper
1111 5024 1316 5082 contritionem
1332 5027 1435 5081 vocata
1449 5030 1505 5092 est,

80 5100 138 5157 vlits
153 5115 249 5157 serere
262 5115 352 5172 super
367 5098 469 5172 spinas
486 5116 493 5155 :
886 5106 916 5154 et
929 5102 1044 5155 vastata
1057 5103 1102 5155 est
1116 5096 1213 5154 omnis
1229 5102 1305 5151 terra
1322 5111 1329 5150 :

80 5171 222 5230 icidimini
236 5173 372 5237 Domino,
851 5170 980 5241 Repente
994 5174 1107 5226 vastata
1121 5172 1191 5225 sunt
1202 5165 1393 5225 tabernacula
1408 5181 1484 5235 mea,

80 5243 455 5318 ilerteprsputiaoordium
466 5239 796 5307 vestrorum,viriJuda,
887 5241 986 5298 subito
1001 5239 1091 5314 pelles
1107 5257 1187 5296 meas.

94 5476 256 5544 utrumque
270 5473 422 5547 exemplar
435 5471 606 5538 canoniani
620 5486 799 5528 mssomnes
889 5473 900 5507 ¹
916 5472 1006 5528 Miror
1020 5471 1090 5542 quid
1106 5487 1200 5527 eausa
1224 5469 1368 5527 exstiterit
1382 5474 1424 5536 ut,
1442 5485 1494 5541 pro
1508 5465 1595 5524 dicite
1608 5482 1678 5535 peo-

80 5543 468 5616 sBibliorum,unoeacepto
484 5543 649 5604 recentiori.
665 5543 715 5614 qui
729 5543 801 5613 legit
853 5544 939 5606 tibus,
955 5542 1071 5616 legatur
1083 5542 1113 5599 in
1137 5542 1255 5598 Canono
1275 5548 1305 5599 et
1328 5544 1441 5597 ceteris
1467 5557 1522 5596 ms.
1547 5539 1680 5595 concitato

80 5617 133 5673 ris.
149 5618 181 5672 ln
201 5617 427 5674 Commentariis
442 5615 690 5688 quoquevorbum
709 5629 801 5672 res-er·
855 5624 951 5686 pentes
962 5632 972 5676 ‚·
984 5615 1112 5671 maxime
1126 5631 1194 5670 cum
1210 5613 1240 5669 in
1266 5613 1353 5670 editis
1365 5619 1394 5669 et
1409 5629 1465 5670 ms.
1488 5611 1571 5667 libris
1594 5611 1680 5668 Corn-

80 5686 198 5759 niptum
215 5686 800 5760 habetur:sedperindeest3eligatuuus-
858 5686 1071 5744 montariorum
1096 5686 1289 5761 Hieronymus
1317 5685 1403 5758 legat,
1432 5684 1516 5743 dicite
1542 5680 1680 5757 gentibus.

80 5774 102 5815 ie
116 5758 178 5888 ιιοίιΙ
189 5758 332 5828 voluerit;
349 5761 469 5833 quando
484 5761 515 5817 in
530 5776 621 5818 sensu
632 5759 747 5817 nullum
759 5765 804 5818 est
858 5762 946 5816 llam.

80 5844 135 5888 im.
178 5844 244 5888 aar.
