<?xml version="1.0" encoding="UTF-8"?>
<!DOCTYPE html PUBLIC "-//W3C//DTD XHTML 1.0 Transitional//EN"
    "http://www.w3.org/TR/xhtml1/DTD/xhtml1-transitional.dtd">
<html xmlns="http://www.w3.org/1999/xhtml" xml:lang="en" lang="en">
 <head>
  <title>
</title>
<meta http-equiv="Content-Type" content="text/html;charset=utf-8" />
  <meta name='ocr-system' content='tesseract 3.04.00' />
  <meta name='ocr-capabilities' content='ocr_page ocr_carea ocr_par ocr_line ocrx_word'/>
</head>
<body>
  <div class='ocr_page' id='page_1' title='image "./patrologiaecurs13goog_0316.png"; bbox 0 0 3878 6150; ppageno 0'>
   <div class='ocr_carea' id='block_1_1' title="bbox 118 272 1824 495">
    <p class='ocr_par' dir='ltr' id='par_1_1' title="bbox 118 272 1824 495">
     <span class='ocr_line' id='line_1_1' title="bbox 122 272 1824 365; baseline 0.004 -19"><span class='ocrx_word' id='word_1_1' title='bbox 122 289 170 346; x_wconf 74' lang='lat' dir='ltr'>aas</span> <span class='ocrx_word' id='word_1_2' title='bbox 795 299 902 353; x_wconf 80' lang='lat' dir='ltr'>niusa</span> <span class='ocrx_word' id='word_1_3' title='bbox 920 298 932 349; x_wconf 90' lang='lat'>1</span> <span class='ocrx_word' id='word_1_4' title='bbox 951 298 1140 352; x_wconf 81' lang='lat' dir='ltr'>sannaus.</span> <span class='ocrx_word' id='word_1_5' title='bbox 1209 356 1213 365; x_wconf 62' lang='grc'><strong>,</strong></span> <span class='ocrx_word' id='word_1_6' title='bbox 1322 272 1327 281; x_wconf 85' lang='grc'><em>’</em></span> <span class='ocrx_word' id='word_1_7' title='bbox 1768 295 1824 352; x_wconf 82' lang='lat' dir='ltr'>aas</span> 
     </span>
     <span class='ocr_line' id='line_1_2' title="bbox 118 395 1824 495; baseline 0.004 -22"><span class='ocrx_word' id='word_1_8' title='bbox 118 419 185 488; x_wconf 76' lang='lat' dir='ltr'>hm,</span> <span class='ocrx_word' id='word_1_9' title='bbox 200 415 461 488; x_wconf 84' lang='lat' dir='ltr'>quiasacrillcium</span> <span class='ocrx_word' id='word_1_10' title='bbox 477 422 522 477; x_wconf 84' lang='lat' dir='ltr'>est</span> <span class='ocrx_word' id='word_1_11' title='bbox 535 419 623 477; x_wconf 91' lang='lat' dir='ltr'>hodie</span> <span class='ocrx_word' id='word_1_12' title='bbox 638 422 746 495; x_wconf 92' lang='lat' dir='ltr'>populo</span> <span class='ocrx_word' id='word_1_13' title='bbox 770 423 801 479; x_wconf 91' lang='lat' dir='ltr'>in</span> <span class='ocrx_word' id='word_1_14' title='bbox 814 419 938 478; x_wconf 89' lang='lat' dir='ltr'>excelso.</span> <span class='ocrx_word' id='word_1_15' title='bbox 954 419 982 486; x_wconf 73' lang='lat' dir='ltr'>A</span> <span class='ocrx_word' id='word_1_16' title='bbox 996 419 1071 476; x_wconf 86' lang='lat' dir='ltr'>rexit</span> <span class='ocrx_word' id='word_1_17' title='bbox 1085 420 1175 478; x_wconf 87' lang='lat' dir='ltr'>Saul:</span> <span class='ocrx_word' id='word_1_18' title='bbox 1206 419 1376 494; x_wconf 77' lang='lat' dir='ltr'>egressique</span> <span class='ocrx_word' id='word_1_19' title='bbox 1391 424 1461 477; x_wconf 90' lang='lat' dir='ltr'>suut</span> <span class='ocrx_word' id='word_1_20' title='bbox 1476 420 1574 492; x_wconf 83' lang='lat' dir='ltr'>ambo,</span> <span class='ocrx_word' id='word_1_21' title='bbox 1590 419 1655 494; x_wconf 88' lang='lat' dir='ltr'>ipse</span> <span class='ocrx_word' id='word_1_22' title='bbox 1681 395 1824 481; x_wconf 74' lang='lat' dir='ltr'>uidelicet</span> 
     </span>
    </p>
   </div>
   <div class='ocr_carea' id='block_1_2' title="bbox 115 505 1936 583">
    <p class='ocr_par' dir='ltr' id='par_1_2' title="bbox 115 505 1936 583">
     <span class='ocr_line' id='line_1_3' title="bbox 115 505 1936 583; baseline 0.003 -20"><span class='ocrx_word' id='word_1_23' title='bbox 115 505 315 579; x_wconf 81' lang='lat' dir='ltr'>ingredientes</span> <span class='ocrx_word' id='word_1_24' title='bbox 341 506 456 576; x_wconf 88' lang='lat' dir='ltr'>urbem,</span> <span class='ocrx_word' id='word_1_25' title='bbox 471 510 572 566; x_wconf 87' lang='lat' dir='ltr'>atatim</span> <span class='ocrx_word' id='word_1_26' title='bbox 596 509 752 567; x_wconf 86' lang='lat' dir='ltr'>invenietis</span> <span class='ocrx_word' id='word_1_27' title='bbox 767 527 834 567; x_wconf 91' lang='lat' dir='ltr'>cum</span> <span class='ocrx_word' id='word_1_28' title='bbox 859 513 942 567; x_wconf 89' lang='lat' dir='ltr'>ente·</span> <span class='ocrx_word' id='word_1_29' title='bbox 996 513 1025 565; x_wconf 93' lang='lat' dir='ltr'>et</span> <span class='ocrx_word' id='word_1_30' title='bbox 1038 510 1167 566; x_wconf 79' lang='lat' dir='ltr'><strong>Samuel.</strong></span> <span class='ocrx_word' id='word_1_31' title='bbox 1182 510 1312 582; x_wconf 85' lang='lat' dir='ltr'>Cumque</span> <span class='ocrx_word' id='word_1_32' title='bbox 1325 510 1533 567; x_wconf 80' lang='lat' dir='ltr'>descenderent</span> <span class='ocrx_word' id='word_1_33' title='bbox 1546 509 1576 565; x_wconf 92' lang='lat' dir='ltr'>in</span> <span class='ocrx_word' id='word_1_34' title='bbox 1592 513 1721 567; x_wconf 87' lang='lat' dir='ltr'>extrema</span> <span class='ocrx_word' id='word_1_35' title='bbox 1741 515 1824 583; x_wconf 89' lang='lat' dir='ltr'>parte</span> <span class='ocrx_word' id='word_1_36' title='bbox 1933 528 1936 533; x_wconf 90' lang='lat'>·</span> 
     </span>
    </p>
   </div>
   <div class='ocr_carea' id='block_1_3' title="bbox 111 595 1823 940">
    <p class='ocr_par' dir='ltr' id='par_1_3' title="bbox 114 595 1823 849">
     <span class='ocr_line' id='line_1_4' title="bbox 116 595 1823 674; baseline 0.003 -23"><span class='ocrx_word' id='word_1_37' title='bbox 116 610 207 669; x_wconf 86' lang='lat' dir='ltr'>qnam</span> <span class='ocrx_word' id='word_1_38' title='bbox 220 595 363 652; x_wconf 74' lang='lat' dir='ltr'>ascendet</span> <span class='ocrx_word' id='word_1_39' title='bbox 383 595 414 652; x_wconf 90' lang='lat' dir='ltr'>iu</span> <span class='ocrx_word' id='word_1_40' title='bbox 431 595 494 669; x_wconf 82' lang='lat' dir='ltr'>[ma.</span> <span class='ocrx_word' id='word_1_41' title='bbox 511 599 620 672; x_wconf 83' lang='lat' dir='ltr'>ctl&#39;ulp.</span> <span class='ocrx_word' id='word_1_42' title='bbox 631 600 733 674; x_wconf 84' lang='lat' dir='ltr'>taceat]</span> <span class='ocrx_word' id='word_1_43' title='bbox 749 600 777 656; x_wconf 92' lang='lat' dir='ltr'>in</span> <span class='ocrx_word' id='word_1_44' title='bbox 794 599 941 656; x_wconf 88' lang='lat' dir='ltr'>excelsum</span> <span class='ocrx_word' id='word_1_45' title='bbox 996 598 1134 667; x_wconf 87' lang='lat' dir='ltr'>civitatis,</span> <span class='ocrx_word' id='word_1_46' title='bbox 1149 600 1266 655; x_wconf 80' lang='lat' dir='ltr'>Samuel</span> <span class='ocrx_word' id='word_1_47' title='bbox 1278 599 1351 655; x_wconf 85' lang='lat' dir='ltr'>dixit</span> <span class='ocrx_word' id='word_1_48' title='bbox 1365 600 1400 654; x_wconf 88' lang='lat' dir='ltr'>nd</span> <span class='ocrx_word' id='word_1_49' title='bbox 1416 597 1482 654; x_wconf 89' lang='lat' dir='ltr'>Saul</span> <span class='ocrx_word' id='word_1_50' title='bbox 1500 615 1506 654; x_wconf 93' lang='lat'><strong>:</strong></span> <span class='ocrx_word' id='word_1_51' title='bbox 1523 598 1574 654; x_wconf 90' lang='lat' dir='ltr'>Dic</span> <span class='ocrx_word' id='word_1_52' title='bbox 1585 615 1675 671; x_wconf 89' lang='lat' dir='ltr'>puero</span> <span class='ocrx_word' id='word_1_53' title='bbox 1691 604 1724 655; x_wconf 91' lang='lat' dir='ltr'>ut</span> <span class='ocrx_word' id='word_1_54' title='bbox 1739 603 1823 656; x_wconf 89' lang='lat' dir='ltr'>ante·</span> 
     </span>
     <span class='ocr_line' id='line_1_5' title="bbox 115 683 1819 761; baseline 0.002 -20"><span class='ocrx_word' id='word_1_55' title='bbox 115 683 149 741; x_wconf 82' lang='lat' dir='ltr'>sd</span> <span class='ocrx_word' id='word_1_56' title='bbox 165 683 360 741; x_wconf 81' lang='lat' dir='ltr'>vescendum.</span> <span class='ocrx_word' id='word_1_57' title='bbox 375 683 476 758; x_wconf 86' lang='lat' dir='ltr'>Neque</span> <span class='ocrx_word' id='word_1_58' title='bbox 499 687 578 743; x_wconf 91' lang='lat' dir='ltr'>enim</span> <span class='ocrx_word' id='word_1_59' title='bbox 598 703 771 746; x_wconf 79' lang='lat' dir='ltr'>comesurus</span> <span class='ocrx_word' id='word_1_60' title='bbox 785 694 832 745; x_wconf 87' lang='lat' dir='ltr'>eet</span> <span class='ocrx_word' id='word_1_61' title='bbox 845 704 942 760; x_wconf 93' lang='lat' dir='ltr'>popu·</span> <span class='ocrx_word' id='word_1_62' title='bbox 995 687 1079 743; x_wconf 86' lang='lat' dir='ltr'>cedat</span> <span class='ocrx_word' id='word_1_63' title='bbox 1095 703 1159 754; x_wconf 90' lang='lat' dir='ltr'>nos,</span> <span class='ocrx_word' id='word_1_64' title='bbox 1173 692 1201 743; x_wconf 91' lang='lat' dir='ltr'>et</span> <span class='ocrx_word' id='word_1_65' title='bbox 1212 692 1359 757; x_wconf 90' lang='lat' dir='ltr'>transeet;</span> <span class='ocrx_word' id='word_1_66' title='bbox 1369 692 1401 743; x_wconf 91' lang='lat' dir='ltr'>tu</span> <span class='ocrx_word' id='word_1_67' title='bbox 1413 691 1510 744; x_wconf 91' lang='lat' dir='ltr'>autem</span> <span class='ocrx_word' id='word_1_68' title='bbox 1522 686 1649 743; x_wconf 86' lang='lat' dir='ltr'>subsiste</span> <span class='ocrx_word' id='word_1_69' title='bbox 1660 687 1819 761; x_wconf 89' lang='lat' dir='ltr'>paulisper,</span> 
     </span>
     <span class='ocr_line' id='line_1_6' title="bbox 114 771 1449 849; baseline 0.001 -20"><span class='ocrx_word' id='word_1_70' title='bbox 114 771 161 830; x_wconf 90' lang='lat' dir='ltr'>lus</span> <span class='ocrx_word' id='word_1_71' title='bbox 176 773 273 831; x_wconf 84' lang='lat' dir='ltr'>donec</span> <span class='ocrx_word' id='word_1_72' title='bbox 287 772 336 830; x_wconf 90' lang='lat' dir='ltr'>ille</span> <span class='ocrx_word' id='word_1_73' title='bbox 350 774 466 831; x_wconf 88' lang='lat' dir='ltr'>veniat:</span> <span class='ocrx_word' id='word_1_74' title='bbox 479 775 550 849; x_wconf 91' lang='lat' dir='ltr'>quia</span> <span class='ocrx_word' id='word_1_75' title='bbox 573 775 635 849; x_wconf 90' lang='lat' dir='ltr'>ipsa</span> <span class='ocrx_word' id='word_1_76' title='bbox 651 777 797 836; x_wconf 78' lang='lat' dir='ltr'>benedicit</span> <span class='ocrx_word' id='word_1_77' title='bbox 812 782 820 815; x_wconf 91' lang='lat'>¹</span> <span class='ocrx_word' id='word_1_78' title='bbox 837 777 941 834; x_wconf 89' lang='lat' dir='ltr'>hostias</span> <span class='ocrx_word' id='word_1_79' title='bbox 993 779 1028 832; x_wconf 91' lang='lat' dir='ltr'>ut</span> <span class='ocrx_word' id='word_1_80' title='bbox 1042 775 1169 833; x_wconf 89' lang='lat' dir='ltr'>indicem</span> <span class='ocrx_word' id='word_1_81' title='bbox 1185 776 1237 832; x_wconf 91' lang='lat' dir='ltr'>tibi</span> <span class='ocrx_word' id='word_1_82' title='bbox 1253 777 1372 833; x_wconf 87' lang='lat' dir='ltr'>verbum</span> <span class='ocrx_word' id='word_1_83' title='bbox 1389 777 1449 832; x_wconf 85' lang='lat' dir='ltr'>hei.</span> 
     </span>
    </p>

    <p class='ocr_par' dir='ltr' id='par_1_4' title="bbox 111 861 1817 940">
     <span class='ocr_line' id='line_1_7' title="bbox 111 861 1817 940; baseline 0.002 -21"><span class='ocrx_word' id='word_1_84' title='bbox 111 861 154 937; x_wconf 89' lang='lat' dir='ltr'>[h.</span> <span class='ocrx_word' id='word_1_85' title='bbox 184 861 356 934; x_wconf 82' lang='lat' dir='ltr'>sacrificial,</span> <span class='ocrx_word' id='word_1_86' title='bbox 372 866 401 920; x_wconf 90' lang='lat' dir='ltr'>et</span> <span class='ocrx_word' id='word_1_87' title='bbox 419 864 558 938; x_wconf 86' lang='lat' dir='ltr'>deinceps</span> <span class='ocrx_word' id='word_1_88' title='bbox 586 867 745 924; x_wconf 88' lang='lat' dir='ltr'>comeduut</span> <span class='ocrx_word' id='word_1_89' title='bbox 771 867 822 940; x_wconf 94' lang='lat' dir='ltr'>qui</span> <span class='ocrx_word' id='word_1_90' title='bbox 845 866 939 923; x_wconf 86' lang='lat' dir='ltr'>vocati</span> <span class='ocrx_word' id='word_1_91' title='bbox 1028 866 1073 938; x_wconf 86' lang='lat' dir='ltr'>(T.</span> <span class='ocrx_word' id='word_1_92' title='bbox 1086 865 1187 935; x_wconf 82' lang='lat' dir='ltr'>XXIV,</span> <span class='ocrx_word' id='word_1_93' title='bbox 1205 866 1270 938; x_wconf 88' lang='lat' dir='ltr'>Cap.</span> <span class='ocrx_word' id='word_1_94' title='bbox 1288 867 1335 938; x_wconf 85' lang='grc' dir='ltr'>Χ.)</span> <span class='ocrx_word' id='word_1_95' title='bbox 1350 865 1537 922; x_wconf 82' lang='lat' dir='ltr'>&#39;l&#39;ulitautem</span> <span class='ocrx_word' id='word_1_96' title='bbox 1558 864 1676 921; x_wconf 79' lang='lat' dir='ltr'>Samuel</span> <span class='ocrx_word' id='word_1_97' title='bbox 1690 864 1817 923; x_wconf 89' lang='lat' dir='ltr'>lenticu-</span> 
     </span>
    </p>
   </div>
   <div class='ocr_carea' id='block_1_4' title="bbox 112 951 1915 1122">
    <p class='ocr_par' dir='ltr' id='par_1_5' title="bbox 112 951 1915 1122">
     <span class='ocr_line' id='line_1_8' title="bbox 112 951 1817 1035; baseline 0.002 -27"><span class='ocrx_word' id='word_1_98' title='bbox 112 952 373 1026; x_wconf 65' lang='lat' dir='ltr'>conchensem</span> <span class='ocrx_word' id='word_1_99' title='bbox 387 953 584 1023; x_wconf 88' lang='lat' dir='ltr'>conscendite,</span> <span class='ocrx_word' id='word_1_100' title='bbox 601 954 671 1027; x_wconf 89' lang='lat' dir='ltr'>quia</span> <span class='ocrx_word' id='word_1_101' title='bbox 685 955 772 1013; x_wconf 87' lang='lat' dir='ltr'>bodie</span> <span class='ocrx_word' id='word_1_102' title='bbox 787 956 939 1029; x_wconf 86' lang='lat' dir='ltr'>reperietis</span> <span class='ocrx_word' id='word_1_103' title='bbox 992 951 1051 1010; x_wconf 89' lang='lat' dir='ltr'>lam</span> <span class='ocrx_word' id='word_1_104' title='bbox 1063 955 1129 1025; x_wconf 93' lang='lat' dir='ltr'>olei,</span> <span class='ocrx_word' id='word_1_105' title='bbox 1144 959 1174 1011; x_wconf 90' lang='lat' dir='ltr'>et</span> <span class='ocrx_word' id='word_1_106' title='bbox 1188 955 1293 1011; x_wconf 86' lang='lat' dir='ltr'>elludit</span> <span class='ocrx_word' id='word_1_107' title='bbox 1304 971 1393 1026; x_wconf 90' lang='lat' dir='ltr'>super</span> <span class='ocrx_word' id='word_1_108' title='bbox 1403 959 1493 1027; x_wconf 91' lang='lat' dir='ltr'>caput</span> <span class='ocrx_word' id='word_1_109' title='bbox 1503 955 1578 1026; x_wconf 89' lang='lat' dir='ltr'>ejus,</span> <span class='ocrx_word' id='word_1_110' title='bbox 1588 954 1817 1035; x_wconf 80' lang='lat' dir='ltr'>eldeosoulatus</span> 
     </span>
     <span class='ocr_line' id='line_1_9' title="bbox 112 1041 1915 1122; baseline 0.002 -23"><span class='ocrx_word' id='word_1_111' title='bbox 112 1057 192 1099; x_wconf 88' lang='lat' dir='ltr'>aum.</span> <span class='ocrx_word' id='word_1_112' title='bbox 209 1042 246 1098; x_wconf 80' lang='lat' dir='ltr'>lat</span> <span class='ocrx_word' id='word_1_113' title='bbox 259 1042 455 1099; x_wconf 88' lang='lat' dir='ltr'>ascenderunt</span> <span class='ocrx_word' id='word_1_114' title='bbox 466 1042 496 1099; x_wconf 92' lang='lat' dir='ltr'>in</span> <span class='ocrx_word' id='word_1_115' title='bbox 511 1043 667 1101; x_wconf 88' lang='lat' dir='ltr'>civitatem.</span> <span class='ocrx_word' id='word_1_116' title='bbox 684 1045 936 1122; x_wconf 79' lang='lat' dir='ltr'>lT.XXlll.]Gum·</span> <span class='ocrx_word' id='word_1_117' title='bbox 991 1047 1037 1100; x_wconf 90' lang='lat' dir='ltr'>est</span> <span class='ocrx_word' id='word_1_118' title='bbox 1050 1059 1129 1114; x_wconf 92' lang='lat' dir='ltr'>eum,</span> <span class='ocrx_word' id='word_1_119' title='bbox 1141 1048 1170 1100; x_wconf 90' lang='lat' dir='ltr'>et</span> <span class='ocrx_word' id='word_1_120' title='bbox 1181 1045 1237 1101; x_wconf 88' lang='lat' dir='ltr'>ait:</span> <span class='ocrx_word' id='word_1_121' title='bbox 1255 1041 1467 1111; x_wconf 81' lang='lat' dir='ltr'>Eccc,unxitte</span> <span class='ocrx_word' id='word_1_122' title='bbox 1476 1042 1618 1098; x_wconf 88' lang='lat' dir='ltr'>Dominus</span> <span class='ocrx_word' id='word_1_123' title='bbox 1628 1059 1717 1114; x_wconf 86' lang='lat' dir='ltr'>super</span> <span class='ocrx_word' id='word_1_124' title='bbox 1726 1043 1817 1100; x_wconf 77' lang='lat' dir='ltr'>hare·</span> <span class='ocrx_word' id='word_1_125' title='bbox 1912 1098 1915 1103; x_wconf 91' lang='lat'>.</span> 
     </span>
    </p>
   </div>
   <div class='ocr_carea' id='block_1_5' title="bbox 107 1129 1815 2273">
    <p class='ocr_par' dir='ltr' id='par_1_6' title="bbox 107 1129 1815 2273">
     <span class='ocr_line' id='line_1_10' title="bbox 111 1129 1815 1207; baseline 0.003 -21"><span class='ocrx_word' id='word_1_126' title='bbox 111 1146 166 1205; x_wconf 90' lang='lat' dir='ltr'>que</span> <span class='ocrx_word' id='word_1_127' title='bbox 180 1129 227 1187; x_wconf 90' lang='lat' dir='ltr'>illi</span> <span class='ocrx_word' id='word_1_128' title='bbox 242 1129 428 1187; x_wconf 78' lang='lat' dir='ltr'>ambularent</span> <span class='ocrx_word' id='word_1_129' title='bbox 441 1131 473 1188; x_wconf 91' lang='lat' dir='ltr'>in</span> <span class='ocrx_word' id='word_1_130' title='bbox 500 1132 596 1190; x_wconf 89' lang='lat' dir='ltr'>medio</span> <span class='ocrx_word' id='word_1_131' title='bbox 613 1134 705 1205; x_wconf 91' lang='lat' dir='ltr'>urhis,</span> <span class='ocrx_word' id='word_1_132' title='bbox 733 1135 870 1207; x_wconf 91' lang='lat' dir='ltr'>apparuit</span> <span class='ocrx_word' id='word_1_133' title='bbox 883 1135 937 1190; x_wconf 89' lang='lat' dir='ltr'>Sa·</span> <span class='ocrx_word' id='word_1_134' title='bbox 991 1133 1112 1189; x_wconf 87' lang='lat' dir='ltr'>dilatem</span> <span class='ocrx_word' id='word_1_135' title='bbox 1126 1148 1210 1188; x_wconf 88' lang='lat' dir='ltr'>suam</span> <span class='ocrx_word' id='word_1_136' title='bbox 1227 1133 1257 1188; x_wconf 92' lang='lat' dir='ltr'>in</span> <span class='ocrx_word' id='word_1_137' title='bbox 1270 1132 1445 1205; x_wconf 91' lang='lat' dir='ltr'>principem,</span> <span class='ocrx_word' id='word_1_138' title='bbox 1457 1130 1633 1189; x_wconf 89' lang='lat' dir='ltr'>etliberahis</span> <span class='ocrx_word' id='word_1_139' title='bbox 1648 1133 1658 1167; x_wconf 78' lang='lat'><strong>⁴</strong></span> <span class='ocrx_word' id='word_1_140' title='bbox 1674 1133 1815 1206; x_wconf 89' lang='lat' dir='ltr'>populum</span> 
     </span>
     <span class='ocr_line' id='line_1_11' title="bbox 110 1218 1815 1293; baseline 0.002 -16"><span class='ocrx_word' id='word_1_141' title='bbox 110 1219 189 1277; x_wconf 89' lang='lat' dir='ltr'>muel</span> <span class='ocrx_word' id='word_1_142' title='bbox 206 1218 360 1292; x_wconf 81' lang='lat' dir='ltr'>egrediens</span> <span class='ocrx_word' id='word_1_143' title='bbox 373 1218 489 1276; x_wconf 88' lang='lat' dir='ltr'>obviam</span> <span class='ocrx_word' id='word_1_144' title='bbox 505 1220 558 1288; x_wconf 87' lang='lat' dir='ltr'>eis,</span> <span class='ocrx_word' id='word_1_145' title='bbox 574 1223 825 1280; x_wconf 89' lang='lat' dir='ltr'>utescenderetin</span> <span class='ocrx_word' id='word_1_146' title='bbox 839 1222 936 1280; x_wconf 90' lang='lat' dir='ltr'>excel·</span> <span class='ocrx_word' id='word_1_147' title='bbox 990 1221 1055 1293; x_wconf 91' lang='lat' dir='ltr'>ejus</span> <span class='ocrx_word' id='word_1_148' title='bbox 1070 1221 1106 1276; x_wconf 90' lang='lat' dir='ltr'>de</span> <span class='ocrx_word' id='word_1_149' title='bbox 1119 1220 1455 1278; x_wconf 89' lang='lat' dir='ltr'>manihuainimicorum</span> <span class='ocrx_word' id='word_1_150' title='bbox 1476 1221 1551 1292; x_wconf 87' lang='lat' dir='ltr'>ejus,</span> <span class='ocrx_word' id='word_1_151' title='bbox 1567 1221 1616 1292; x_wconf 91' lang='lat' dir='ltr'>qui</span> <span class='ocrx_word' id='word_1_152' title='bbox 1633 1220 1662 1277; x_wconf 92' lang='lat' dir='ltr'>in</span> <span class='ocrx_word' id='word_1_153' title='bbox 1690 1221 1815 1280; x_wconf 86' lang='lat' dir='ltr'>circuitu</span> 
     </span>
     <span class='ocr_line' id='line_1_12' title="bbox 109 1307 1814 1383; baseline 0.001 -18"><span class='ocrx_word' id='word_1_154' title='bbox 109 1307 936 1377; x_wconf 81' lang='lat' dir='ltr'>sem,l)ominusaetemrevelaveratauriculamSamue-</span> <span class='ocrx_word' id='word_1_155' title='bbox 990 1308 1261 1366; x_wconf 83' lang='lat' dir='ltr'>sunt.llthcctibi</span> <span class='ocrx_word' id='word_1_156' title='bbox 1292 1308 1509 1383; x_wconf 80' lang='lat' dir='ltr'>signum‚quia</span> <span class='ocrx_word' id='word_1_157' title='bbox 1538 1308 1664 1365; x_wconf 90' lang='lat' dir='ltr'>unxitte</span> <span class='ocrx_word' id='word_1_158' title='bbox 1692 1309 1814 1366; x_wconf 87' lang='lat' dir='ltr'>Deusin</span> 
     </span>
     <span class='ocr_line' id='line_1_13' title="bbox 107 1396 1814 1471; baseline 0.001 -18"><span class='ocrx_word' id='word_1_159' title='bbox 107 1396 424 1455; x_wconf 87' lang='lat' dir='ltr'>lisanteuoemdiem</span> <span class='ocrx_word' id='word_1_160' title='bbox 454 1400 668 1470; x_wconf 85' lang='lat' dir='ltr'>quamveniret</span> <span class='ocrx_word' id='word_1_161' title='bbox 695 1401 774 1469; x_wconf 87' lang='lat' dir='ltr'>Saul,</span> <span class='ocrx_word' id='word_1_162' title='bbox 809 1401 932 1457; x_wconf 88' lang='lat' dir='ltr'>dicens:</span> <span class='ocrx_word' id='word_1_163' title='bbox 988 1397 1370 1471; x_wconf 81' lang='lat' dir='ltr'>principemcumahieris</span> <span class='ocrx_word' id='word_1_164' title='bbox 1396 1397 1513 1455; x_wconf 89' lang='lat' dir='ltr'>hodien</span> <span class='ocrx_word' id='word_1_165' title='bbox 1532 1397 1814 1468; x_wconf 87' lang='lat' dir='ltr'>me‚inveniesduos</span> 
     </span>
     <span class='ocr_line' id='line_1_14' title="bbox 109 1485 1812 1562; baseline -0.001 -18"><span class='ocrx_word' id='word_1_166' title='bbox 109 1486 167 1544; x_wconf 82' lang='lat' dir='ltr'>Hac</span> <span class='ocrx_word' id='word_1_167' title='bbox 182 1485 262 1558; x_wconf 84' lang='lat' dir='ltr'>ipsa,</span> <span class='ocrx_word' id='word_1_168' title='bbox 277 1502 343 1558; x_wconf 79' lang='lat' dir='ltr'>quas</span> <span class='ocrx_word' id='word_1_169' title='bbox 369 1502 448 1544; x_wconf 91' lang='lat' dir='ltr'>nuuo</span> <span class='ocrx_word' id='word_1_170' title='bbox 469 1491 524 1556; x_wconf 90' lang='lat' dir='ltr'>est,</span> <span class='ocrx_word' id='word_1_171' title='bbox 540 1487 623 1562; x_wconf 85' lang='lat' dir='ltr'>hora,</span> <span class='ocrx_word' id='word_1_172' title='bbox 638 1505 703 1546; x_wconf 90' lang='lat' dir='ltr'>eres</span> <span class='ocrx_word' id='word_1_173' title='bbox 718 1490 832 1546; x_wconf 88' lang='lat' dir='ltr'>mittam</span> <span class='ocrx_word' id='word_1_174' title='bbox 853 1490 888 1545; x_wconf 90' lang='lat' dir='ltr'>ad</span> <span class='ocrx_word' id='word_1_175' title='bbox 906 1494 934 1546; x_wconf 91' lang='lat' dir='ltr'>te</span> <span class='ocrx_word' id='word_1_176' title='bbox 987 1485 1340 1559; x_wconf 83' lang='lat' dir='ltr'>sirosjuxtasepulcrum</span> <span class='ocrx_word' id='word_1_177' title='bbox 1356 1486 1462 1545; x_wconf 83' lang='lat' dir='ltr'>Rachel</span> <span class='ocrx_word' id='word_1_178' title='bbox 1479 1487 1509 1543; x_wconf 91' lang='lat' dir='ltr'>in</span> <span class='ocrx_word' id='word_1_179' title='bbox 1524 1486 1812 1559; x_wconf 85' lang='lat' dir='ltr'>finibusBenjomin,</span> 
     </span>
     <span class='ocr_line' id='line_1_15' title="bbox 109 1575 1813 1651; baseline 0.002 -20"><span class='ocrx_word' id='word_1_180' title='bbox 109 1575 207 1632; x_wconf 83' lang='lat' dir='ltr'>sirum</span> <span class='ocrx_word' id='word_1_181' title='bbox 223 1575 262 1632; x_wconf 90' lang='lat' dir='ltr'>de</span> <span class='ocrx_word' id='word_1_182' title='bbox 287 1578 364 1632; x_wconf 82' lang='lat' dir='ltr'>terra</span> <span class='ocrx_word' id='word_1_183' title='bbox 385 1576 547 1649; x_wconf 73' lang='lat' dir='ltr'>Beniamin,</span> <span class='ocrx_word' id='word_1_184' title='bbox 562 1582 592 1634; x_wconf 89' lang='lat' dir='ltr'>et</span> <span class='ocrx_word' id='word_1_185' title='bbox 616 1594 708 1650; x_wconf 80' lang='lat' dir='ltr'>unges</span> <span class='ocrx_word' id='word_1_186' title='bbox 736 1594 804 1635; x_wconf 90' lang='lat' dir='ltr'>eum</span> <span class='ocrx_word' id='word_1_187' title='bbox 828 1579 932 1636; x_wconf 88' lang='lat' dir='ltr'>ducem</span> <span class='ocrx_word' id='word_1_188' title='bbox 986 1576 1016 1633; x_wconf 90' lang='lat' dir='ltr'>in</span> <span class='ocrx_word' id='word_1_189' title='bbox 1032 1575 1151 1633; x_wconf 89' lang='lat' dir='ltr'>meridie</span> <span class='ocrx_word' id='word_1_190' title='bbox 1164 1576 1341 1651; x_wconf 87' lang='lat' dir='ltr'>(h.inZelza,</span> <span class='ocrx_word' id='word_1_191' title='bbox 1357 1576 1656 1649; x_wconf 84' lang='lat' dir='ltr'>quodinterpretatur‚</span> <span class='ocrx_word' id='word_1_192' title='bbox 1668 1577 1813 1634; x_wconf 91' lang='lat' dir='ltr'>inumbra</span> 
     </span>
     <span class='ocr_line' id='line_1_16' title="bbox 107 1663 1810 1740; baseline 0.001 -19"><span class='ocrx_word' id='word_1_193' title='bbox 107 1680 199 1736; x_wconf 88' lang='lat' dir='ltr'>anper</span> <span class='ocrx_word' id='word_1_194' title='bbox 214 1663 357 1737; x_wconf 86' lang='lat' dir='ltr'>pupulum</span> <span class='ocrx_word' id='word_1_195' title='bbox 368 1680 467 1721; x_wconf 89' lang='lat' dir='ltr'>meum</span> <span class='ocrx_word' id='word_1_196' title='bbox 484 1665 592 1722; x_wconf 89' lang='lat' dir='ltr'>lsrael:</span> <span class='ocrx_word' id='word_1_197' title='bbox 609 1671 638 1722; x_wconf 90' lang='lat' dir='ltr'>et</span> <span class='ocrx_word' id='word_1_198' title='bbox 652 1666 776 1723; x_wconf 85' lang='lat' dir='ltr'>salvabit</span> <span class='ocrx_word' id='word_1_199' title='bbox 791 1667 932 1740; x_wconf 90' lang='lat' dir='ltr'>populum</span> <span class='ocrx_word' id='word_1_200' title='bbox 986 1664 1141 1738; x_wconf 91' lang='lat' dir='ltr'>dicentque</span> <span class='ocrx_word' id='word_1_201' title='bbox 1157 1664 1229 1721; x_wconf 92' lang='lat' dir='ltr'>tibi:</span> <span class='ocrx_word' id='word_1_202' title='bbox 1247 1666 1371 1722; x_wconf 77' lang='lat' dir='ltr'>Inventa</span> <span class='ocrx_word' id='word_1_203' title='bbox 1387 1670 1457 1721; x_wconf 90' lang='lat' dir='ltr'>sont</span> <span class='ocrx_word' id='word_1_204' title='bbox 1472 1665 1570 1736; x_wconf 78' lang='lat' dir='ltr'>asina,</span> <span class='ocrx_word' id='word_1_205' title='bbox 1589 1665 1624 1721; x_wconf 92' lang='lat' dir='ltr'>ad</span> <span class='ocrx_word' id='word_1_206' title='bbox 1641 1682 1715 1738; x_wconf 87' lang='lat' dir='ltr'>quas</span> <span class='ocrx_word' id='word_1_207' title='bbox 1733 1665 1810 1723; x_wconf 85' lang='lat' dir='ltr'>ieras</span> 
     </span>
     <span class='ocr_line' id='line_1_17' title="bbox 108 1752 1810 1829; baseline 0 -19"><span class='ocrx_word' id='word_1_208' title='bbox 108 1769 208 1810; x_wconf 88' lang='lat' dir='ltr'>meum</span> <span class='ocrx_word' id='word_1_209' title='bbox 220 1753 259 1809; x_wconf 91' lang='lat' dir='ltr'>de</span> <span class='ocrx_word' id='word_1_210' title='bbox 271 1768 360 1809; x_wconf 88' lang='lat' dir='ltr'>manu</span> <span class='ocrx_word' id='word_1_211' title='bbox 373 1752 615 1811; x_wconf 81' lang='lat' dir='ltr'>Philistinerum:</span> <span class='ocrx_word' id='word_1_212' title='bbox 631 1755 701 1827; x_wconf 89' lang='lat' dir='ltr'>quia</span> <span class='ocrx_word' id='word_1_213' title='bbox 716 1757 829 1829; x_wconf 88' lang='lat' dir='ltr'>respexi</span> <span class='ocrx_word' id='word_1_214' title='bbox 840 1773 931 1829; x_wconf 92' lang='lat' dir='ltr'>popu·</span> <span class='ocrx_word' id='word_1_215' title='bbox 986 1754 1210 1827; x_wconf 89' lang='lat' dir='ltr'>perquirendas,</span> <span class='ocrx_word' id='word_1_216' title='bbox 1227 1758 1257 1810; x_wconf 92' lang='lat' dir='ltr'>et</span> <span class='ocrx_word' id='word_1_217' title='bbox 1268 1753 1446 1810; x_wconf 88' lang='lat' dir='ltr'>intermissis</span> <span class='ocrx_word' id='word_1_218' title='bbox 1461 1759 1619 1826; x_wconf 88' lang='lat' dir='ltr'>putertuus</span> <span class='ocrx_word' id='word_1_219' title='bbox 1634 1754 1737 1823; x_wconf 90' lang='lat' dir='ltr'>asinis,</span> <span class='ocrx_word' id='word_1_220' title='bbox 1753 1754 1810 1812; x_wconf 90' lang='lat' dir='ltr'>sol·</span> 
     </span>
     <span class='ocr_line' id='line_1_18' title="bbox 107 1841 1809 1916; baseline 0.003 -18"><span class='ocrx_word' id='word_1_221' title='bbox 107 1841 165 1900; x_wconf 87' lang='lat' dir='ltr'>lem</span> <span class='ocrx_word' id='word_1_222' title='bbox 182 1856 298 1913; x_wconf 89' lang='lat' dir='ltr'>meum,</span> <span class='ocrx_word' id='word_1_223' title='bbox 313 1841 392 1899; x_wconf 89' lang='lat' dir='ltr'>venit</span> <span class='ocrx_word' id='word_1_224' title='bbox 403 1842 482 1899; x_wconf 89' lang='lat' dir='ltr'>enim</span> <span class='ocrx_word' id='word_1_225' title='bbox 494 1843 717 1901; x_wconf 88' lang='lat' dir='ltr'>clamoreorum</span> <span class='ocrx_word' id='word_1_226' title='bbox 729 1847 764 1902; x_wconf 90' lang='lat' dir='ltr'>ad</span> <span class='ocrx_word' id='word_1_227' title='bbox 775 1861 831 1902; x_wconf 92' lang='lat' dir='ltr'>me.</span> <span class='ocrx_word' id='word_1_228' title='bbox 843 1846 931 1902; x_wconf 87' lang='lat' dir='ltr'>Cum·</span> <span class='ocrx_word' id='word_1_229' title='bbox 985 1843 1083 1900; x_wconf 90' lang='lat' dir='ltr'>licitus</span> <span class='ocrx_word' id='word_1_230' title='bbox 1097 1849 1143 1900; x_wconf 91' lang='lat' dir='ltr'>est</span> <span class='ocrx_word' id='word_1_231' title='bbox 1157 1860 1209 1916; x_wconf 91' lang='lat' dir='ltr'>pro</span> <span class='ocrx_word' id='word_1_232' title='bbox 1224 1843 1317 1910; x_wconf 85' lang='lat' dir='ltr'>vohis,</span> <span class='ocrx_word' id='word_1_233' title='bbox 1333 1847 1361 1900; x_wconf 88' lang='lat' dir='ltr'>et</span> <span class='ocrx_word' id='word_1_234' title='bbox 1375 1843 1447 1899; x_wconf 89' lang='lat' dir='ltr'>dicit</span> <span class='ocrx_word' id='word_1_235' title='bbox 1463 1843 1555 1910; x_wconf 79' lang='lat' dir='ltr'>:Ouid</span> <span class='ocrx_word' id='word_1_236' title='bbox 1578 1843 1683 1900; x_wconf 83' lang='lat' dir='ltr'>faciam</span> <span class='ocrx_word' id='word_1_237' title='bbox 1697 1844 1732 1902; x_wconf 90' lang='lat' dir='ltr'>de</span> <span class='ocrx_word' id='word_1_238' title='bbox 1748 1843 1809 1903; x_wconf 87' lang='lat' dir='ltr'>illio</span> 
     </span>
     <span class='ocr_line' id='line_1_19' title="bbox 107 1930 1809 2006; baseline 0.002 -18"><span class='ocrx_word' id='word_1_239' title='bbox 107 1946 162 2005; x_wconf 86' lang='lat' dir='ltr'>que</span> <span class='ocrx_word' id='word_1_240' title='bbox 178 1930 345 2003; x_wconf 84' lang='lat' dir='ltr'>aspexisset</span> <span class='ocrx_word' id='word_1_241' title='bbox 368 1930 483 1988; x_wconf 83' lang='lat' dir='ltr'>Samuel</span> <span class='ocrx_word' id='word_1_242' title='bbox 500 1932 629 2002; x_wconf 86' lang='lat' dir='ltr'>Saulem,</span> <span class='ocrx_word' id='word_1_243' title='bbox 658 1933 800 1991; x_wconf 89' lang='lat' dir='ltr'>Dominus</span> <span class='ocrx_word' id='word_1_244' title='bbox 818 1935 859 1990; x_wconf 90' lang='lat' dir='ltr'>ait</span> <span class='ocrx_word' id='word_1_245' title='bbox 872 1935 898 1991; x_wconf 93' lang='lat' dir='ltr'>ei</span> <span class='ocrx_word' id='word_1_246' title='bbox 922 1952 929 1990; x_wconf 91' lang='lat'><strong>:</strong></span> <span class='ocrx_word' id='word_1_247' title='bbox 986 1932 1222 2006; x_wconf 75' lang='lat' dir='ltr'>medicumque</span> <span class='ocrx_word' id='word_1_248' title='bbox 1237 1932 1345 1989; x_wconf 90' lang='lat' dir='ltr'>abieris</span> <span class='ocrx_word' id='word_1_249' title='bbox 1361 1932 1441 2003; x_wconf 90' lang='lat' dir='ltr'>inde,</span> <span class='ocrx_word' id='word_1_250' title='bbox 1457 1935 1486 1988; x_wconf 90' lang='lat' dir='ltr'>et</span> <span class='ocrx_word' id='word_1_251' title='bbox 1500 1931 1579 1988; x_wconf 90' lang='lat' dir='ltr'>ultra</span> <span class='ocrx_word' id='word_1_252' title='bbox 1604 1932 1768 2003; x_wconf 87' lang='lat' dir='ltr'>transieris,</span> <span class='ocrx_word' id='word_1_253' title='bbox 1780 1939 1809 1992; x_wconf 87' lang='lat' dir='ltr'>et</span> 
     </span>
     <span class='ocr_line' id='line_1_20' title="bbox 107 2019 1808 2097; baseline 0.001 -19"><span class='ocrx_word' id='word_1_254' title='bbox 107 2021 178 2078; x_wconf 79' lang='lat' dir='ltr'>loce</span> <span class='ocrx_word' id='word_1_255' title='bbox 193 2019 242 2076; x_wconf 84' lang='lat' dir='ltr'>vir</span> <span class='ocrx_word' id='word_1_256' title='bbox 255 2035 344 2093; x_wconf 88' lang='lat' dir='ltr'>quem</span> <span class='ocrx_word' id='word_1_257' title='bbox 360 2020 488 2077; x_wconf 82' lang='lat' dir='ltr'>dixeram</span> <span class='ocrx_word' id='word_1_258' title='bbox 514 2021 578 2093; x_wconf 88' lang='lat' dir='ltr'>tihi,</span> <span class='ocrx_word' id='word_1_259' title='bbox 590 2022 647 2079; x_wconf 91' lang='lat' dir='ltr'>iste</span> <span class='ocrx_word' id='word_1_260' title='bbox 662 2022 862 2080; x_wconf 85' lang='lat' dir='ltr'>dominabitur</span> <span class='ocrx_word' id='word_1_261' title='bbox 879 2041 931 2097; x_wconf 93' lang='lat' dir='ltr'>po·</span> <span class='ocrx_word' id='word_1_262' title='bbox 984 2024 1099 2079; x_wconf 85' lang='lat' dir='ltr'>veneris</span> <span class='ocrx_word' id='word_1_263' title='bbox 1116 2023 1149 2078; x_wconf 91' lang='lat' dir='ltr'>ad</span> <span class='ocrx_word' id='word_1_264' title='bbox 1166 2038 1308 2095; x_wconf 89' lang='lat' dir='ltr'>quercum</span> <span class='ocrx_word' id='word_1_265' title='bbox 1329 2021 1455 2088; x_wconf 87' lang='lat' dir='ltr'>Thabor,</span> <span class='ocrx_word' id='word_1_266' title='bbox 1481 2023 1631 2079; x_wconf 85' lang='lat' dir='ltr'>invenient</span> <span class='ocrx_word' id='word_1_267' title='bbox 1642 2026 1670 2078; x_wconf 90' lang='lat' dir='ltr'>te</span> <span class='ocrx_word' id='word_1_268' title='bbox 1693 2023 1733 2078; x_wconf 94' lang='lat' dir='ltr'>ihi</span> <span class='ocrx_word' id='word_1_269' title='bbox 1748 2026 1808 2080; x_wconf 89' lang='lat' dir='ltr'>tres</span> 
     </span>
     <span class='ocr_line' id='line_1_21' title="bbox 107 2108 1806 2184; baseline 0.001 -18"><span class='ocrx_word' id='word_1_270' title='bbox 107 2108 174 2182; x_wconf 80' lang='lat' dir='ltr'>pulo</span> <span class='ocrx_word' id='word_1_271' title='bbox 191 2123 270 2165; x_wconf 89' lang='lat' dir='ltr'>meo.</span> <span class='ocrx_word' id='word_1_272' title='bbox 291 2109 418 2165; x_wconf 79' lang='lat' dir='ltr'>Accessit</span> <span class='ocrx_word' id='word_1_273' title='bbox 441 2112 540 2166; x_wconf 90' lang='lat' dir='ltr'>autem</span> <span class='ocrx_word' id='word_1_274' title='bbox 556 2111 626 2168; x_wconf 92' lang='lat' dir='ltr'>Saul</span> <span class='ocrx_word' id='word_1_275' title='bbox 649 2113 685 2168; x_wconf 90' lang='lat' dir='ltr'>ad</span> <span class='ocrx_word' id='word_1_276' title='bbox 710 2113 874 2170; x_wconf 87' lang='lat' dir='ltr'>Samuelem</span> <span class='ocrx_word' id='word_1_277' title='bbox 900 2114 930 2169; x_wconf 92' lang='lat' dir='ltr'>io</span> <span class='ocrx_word' id='word_1_278' title='bbox 983 2112 1039 2168; x_wconf 80' lang='lat' dir='ltr'>viri</span> <span class='ocrx_word' id='word_1_279' title='bbox 1054 2112 1246 2168; x_wconf 81' lang='lat' dir='ltr'>ascendentes</span> <span class='ocrx_word' id='word_1_280' title='bbox 1261 2110 1398 2166; x_wconf 87' lang='lat' dir='ltr'>adDeum</span> <span class='ocrx_word' id='word_1_281' title='bbox 1413 2110 1806 2184; x_wconf 81' lang='lat' dir='ltr'>inBetb·E1,nnusportans</span> 
     </span>
     <span class='ocr_line' id='line_1_22' title="bbox 107 2196 1805 2273; baseline 0.001 -18"><span class='ocrx_word' id='word_1_282' title='bbox 107 2196 202 2255; x_wconf 76' lang='grc' dir='ltr'>οοᾱίο</span> <span class='ocrx_word' id='word_1_283' title='bbox 218 2201 321 2271; x_wconf 79' lang='lat' dir='ltr'>porte,</span> <span class='ocrx_word' id='word_1_284' title='bbox 336 2202 366 2253; x_wconf 90' lang='lat' dir='ltr'>et</span> <span class='ocrx_word' id='word_1_285' title='bbox 379 2197 421 2254; x_wconf 90' lang='lat' dir='ltr'>ait</span> <span class='ocrx_word' id='word_1_286' title='bbox 434 2215 441 2254; x_wconf 89' lang='lat'>:</span> <span class='ocrx_word' id='word_1_287' title='bbox 456 2198 565 2268; x_wconf 85' lang='lat' dir='ltr'>ludica,</span> <span class='ocrx_word' id='word_1_288' title='bbox 581 2215 642 2268; x_wconf 92' lang='lat' dir='ltr'>oro,</span> <span class='ocrx_word' id='word_1_289' title='bbox 659 2200 742 2269; x_wconf 91' lang='lat' dir='ltr'>mihi,</span> <span class='ocrx_word' id='word_1_290' title='bbox 757 2202 808 2257; x_wconf 93' lang='lat' dir='ltr'>uhi</span> <span class='ocrx_word' id='word_1_291' title='bbox 819 2205 863 2258; x_wconf 87' lang='lat' dir='ltr'>est</span> <span class='ocrx_word' id='word_1_292' title='bbox 877 2201 929 2257; x_wconf 92' lang='lat' dir='ltr'>do·</span> <span class='ocrx_word' id='word_1_293' title='bbox 984 2203 1045 2257; x_wconf 90' lang='lat' dir='ltr'>tres</span> <span class='ocrx_word' id='word_1_294' title='bbox 1060 2200 1171 2270; x_wconf 81' lang='lat' dir='ltr'>hedos,</span> <span class='ocrx_word' id='word_1_295' title='bbox 1185 2204 1215 2256; x_wconf 89' lang='lat' dir='ltr'>et</span> <span class='ocrx_word' id='word_1_296' title='bbox 1230 2199 1305 2255; x_wconf 90' lang='lat' dir='ltr'>alius</span> <span class='ocrx_word' id='word_1_297' title='bbox 1316 2203 1374 2255; x_wconf 90' lang='lat' dir='ltr'>tres</span> <span class='ocrx_word' id='word_1_298' title='bbox 1388 2203 1480 2256; x_wconf 86' lang='lat' dir='ltr'>terias</span> <span class='ocrx_word' id='word_1_299' title='bbox 1495 2201 1590 2272; x_wconf 89' lang='lat' dir='ltr'>panis,</span> <span class='ocrx_word' id='word_1_300' title='bbox 1606 2204 1634 2256; x_wconf 90' lang='lat' dir='ltr'>et</span> <span class='ocrx_word' id='word_1_301' title='bbox 1647 2198 1722 2256; x_wconf 84' lang='lat' dir='ltr'>elius</span> <span class='ocrx_word' id='word_1_302' title='bbox 1738 2217 1805 2273; x_wconf 93' lang='lat' dir='ltr'>por·</span> 
     </span>
    </p>
   </div>
   <div class='ocr_carea' id='block_1_6' title="bbox 108 2286 928 2718">
    <p class='ocr_par' dir='ltr' id='par_1_7' title="bbox 108 2286 928 2718">
     <span class='ocr_line' id='line_1_23' title="bbox 108 2286 928 2360; baseline 0 -15"><span class='ocrx_word' id='word_1_303' title='bbox 108 2302 171 2345; x_wconf 83' lang='lat' dir='ltr'>uus</span> <span class='ocrx_word' id='word_1_304' title='bbox 186 2286 332 2344; x_wconf 81' lang='lat' dir='ltr'>videntis.</span> <span class='ocrx_word' id='word_1_305' title='bbox 347 2287 383 2343; x_wconf 82' lang='lat' dir='ltr'>ut</span> <span class='ocrx_word' id='word_1_306' title='bbox 398 2288 551 2360; x_wconf 87' lang='lat' dir='ltr'>respondit</span> <span class='ocrx_word' id='word_1_307' title='bbox 564 2288 682 2345; x_wconf 85' lang='lat' dir='ltr'>Samuel</span> <span class='ocrx_word' id='word_1_308' title='bbox 708 2289 789 2346; x_wconf 87' lang='lat' dir='ltr'>Sauli</span> <span class='ocrx_word' id='word_1_309' title='bbox 805 2289 904 2347; x_wconf 88' lang='lat' dir='ltr'>dicens</span> <span class='ocrx_word' id='word_1_310' title='bbox 921 2306 928 2345; x_wconf 74' lang='grc' dir='ltr'><strong>ε</strong></span> 
     </span>
     <span class='ocr_line' id='line_1_24' title="bbox 109 2375 928 2450; baseline 0.004 -18"><span class='ocrx_word' id='word_1_311' title='bbox 109 2379 246 2449; x_wconf 62' lang='lat' dir='ltr'>Sensum</span> <span class='ocrx_word' id='word_1_312' title='bbox 261 2375 371 2433; x_wconf 87' lang='lat' dir='ltr'>Videas</span> <span class='ocrx_word' id='word_1_313' title='bbox 391 2392 398 2432; x_wconf 90' lang='lat'>:</span> <span class='ocrx_word' id='word_1_314' title='bbox 424 2377 549 2434; x_wconf 86' lang='lat' dir='ltr'>ascende</span> <span class='ocrx_word' id='word_1_315' title='bbox 564 2382 632 2434; x_wconf 82' lang='lat' dir='ltr'>ante</span> <span class='ocrx_word' id='word_1_316' title='bbox 647 2394 693 2435; x_wconf 93' lang='lat' dir='ltr'>me</span> <span class='ocrx_word' id='word_1_317' title='bbox 706 2378 736 2434; x_wconf 91' lang='lat' dir='ltr'>io</span> <span class='ocrx_word' id='word_1_318' title='bbox 761 2378 928 2450; x_wconf 67' lang='lat' dir='ltr'>excelsum</span> 
     </span>
     <span class='ocr_line' id='line_1_25' title="bbox 111 2465 928 2540; baseline 0.004 -18"><span class='ocrx_word' id='word_1_319' title='bbox 111 2469 140 2522; x_wconf 88' lang='lat' dir='ltr'>et</span> <span class='ocrx_word' id='word_1_320' title='bbox 152 2465 313 2523; x_wconf 82' lang='lat' dir='ltr'>comedatis</span> <span class='ocrx_word' id='word_1_321' title='bbox 328 2480 444 2522; x_wconf 89' lang='lat' dir='ltr'>mecum</span> <span class='ocrx_word' id='word_1_322' title='bbox 467 2465 565 2536; x_wconf 88' lang='lat' dir='ltr'>hodie,</span> <span class='ocrx_word' id='word_1_323' title='bbox 580 2470 609 2523; x_wconf 89' lang='lat' dir='ltr'>st</span> <span class='ocrx_word' id='word_1_324' title='bbox 637 2467 785 2524; x_wconf 91' lang='lat' dir='ltr'>dimittam</span> <span class='ocrx_word' id='word_1_325' title='bbox 801 2469 842 2540; x_wconf 78' lang='lat' dir='ltr'>[h.</span> <span class='ocrx_word' id='word_1_326' title='bbox 859 2470 928 2526; x_wconf 88' lang='lat' dir='ltr'>mit·</span> 
     </span>
     <span class='ocr_line' id='line_1_26' title="bbox 111 2553 928 2628; baseline 0.004 -17"><span class='ocrx_word' id='word_1_327' title='bbox 111 2555 176 2626; x_wconf 78' lang='lat' dir='ltr'>hm}</span> <span class='ocrx_word' id='word_1_328' title='bbox 192 2560 221 2611; x_wconf 98' lang='grc' dir='ltr'>ιο</span> <span class='ocrx_word' id='word_1_329' title='bbox 237 2569 323 2611; x_wconf 89' lang='lat' dir='ltr'>mans</span> <span class='ocrx_word' id='word_1_330' title='bbox 337 2557 367 2610; x_wconf 90' lang='lat' dir='ltr'>et</span> <span class='ocrx_word' id='word_1_331' title='bbox 379 2553 481 2611; x_wconf 89' lang='lat' dir='ltr'>emnia</span> <span class='ocrx_word' id='word_1_332' title='bbox 495 2570 559 2626; x_wconf 85' lang='lat' dir='ltr'>quae</span> <span class='ocrx_word' id='word_1_333' title='bbox 574 2561 645 2612; x_wconf 91' lang='lat' dir='ltr'>sunt</span> <span class='ocrx_word' id='word_1_334' title='bbox 660 2557 690 2613; x_wconf 91' lang='lat' dir='ltr'>in</span> <span class='ocrx_word' id='word_1_335' title='bbox 706 2559 791 2614; x_wconf 89' lang='lat' dir='ltr'>corde</span> <span class='ocrx_word' id='word_1_336' title='bbox 807 2562 868 2628; x_wconf 91' lang='lat' dir='ltr'>tuo,</span> <span class='ocrx_word' id='word_1_337' title='bbox 883 2558 928 2614; x_wconf 90' lang='lat' dir='ltr'>in·</span> 
     </span>
     <span class='ocr_line' id='line_1_27' title="bbox 114 2643 928 2718; baseline 0.004 -18"><span class='ocrx_word' id='word_1_338' title='bbox 114 2643 210 2701; x_wconf 87' lang='lat' dir='ltr'>dicabo</span> <span class='ocrx_word' id='word_1_339' title='bbox 224 2643 292 2701; x_wconf 92' lang='lat' dir='ltr'>tihi.</span> <span class='ocrx_word' id='word_1_340' title='bbox 303 2643 338 2699; x_wconf 81' lang='lat' dir='ltr'>ut</span> <span class='ocrx_word' id='word_1_341' title='bbox 349 2644 385 2700; x_wconf 91' lang='lat' dir='ltr'>de</span> <span class='ocrx_word' id='word_1_342' title='bbox 396 2643 498 2700; x_wconf 89' lang='lat' dir='ltr'>asinis:</span> <span class='ocrx_word' id='word_1_343' title='bbox 514 2660 589 2717; x_wconf 88' lang='lat' dir='ltr'>quas</span> <span class='ocrx_word' id='word_1_344' title='bbox 600 2645 752 2718; x_wconf 86' lang='lat' dir='ltr'>perdidisti</span> <span class='ocrx_word' id='word_1_345' title='bbox 763 2646 928 2703; x_wconf 88' lang='lat' dir='ltr'>nudiuster-</span> 
     </span>
    </p>
   </div>
   <div class='ocr_carea' id='block_1_7' title="bbox 982 2289 1809 2718">
    <p class='ocr_par' dir='ltr' id='par_1_8' title="bbox 982 2289 1809 2718">
     <span class='ocr_line' id='line_1_28' title="bbox 984 2289 1807 2362; baseline 0 -15"><span class='ocrx_word' id='word_1_346' title='bbox 984 2289 1280 2362; x_wconf 75' lang='lat' dir='ltr'>tamlegenamvini.</span> <span class='ocrx_word' id='word_1_347' title='bbox 1296 2289 1673 2361; x_wconf 83' lang='lat' dir='ltr'>Cumquetesalutaverint,</span> <span class='ocrx_word' id='word_1_348' title='bbox 1692 2290 1807 2347; x_wconf 88' lang='lat' dir='ltr'>dabunt</span> 
     </span>
     <span class='ocr_line' id='line_1_29' title="bbox 984 2378 1809 2451; baseline 0 -16"><span class='ocrx_word' id='word_1_349' title='bbox 984 2379 1038 2436; x_wconf 93' lang='lat' dir='ltr'>tihi</span> <span class='ocrx_word' id='word_1_350' title='bbox 1052 2379 1126 2435; x_wconf 91' lang='lat' dir='ltr'>duos</span> <span class='ocrx_word' id='word_1_351' title='bbox 1141 2394 1243 2451; x_wconf 89' lang='lat' dir='ltr'>pones,</span> <span class='ocrx_word' id='word_1_352' title='bbox 1260 2382 1289 2434; x_wconf 91' lang='lat' dir='ltr'>et</span> <span class='ocrx_word' id='word_1_353' title='bbox 1305 2378 1430 2450; x_wconf 88' lang='lat' dir='ltr'>accipies</span> <span class='ocrx_word' id='word_1_354' title='bbox 1454 2378 1489 2434; x_wconf 91' lang='lat' dir='ltr'>de</span> <span class='ocrx_word' id='word_1_355' title='bbox 1506 2395 1594 2434; x_wconf 91' lang='lat' dir='ltr'>manu</span> <span class='ocrx_word' id='word_1_356' title='bbox 1610 2395 1722 2434; x_wconf 91' lang='lat' dir='ltr'>eorum.</span> <span class='ocrx_word' id='word_1_357' title='bbox 1740 2378 1809 2435; x_wconf 87' lang='lat' dir='ltr'>Post</span> 
     </span>
     <span class='ocr_line' id='line_1_30' title="bbox 985 2465 1808 2537; baseline 0 -14"><span class='ocrx_word' id='word_1_358' title='bbox 985 2468 1158 2524; x_wconf 77' lang='lat' dir='ltr'>haerentes</span> <span class='ocrx_word' id='word_1_359' title='bbox 1174 2467 1203 2523; x_wconf 90' lang='lat' dir='ltr'>in</span> <span class='ocrx_word' id='word_1_360' title='bbox 1215 2467 1318 2524; x_wconf 90' lang='lat' dir='ltr'>collem</span> <span class='ocrx_word' id='word_1_361' title='bbox 1334 2467 1396 2537; x_wconf 87' lang='lat' dir='ltr'>Dei,</span> <span class='ocrx_word' id='word_1_362' title='bbox 1413 2467 1461 2523; x_wconf 91' lang='lat' dir='ltr'>ubi</span> <span class='ocrx_word' id='word_1_363' title='bbox 1477 2472 1522 2524; x_wconf 89' lang='lat' dir='ltr'>est</span> <span class='ocrx_word' id='word_1_364' title='bbox 1534 2465 1622 2523; x_wconf 90' lang='lat' dir='ltr'>statio</span> <span class='ocrx_word' id='word_1_365' title='bbox 1637 2465 1808 2523; x_wconf 87' lang='lat' dir='ltr'>Philistion-</span> 
     </span>
     <span class='ocr_line' id='line_1_31' title="bbox 984 2555 1809 2628; baseline -0.001 -14"><span class='ocrx_word' id='word_1_366' title='bbox 984 2557 1320 2628; x_wconf 83' lang='lat' dir='ltr'>rumetcumingressos</span> <span class='ocrx_word' id='word_1_367' title='bbox 1330 2555 1465 2612; x_wconf 83' lang='lat' dir='ltr'>lueriaibi</span> <span class='ocrx_word' id='word_1_368' title='bbox 1479 2555 1809 2622; x_wconf 88' lang='lat' dir='ltr'>urbem,obviumhabe·</span> 
     </span>
     <span class='ocr_line' id='line_1_32' title="bbox 982 2643 1809 2718; baseline -0.001 -16"><span class='ocrx_word' id='word_1_369' title='bbox 982 2645 1029 2702; x_wconf 91' lang='lat' dir='ltr'>bie</span> <span class='ocrx_word' id='word_1_370' title='bbox 1040 2661 1156 2718; x_wconf 81' lang='lat' dir='ltr'>gregem</span> <span class='ocrx_word' id='word_1_371' title='bbox 1169 2645 1378 2717; x_wconf 90' lang='lat' dir='ltr'>prophetarum</span> <span class='ocrx_word' id='word_1_372' title='bbox 1389 2644 1628 2701; x_wconf 88' lang='lat' dir='ltr'>descendentium</span> <span class='ocrx_word' id='word_1_373' title='bbox 1639 2645 1675 2701; x_wconf 89' lang='lat' dir='ltr'>de</span> <span class='ocrx_word' id='word_1_374' title='bbox 1684 2643 1809 2712; x_wconf 87' lang='lat' dir='ltr'>excelso,</span> 
     </span>
    </p>
   </div>
   <div class='ocr_carea' id='block_1_8' title="bbox 115 2731 1813 4602">
    <p class='ocr_par' dir='ltr' id='par_1_9' title="bbox 115 2731 1813 4602">
     <span class='ocr_line' id='line_1_33' title="bbox 115 2731 1810 2808; baseline 0.001 -20"><span class='ocrx_word' id='word_1_375' title='bbox 115 2731 165 2790; x_wconf 87' lang='lat' dir='ltr'>iius</span> <span class='ocrx_word' id='word_1_376' title='bbox 180 2749 218 2790; x_wconf 91' lang='lat' dir='ltr'>na</span> <span class='ocrx_word' id='word_1_377' title='bbox 232 2731 379 2790; x_wconf 85' lang='lat' dir='ltr'>sellicitus</span> <span class='ocrx_word' id='word_1_378' title='bbox 394 2732 446 2800; x_wconf 90' lang='lat' dir='ltr'>sis,</span> <span class='ocrx_word' id='word_1_379' title='bbox 463 2733 533 2806; x_wconf 88' lang='lat' dir='ltr'>quia</span> <span class='ocrx_word' id='word_1_380' title='bbox 548 2733 671 2791; x_wconf 81' lang='lat' dir='ltr'>invente</span> <span class='ocrx_word' id='word_1_381' title='bbox 687 2740 758 2792; x_wconf 90' lang='lat' dir='ltr'>suut</span> <span class='ocrx_word' id='word_1_382' title='bbox 773 2736 833 2808; x_wconf 85' lang='lat' dir='ltr'>[ms.</span> <span class='ocrx_word' id='word_1_383' title='bbox 851 2735 930 2792; x_wconf 85' lang='lat' dir='ltr'>addit</span> <span class='ocrx_word' id='word_1_384' title='bbox 985 2739 1014 2791; x_wconf 90' lang='lat' dir='ltr'>et</span> <span class='ocrx_word' id='word_1_385' title='bbox 1029 2739 1096 2791; x_wconf 89' lang='lat' dir='ltr'>unte</span> <span class='ocrx_word' id='word_1_386' title='bbox 1111 2750 1160 2791; x_wconf 91' lang='lat' dir='ltr'>ecs</span> <span class='ocrx_word' id='word_1_387' title='bbox 1177 2734 1349 2806; x_wconf 89' lang='lat' dir='ltr'>psalterium</span> <span class='ocrx_word' id='word_1_388' title='bbox 1361 2737 1389 2791; x_wconf 90' lang='lat' dir='ltr'>et</span> <span class='ocrx_word' id='word_1_389' title='bbox 1403 2737 1589 2806; x_wconf 79' lang='lat' dir='ltr'>tympanum,</span> <span class='ocrx_word' id='word_1_390' title='bbox 1606 2737 1634 2789; x_wconf 88' lang='lat' dir='ltr'>et</span> <span class='ocrx_word' id='word_1_391' title='bbox 1649 2733 1764 2800; x_wconf 86' lang='lat' dir='ltr'>tibiam,</span> <span class='ocrx_word' id='word_1_392' title='bbox 1780 2734 1810 2790; x_wconf 85' lang='lat' dir='ltr'>et</span> 
     </span>
     <span class='ocr_line' id='line_1_34' title="bbox 117 2819 1812 2896; baseline 0 -18"><span class='ocrx_word' id='word_1_393' title='bbox 117 2821 262 2895; x_wconf 66' lang='lat' dir='ltr'>einsidl</span> <span class='ocrx_word' id='word_1_394' title='bbox 273 2822 573 2895; x_wconf 68' lang='lat' dir='ltr'>cujus20runtoptima</span> <span class='ocrx_word' id='word_1_395' title='bbox 585 2824 928 2896; x_wconf 77' lang='lat' dir='ltr'>quaquelsrael‘lnonns</span> <span class='ocrx_word' id='word_1_396' title='bbox 983 2823 1137 2892; x_wconf 87' lang='lat' dir='ltr'>citharam,</span> <span class='ocrx_word' id='word_1_397' title='bbox 1155 2824 1294 2896; x_wconf 89' lang='lat' dir='ltr'>ipsosque</span> <span class='ocrx_word' id='word_1_398' title='bbox 1310 2822 1531 2896; x_wconf 87' lang='lat' dir='ltr'>prophetantes.</span> <span class='ocrx_word' id='word_1_399' title='bbox 1548 2822 1580 2877; x_wconf 80' lang='lat' dir='ltr'>St</span> <span class='ocrx_word' id='word_1_400' title='bbox 1595 2819 1705 2877; x_wconf 89' lang='lat' dir='ltr'>insiliet</span> <span class='ocrx_word' id='word_1_401' title='bbox 1723 2823 1754 2877; x_wconf 92' lang='lat' dir='ltr'>io</span> <span class='ocrx_word' id='word_1_402' title='bbox 1781 2826 1812 2878; x_wconf 92' lang='lat' dir='ltr'>ts</span> 
     </span>
     <span class='ocr_line' id='line_1_35' title="bbox 117 2909 1810 2986; baseline 0 -21"><span class='ocrx_word' id='word_1_403' title='bbox 117 2909 161 2967; x_wconf 90' lang='lat' dir='ltr'>libi</span> <span class='ocrx_word' id='word_1_404' title='bbox 174 2915 205 2968; x_wconf 89' lang='lat' dir='ltr'>st</span> <span class='ocrx_word' id='word_1_405' title='bbox 217 2911 299 2969; x_wconf 91' lang='lat' dir='ltr'>omni</span> <span class='ocrx_word' id='word_1_406' title='bbox 327 2910 428 2968; x_wconf 89' lang='lat' dir='ltr'>domui</span> <span class='ocrx_word' id='word_1_407' title='bbox 453 2911 546 2983; x_wconf 88' lang='lat' dir='ltr'>patria</span> <span class='ocrx_word' id='word_1_408' title='bbox 561 2912 604 2968; x_wconf 90' lang='lat' dir='ltr'>tui</span> <span class='ocrx_word' id='word_1_409' title='bbox 619 2912 633 2967; x_wconf 82' lang='lat' dir='ltr'>l</span> <span class='ocrx_word' id='word_1_410' title='bbox 649 2912 811 2985; x_wconf 89' lang='lat' dir='ltr'>Respondit</span> <span class='ocrx_word' id='word_1_411' title='bbox 829 2919 927 2970; x_wconf 89' lang='lat' dir='ltr'>autem</span> <span class='ocrx_word' id='word_1_412' title='bbox 982 2911 1108 2986; x_wconf 88' lang='lat' dir='ltr'>Spiritus</span> <span class='ocrx_word' id='word_1_413' title='bbox 1123 2911 1251 2979; x_wconf 87' lang='lat' dir='ltr'>Domini,</span> <span class='ocrx_word' id='word_1_414' title='bbox 1268 2916 1296 2967; x_wconf 91' lang='lat' dir='ltr'>et</span> <span class='ocrx_word' id='word_1_415' title='bbox 1312 2909 1503 2983; x_wconf 85' lang='lat' dir='ltr'>prophetabis</span> <span class='ocrx_word' id='word_1_416' title='bbox 1517 2925 1585 2965; x_wconf 89' lang='lat' dir='ltr'>oum</span> <span class='ocrx_word' id='word_1_417' title='bbox 1602 2909 1655 2978; x_wconf 87' lang='lat' dir='ltr'>cis,</span> <span class='ocrx_word' id='word_1_418' title='bbox 1669 2913 1698 2965; x_wconf 92' lang='lat' dir='ltr'>et</span> <span class='ocrx_word' id='word_1_419' title='bbox 1713 2912 1810 2965; x_wconf 88' lang='lat' dir='ltr'>mute·</span> 
     </span>
     <span class='ocr_line' id='line_1_36' title="bbox 119 2996 1809 3074; baseline -0.001 -18"><span class='ocrx_word' id='word_1_420' title='bbox 119 2998 186 3067; x_wconf 83' lang='lat' dir='ltr'>Saul,</span> <span class='ocrx_word' id='word_1_421' title='bbox 201 3003 231 3058; x_wconf 92' lang='lat' dir='ltr'>et</span> <span class='ocrx_word' id='word_1_422' title='bbox 244 3000 301 3057; x_wconf 88' lang='lat' dir='ltr'>ait:</span> <span class='ocrx_word' id='word_1_423' title='bbox 313 2999 452 3072; x_wconf 90' lang='lat' dir='ltr'>Nunquid</span> <span class='ocrx_word' id='word_1_424' title='bbox 464 3016 523 3057; x_wconf 89' lang='lat' dir='ltr'>nco</span> <span class='ocrx_word' id='word_1_425' title='bbox 534 2999 613 3057; x_wconf 88' lang='lat' dir='ltr'>illius</span> <span class='ocrx_word' id='word_1_426' title='bbox 627 3002 734 3058; x_wconf 70' lang='lat' dir='ltr'>«lamini</span> <span class='ocrx_word' id='word_1_427' title='bbox 745 3018 796 3074; x_wconf 81' lang='lat' dir='ltr'>ego</span> <span class='ocrx_word' id='word_1_428' title='bbox 807 3003 928 3069; x_wconf 86' lang='lat' dir='ltr'>sum‚de</span> <span class='ocrx_word' id='word_1_429' title='bbox 983 3002 1061 3058; x_wconf 89' lang='lat' dir='ltr'>beris</span> <span class='ocrx_word' id='word_1_430' title='bbox 1076 3002 1105 3056; x_wconf 92' lang='lat' dir='ltr'>in</span> <span class='ocrx_word' id='word_1_431' title='bbox 1121 3001 1216 3057; x_wconf 88' lang='lat' dir='ltr'>virum</span> <span class='ocrx_word' id='word_1_432' title='bbox 1228 2998 1330 3056; x_wconf 90' lang='lat' dir='ltr'>elium.</span> <span class='ocrx_word' id='word_1_433' title='bbox 1348 2999 1469 3066; x_wconf 80' lang='lat' dir='ltr'>Quando</span> <span class='ocrx_word' id='word_1_434' title='bbox 1491 3014 1560 3072; x_wconf 79' lang='lat' dir='ltr'>ergo</span> <span class='ocrx_word' id='word_1_435' title='bbox 1576 2997 1710 3054; x_wconf 88' lang='lat' dir='ltr'>venerint</span> <span class='ocrx_word' id='word_1_436' title='bbox 1724 2996 1809 3070; x_wconf 81' lang='lat' dir='ltr'>sigua</span> 
     </span>
     <span class='ocr_line' id='line_1_37' title="bbox 119 3087 1813 3162; baseline -0.001 -18"><span class='ocrx_word' id='word_1_437' title='bbox 119 3088 325 3146; x_wconf 85' lang='lat' dir='ltr'>ninimatribu</span> <span class='ocrx_word' id='word_1_438' title='bbox 355 3087 456 3156; x_wconf 88' lang='lat' dir='ltr'>lsrael,</span> <span class='ocrx_word' id='word_1_439' title='bbox 480 3092 508 3146; x_wconf 93' lang='lat' dir='ltr'>et</span> <span class='ocrx_word' id='word_1_440' title='bbox 523 3089 656 3162; x_wconf 80' lang='lat' dir='ltr'>cognatio</span> <span class='ocrx_word' id='word_1_441' title='bbox 673 3107 738 3148; x_wconf 90' lang='lat' dir='ltr'>mea</span> <span class='ocrx_word' id='word_1_442' title='bbox 766 3091 928 3149; x_wconf 83' lang='lat' dir='ltr'>novissima</span> <span class='ocrx_word' id='word_1_443' title='bbox 982 3089 1156 3146; x_wconf 68' lang='lat' dir='ltr'>haecomnia</span> <span class='ocrx_word' id='word_1_444' title='bbox 1172 3088 1236 3159; x_wconf 90' lang='lat' dir='ltr'>tibi,</span> <span class='ocrx_word' id='word_1_445' title='bbox 1253 3089 1297 3144; x_wconf 89' lang='lat' dir='ltr'>luo</span> <span class='ocrx_word' id='word_1_446' title='bbox 1323 3102 1506 3161; x_wconf 82' lang='lat' dir='ltr'>quecunque</span> <span class='ocrx_word' id='word_1_447' title='bbox 1534 3087 1678 3142; x_wconf 88' lang='lat' dir='ltr'>invenerit</span> <span class='ocrx_word' id='word_1_448' title='bbox 1703 3102 1813 3143; x_wconf 88' lang='lat' dir='ltr'>manus</span> 
     </span>
     <span class='ocr_line' id='line_1_38' title="bbox 119 3163 1806 3253; baseline 0 -20"><span class='ocrx_word' id='word_1_449' title='bbox 119 3174 295 3236; x_wconf 84' lang='lat' dir='ltr'>interamnae</span> <span class='ocrx_word' id='word_1_450' title='bbox 308 3177 436 3235; x_wconf 81' lang='lat' dir='ltr'>familias</span> <span class='ocrx_word' id='word_1_451' title='bbox 451 3176 462 3212; x_wconf 86' lang='lat'><strong>¹</strong></span> <span class='ocrx_word' id='word_1_452' title='bbox 477 3178 513 3235; x_wconf 91' lang='lat' dir='ltr'>de</span> <span class='ocrx_word' id='word_1_453' title='bbox 542 3178 618 3235; x_wconf 90' lang='lat' dir='ltr'>tribu</span> <span class='ocrx_word' id='word_1_454' title='bbox 640 3180 815 3252; x_wconf 76' lang='lat' dir='ltr'>Beniamin?</span> <span class='ocrx_word' id='word_1_455' title='bbox 834 3197 924 3253; x_wconf 91' lang='lat' dir='ltr'>quare</span> <span class='ocrx_word' id='word_1_456' title='bbox 940 3163 961 3232; x_wconf 83' lang='lat' dir='ltr'>C</span> <span class='ocrx_word' id='word_1_457' title='bbox 979 3184 1040 3251; x_wconf 91' lang='lat' dir='ltr'>tua,</span> <span class='ocrx_word' id='word_1_458' title='bbox 1054 3178 1382 3252; x_wconf 88' lang='lat' dir='ltr'>quiaDominustecum</span> <span class='ocrx_word' id='word_1_459' title='bbox 1392 3176 1661 3233; x_wconf 75' lang='lat' dir='ltr'>estlltdescendes</span> <span class='ocrx_word' id='word_1_460' title='bbox 1674 3180 1745 3232; x_wconf 90' lang='lat' dir='ltr'>ante</span> <span class='ocrx_word' id='word_1_461' title='bbox 1759 3192 1806 3233; x_wconf 91' lang='lat' dir='ltr'>me</span> 
     </span>
     <span class='ocr_line' id='line_1_39' title="bbox 120 3259 1809 3341; baseline 0 -19"><span class='ocrx_word' id='word_1_462' title='bbox 120 3277 173 3338; x_wconf 69' lang='lat' dir='ltr'>age</span> <span class='ocrx_word' id='word_1_463' title='bbox 186 3265 302 3324; x_wconf 90' lang='lat' dir='ltr'>locutus</span> <span class='ocrx_word' id='word_1_464' title='bbox 317 3282 349 3323; x_wconf 91' lang='lat' dir='ltr'>es</span> <span class='ocrx_word' id='word_1_465' title='bbox 364 3266 437 3323; x_wconf 90' lang='lat' dir='ltr'>mihi</span> <span class='ocrx_word' id='word_1_466' title='bbox 448 3281 612 3324; x_wconf 87' lang='lat' dir='ltr'>sermonem</span> <span class='ocrx_word' id='word_1_467' title='bbox 629 3267 718 3325; x_wconf 89' lang='lat' dir='ltr'>iatum</span> <span class='ocrx_word' id='word_1_468' title='bbox 734 3269 749 3324; x_wconf 86' lang='lat' dir='ltr'>‘l</span> <span class='ocrx_word' id='word_1_469' title='bbox 763 3271 924 3326; x_wconf 83' lang='lat' dir='ltr'>Assumene</span> <span class='ocrx_word' id='word_1_470' title='bbox 980 3259 1009 3326; x_wconf 81' lang='lat' dir='ltr'>io</span> <span class='ocrx_word' id='word_1_471' title='bbox 1027 3267 1148 3341; x_wconf 83' lang='lat' dir='ltr'>Galgala</span> <span class='ocrx_word' id='word_1_472' title='bbox 1163 3269 1228 3339; x_wconf 87' lang='lat' dir='ltr'>(ego</span> <span class='ocrx_word' id='word_1_473' title='bbox 1240 3267 1349 3340; x_wconf 90' lang='lat' dir='ltr'>quippe</span> <span class='ocrx_word' id='word_1_474' title='bbox 1359 3265 1536 3322; x_wconf 89' lang='lat' dir='ltr'>descendam</span> <span class='ocrx_word' id='word_1_475' title='bbox 1549 3266 1585 3321; x_wconf 93' lang='lat' dir='ltr'>ad</span> <span class='ocrx_word' id='word_1_476' title='bbox 1596 3266 1648 3338; x_wconf 91' lang='lat' dir='ltr'>te),</span> <span class='ocrx_word' id='word_1_477' title='bbox 1659 3270 1691 3321; x_wconf 94' lang='lat' dir='ltr'>ut</span> <span class='ocrx_word' id='word_1_478' title='bbox 1704 3265 1809 3322; x_wconf 83' lang='lat' dir='ltr'>olleras</span> 
     </span>
     <span class='ocr_line' id='line_1_40' title="bbox 119 3353 1811 3429; baseline 0 -18"><span class='ocrx_word' id='word_1_479' title='bbox 119 3354 189 3426; x_wconf 79' lang='lat' dir='ltr'>laqus</span> <span class='ocrx_word' id='word_1_480' title='bbox 202 3354 322 3413; x_wconf 88' lang='lat' dir='ltr'>Samuel</span> <span class='ocrx_word' id='word_1_481' title='bbox 335 3354 463 3425; x_wconf 89' lang='lat' dir='ltr'>Saulem,</span> <span class='ocrx_word' id='word_1_482' title='bbox 475 3360 504 3412; x_wconf 91' lang='lat' dir='ltr'>et</span> <span class='ocrx_word' id='word_1_483' title='bbox 513 3372 638 3429; x_wconf 92' lang='lat' dir='ltr'>puerum</span> <span class='ocrx_word' id='word_1_484' title='bbox 653 3358 727 3429; x_wconf 80' lang='lat' dir='ltr'>elus,</span> <span class='ocrx_word' id='word_1_485' title='bbox 749 3358 913 3415; x_wconf 83' lang='lat' dir='ltr'>introduxit</span> <span class='ocrx_word' id='word_1_486' title='bbox 980 3357 1170 3423; x_wconf 90' lang='lat' dir='ltr'>oblationem,</span> <span class='ocrx_word' id='word_1_487' title='bbox 1183 3365 1211 3413; x_wconf 90' lang='lat' dir='ltr'>et</span> <span class='ocrx_word' id='word_1_488' title='bbox 1222 3355 1360 3413; x_wconf 88' lang='lat' dir='ltr'>immoles</span> <span class='ocrx_word' id='word_1_489' title='bbox 1370 3355 1505 3411; x_wconf 88' lang='lat' dir='ltr'>victimae</span> <span class='ocrx_word' id='word_1_490' title='bbox 1517 3355 1652 3428; x_wconf 81' lang='lat' dir='ltr'>pacifices</span> <span class='ocrx_word' id='word_1_491' title='bbox 1661 3353 1703 3425; x_wconf 88' lang='lat' dir='ltr'>[h.</span> <span class='ocrx_word' id='word_1_492' title='bbox 1719 3355 1754 3411; x_wconf 92' lang='lat' dir='ltr'>ad</span> <span class='ocrx_word' id='word_1_493' title='bbox 1770 3354 1811 3411; x_wconf 86' lang='lat' dir='ltr'>el·</span> 
     </span>
     <span class='ocr_line' id='line_1_41' title="bbox 120 3441 1809 3519; baseline 0.001 -21"><span class='ocrx_word' id='word_1_494' title='bbox 120 3443 198 3499; x_wconf 82' lang='lat' dir='ltr'>tosio</span> <span class='ocrx_word' id='word_1_495' title='bbox 232 3441 394 3499; x_wconf 86' lang='lat' dir='ltr'>triclinium</span> <span class='ocrx_word' id='word_1_496' title='bbox 407 3442 448 3516; x_wconf 89' lang='lat' dir='ltr'>[h.</span> <span class='ocrx_word' id='word_1_497' title='bbox 464 3443 495 3500; x_wconf 90' lang='lat' dir='ltr'>iu</span> <span class='ocrx_word' id='word_1_498' title='bbox 520 3444 702 3519; x_wconf 61' lang='lat' dir='ltr'>cubiculum}</span> <span class='ocrx_word' id='word_1_499' title='bbox 715 3451 744 3503; x_wconf 91' lang='lat' dir='ltr'>et</span> <span class='ocrx_word' id='word_1_500' title='bbox 773 3447 853 3503; x_wconf 90' lang='lat' dir='ltr'>dedit</span> <span class='ocrx_word' id='word_1_501' title='bbox 881 3446 925 3504; x_wconf 90' lang='lat' dir='ltr'>eis</span> <span class='ocrx_word' id='word_1_502' title='bbox 982 3444 1507 3503; x_wconf 83' lang='lat' dir='ltr'>serendasctimmolandnsvictimas</span> <span class='ocrx_word' id='word_1_503' title='bbox 1518 3442 1809 3517; x_wconf 80' lang='lat' dir='ltr'>pacificas12septam</span> 
     </span>
     <span class='ocr_line' id='line_1_42' title="bbox 122 3525 1810 3607; baseline 0.005 -25"><span class='ocrx_word' id='word_1_504' title='bbox 122 3525 202 3590; x_wconf 89' lang='lat' dir='ltr'>lecum</span> <span class='ocrx_word' id='word_1_505' title='bbox 216 3532 247 3589; x_wconf 91' lang='lat' dir='ltr'>in</span> <span class='ocrx_word' id='word_1_506' title='bbox 264 3533 358 3605; x_wconf 89' lang='lat' dir='ltr'>capite</span> <span class='ocrx_word' id='word_1_507' title='bbox 378 3548 479 3590; x_wconf 88' lang='lat' dir='ltr'>eoram</span> <span class='ocrx_word' id='word_1_508' title='bbox 495 3535 546 3606; x_wconf 93' lang='lat' dir='ltr'>qui</span> <span class='ocrx_word' id='word_1_509' title='bbox 576 3534 692 3591; x_wconf 87' lang='lat' dir='ltr'>inerant</span> <span class='ocrx_word' id='word_1_510' title='bbox 704 3535 825 3592; x_wconf 82' lang='lat' dir='ltr'>inuitati.</span> <span class='ocrx_word' id='word_1_511' title='bbox 842 3536 930 3592; x_wconf 75' lang='lat' dir='ltr'>lirant</span> <span class='ocrx_word' id='word_1_512' title='bbox 983 3536 1088 3592; x_wconf 88' lang='lat' dir='ltr'>diebus</span> <span class='ocrx_word' id='word_1_513' title='bbox 1102 3534 1261 3607; x_wconf 90' lang='lat' dir='ltr'>expectatis</span> <span class='ocrx_word' id='word_1_514' title='bbox 1277 3535 1369 3590; x_wconf 90' lang='lat' dir='ltr'>donec</span> <span class='ocrx_word' id='word_1_515' title='bbox 1384 3533 1498 3591; x_wconf 87' lang='lat' dir='ltr'>venium</span> <span class='ocrx_word' id='word_1_516' title='bbox 1515 3533 1551 3589; x_wconf 92' lang='lat' dir='ltr'>ed</span> <span class='ocrx_word' id='word_1_517' title='bbox 1571 3535 1810 3604; x_wconf 88' lang='lat' dir='ltr'>te,etosteodam</span> 
     </span>
     <span class='ocr_line' id='line_1_43' title="bbox 124 3618 1812 3696; baseline 0.002 -23"><span class='ocrx_word' id='word_1_518' title='bbox 124 3618 284 3693; x_wconf 83' lang='lat' dir='ltr'>saimquesi</span> <span class='ocrx_word' id='word_1_519' title='bbox 307 3620 428 3695; x_wconf 80' lang='lat' dir='ltr'>triginta</span> <span class='ocrx_word' id='word_1_520' title='bbox 451 3622 515 3678; x_wconf 86' lang='lat' dir='ltr'>viri.</span> <span class='ocrx_word' id='word_1_521' title='bbox 543 3623 678 3695; x_wconf 85' lang='lat' dir='ltr'>Dixitque</span> <span class='ocrx_word' id='word_1_522' title='bbox 697 3625 816 3682; x_wconf 87' lang='lat' dir='ltr'>Samuel</span> <span class='ocrx_word' id='word_1_523' title='bbox 840 3641 928 3682; x_wconf 90' lang='lat' dir='ltr'>coco:</span> <span class='ocrx_word' id='word_1_524' title='bbox 983 3623 1037 3680; x_wconf 91' lang='lat' dir='ltr'>tihi</span> <span class='ocrx_word' id='word_1_525' title='bbox 1054 3640 1119 3696; x_wconf 75' lang='lat' dir='ltr'>qum</span> <span class='ocrx_word' id='word_1_526' title='bbox 1133 3624 1224 3679; x_wconf 86' lang='lat' dir='ltr'>iacias</span> <span class='ocrx_word' id='word_1_527' title='bbox 1240 3623 1283 3696; x_wconf 83' lang='lat' dir='ltr'>[T.</span> <span class='ocrx_word' id='word_1_528' title='bbox 1302 3622 1400 3695; x_wconf 85' lang='lat' dir='ltr'>XXV.]</span> <span class='ocrx_word' id='word_1_529' title='bbox 1430 3622 1529 3692; x_wconf 91' lang='lat' dir='ltr'>ltaque</span> <span class='ocrx_word' id='word_1_530' title='bbox 1557 3638 1625 3678; x_wconf 91' lang='lat' dir='ltr'>cum</span> <span class='ocrx_word' id='word_1_531' title='bbox 1655 3621 1812 3678; x_wconf 89' lang='lat' dir='ltr'>evertisset</span> 
     </span>
     <span class='ocr_line' id='line_1_44' title="bbox 125 3706 1809 3787; baseline 0 -23"><span class='ocrx_word' id='word_1_532' title='bbox 125 3706 154 3764; x_wconf 83' lang='lat' dir='ltr'>ba</span> <span class='ocrx_word' id='word_1_533' title='bbox 164 3714 274 3782; x_wconf 89' lang='lat' dir='ltr'>partem</span> <span class='ocrx_word' id='word_1_534' title='bbox 289 3727 377 3783; x_wconf 91' lang='lat' dir='ltr'>quam</span> <span class='ocrx_word' id='word_1_535' title='bbox 391 3711 459 3768; x_wconf 89' lang='lat' dir='ltr'>dedi</span> <span class='ocrx_word' id='word_1_536' title='bbox 475 3712 539 3782; x_wconf 90' lang='lat' dir='ltr'>tihi,</span> <span class='ocrx_word' id='word_1_537' title='bbox 554 3716 584 3768; x_wconf 90' lang='lat' dir='ltr'>et</span> <span class='ocrx_word' id='word_1_538' title='bbox 598 3713 730 3785; x_wconf 80' lang='lat' dir='ltr'>precepi,</span> <span class='ocrx_word' id='word_1_539' title='bbox 747 3717 781 3770; x_wconf 91' lang='lat' dir='ltr'>ut</span> <span class='ocrx_word' id='word_1_540' title='bbox 807 3731 928 3787; x_wconf 89' lang='lat' dir='ltr'>repone·</span> <span class='ocrx_word' id='word_1_541' title='bbox 985 3713 1141 3770; x_wconf 90' lang='lat' dir='ltr'>humerum</span> <span class='ocrx_word' id='word_1_542' title='bbox 1157 3729 1257 3782; x_wconf 91' lang='lat' dir='ltr'>suum,</span> <span class='ocrx_word' id='word_1_543' title='bbox 1275 3716 1306 3768; x_wconf 92' lang='lat' dir='ltr'>ut</span> <span class='ocrx_word' id='word_1_544' title='bbox 1316 3711 1408 3768; x_wconf 89' lang='lat' dir='ltr'>abiret</span> <span class='ocrx_word' id='word_1_545' title='bbox 1420 3711 1593 3777; x_wconf 87' lang='lat' dir='ltr'>aSamuele,</span> <span class='ocrx_word' id='word_1_546' title='bbox 1606 3709 1772 3767; x_wconf 83' lang='lat' dir='ltr'>immutavit</span> <span class='ocrx_word' id='word_1_547' title='bbox 1783 3709 1809 3765; x_wconf 92' lang='lat' dir='ltr'>ei</span> 
     </span>
     <span class='ocr_line' id='line_1_45' title="bbox 124 3798 1812 3874; baseline -0.001 -20"><span class='ocrx_word' id='word_1_548' title='bbox 124 3810 158 3854; x_wconf 85' lang='lat' dir='ltr'>tes</span> <span class='ocrx_word' id='word_1_549' title='bbox 169 3816 298 3858; x_wconf 71' lang='lat' dir='ltr'>morsum</span> <span class='ocrx_word' id='word_1_550' title='bbox 309 3801 387 3872; x_wconf 88' lang='lat' dir='ltr'>apud</span> <span class='ocrx_word' id='word_1_551' title='bbox 404 3805 443 3857; x_wconf 85' lang='lat' dir='ltr'>te.</span> <span class='ocrx_word' id='word_1_552' title='bbox 460 3801 576 3858; x_wconf 83' lang='lat' dir='ltr'>bevasit</span> <span class='ocrx_word' id='word_1_553' title='bbox 589 3807 687 3858; x_wconf 89' lang='lat' dir='ltr'>autem</span> <span class='ocrx_word' id='word_1_554' title='bbox 700 3820 786 3860; x_wconf 88' lang='lat' dir='ltr'>cocus</span> <span class='ocrx_word' id='word_1_555' title='bbox 802 3820 927 3874; x_wconf 90' lang='lat' dir='ltr'>armum,</span> <span class='ocrx_word' id='word_1_556' title='bbox 986 3805 1062 3859; x_wconf 87' lang='lat' dir='ltr'>Deus</span> <span class='ocrx_word' id='word_1_557' title='bbox 1077 3819 1127 3858; x_wconf 92' lang='lat' dir='ltr'>cur</span> <span class='ocrx_word' id='word_1_558' title='bbox 1141 3801 1232 3867; x_wconf 85' lang='lat' dir='ltr'>aliud,</span> <span class='ocrx_word' id='word_1_559' title='bbox 1246 3804 1425 3857; x_wconf 90' lang='lat' dir='ltr'>etvenerunt</span> <span class='ocrx_word' id='word_1_560' title='bbox 1439 3800 1538 3856; x_wconf 88' lang='lat' dir='ltr'>omnia</span> <span class='ocrx_word' id='word_1_561' title='bbox 1553 3801 1638 3872; x_wconf 79' lang='lat' dir='ltr'>signa</span> <span class='ocrx_word' id='word_1_562' title='bbox 1651 3798 1749 3855; x_wconf 84' lang='lat' dir='ltr'>hoecin</span> <span class='ocrx_word' id='word_1_563' title='bbox 1764 3798 1812 3854; x_wconf 91' lang='lat' dir='ltr'>die</span> 
     </span>
     <span class='ocr_line' id='line_1_46' title="bbox 124 3887 1812 3966; baseline -0.001 -23"><span class='ocrx_word' id='word_1_564' title='bbox 124 3889 247 3961; x_wconf 81' lang='lat' dir='ltr'>stpoeuit</span> <span class='ocrx_word' id='word_1_565' title='bbox 260 3893 328 3946; x_wconf 90' lang='lat' dir='ltr'>ants</span> <span class='ocrx_word' id='word_1_566' title='bbox 343 3888 424 3946; x_wconf 85' lang='lat' dir='ltr'>Saul.</span> <span class='ocrx_word' id='word_1_567' title='bbox 449 3889 587 3964; x_wconf 89' lang='lat' dir='ltr'>Dixitque</span> <span class='ocrx_word' id='word_1_568' title='bbox 600 3891 738 3949; x_wconf 88' lang='lat' dir='ltr'>Samuel:</span> <span class='ocrx_word' id='word_1_569' title='bbox 755 3893 826 3950; x_wconf 79' lang='lat' dir='ltr'>Ecce</span> <span class='ocrx_word' id='word_1_570' title='bbox 853 3894 931 3966; x_wconf 93' lang='lat' dir='ltr'>quod</span> <span class='ocrx_word' id='word_1_571' title='bbox 984 3891 1045 3948; x_wconf 92' lang='lat' dir='ltr'>ille.</span> <span class='ocrx_word' id='word_1_572' title='bbox 1063 3892 1269 3962; x_wconf 91' lang='lat' dir='ltr'>Veneruntque</span> <span class='ocrx_word' id='word_1_573' title='bbox 1279 3890 1315 3946; x_wconf 93' lang='lat' dir='ltr'>ad</span> <span class='ocrx_word' id='word_1_574' title='bbox 1331 3890 1501 3962; x_wconf 75' lang='lat' dir='ltr'>predictum</span> <span class='ocrx_word' id='word_1_575' title='bbox 1513 3887 1627 3960; x_wconf 87' lang='lat' dir='ltr'>collem,</span> <span class='ocrx_word' id='word_1_576' title='bbox 1643 3892 1744 3944; x_wconf 89' lang='lat' dir='ltr'>etecce</span> <span class='ocrx_word' id='word_1_577' title='bbox 1759 3903 1812 3943; x_wconf 89' lang='lat' dir='ltr'>cu·</span> 
     </span>
     <span class='ocr_line' id='line_1_47' title="bbox 125 3976 1809 4055; baseline -0.002 -20"><span class='ocrx_word' id='word_1_578' title='bbox 125 3979 261 4049; x_wconf 73' lang='lat' dir='ltr'>sumsit,</span> <span class='ocrx_word' id='word_1_579' title='bbox 277 3994 353 4051; x_wconf 91' lang='lat' dir='ltr'>pone</span> <span class='ocrx_word' id='word_1_580' title='bbox 369 3982 436 4035; x_wconf 85' lang='lat' dir='ltr'>ante</span> <span class='ocrx_word' id='word_1_581' title='bbox 451 3984 489 4048; x_wconf 90' lang='lat' dir='ltr'>te,</span> <span class='ocrx_word' id='word_1_582' title='bbox 505 3984 534 4036; x_wconf 89' lang='lat' dir='ltr'>et</span> <span class='ocrx_word' id='word_1_583' title='bbox 556 3981 693 4038; x_wconf 88' lang='lat' dir='ltr'>comede:</span> <span class='ocrx_word' id='word_1_584' title='bbox 711 3982 831 4055; x_wconf 91' lang='lat' dir='ltr'>quiade</span> <span class='ocrx_word' id='word_1_585' title='bbox 847 3983 933 4039; x_wconf 92' lang='lat' dir='ltr'>indu·</span> <span class='ocrx_word' id='word_1_586' title='bbox 988 3997 1061 4037; x_wconf 90' lang='lat' dir='ltr'>neus</span> <span class='ocrx_word' id='word_1_587' title='bbox 1076 3979 1288 4052; x_wconf 90' lang='lat' dir='ltr'>prophetarum</span> <span class='ocrx_word' id='word_1_588' title='bbox 1317 3977 1420 4034; x_wconf 89' lang='lat' dir='ltr'>obvius</span> <span class='ocrx_word' id='word_1_589' title='bbox 1436 3978 1480 4033; x_wconf 92' lang='lat' dir='ltr'>ei:</span> <span class='ocrx_word' id='word_1_590' title='bbox 1499 3976 1614 4032; x_wconf 90' lang='lat' dir='ltr'>insiluit</span> <span class='ocrx_word' id='word_1_591' title='bbox 1628 3991 1718 4048; x_wconf 89' lang='lat' dir='ltr'>super</span> <span class='ocrx_word' id='word_1_592' title='bbox 1741 3990 1809 4032; x_wconf 89' lang='lat' dir='ltr'>eum</span> 
     </span>
     <span class='ocr_line' id='line_1_48' title="bbox 122 4064 1810 4143; baseline -0.003 -18"><span class='ocrx_word' id='word_1_593' title='bbox 122 4069 336 4127; x_wconf 68' lang='lat' dir='ltr'>serenatum</span> <span class='ocrx_word' id='word_1_594' title='bbox 352 4068 465 4126; x_wconf 84' lang='lat' dir='ltr'>esttibi</span> <span class='ocrx_word' id='word_1_595' title='bbox 482 4070 598 4142; x_wconf 90' lang='lat' dir='ltr'>quando</span> <span class='ocrx_word' id='word_1_596' title='bbox 613 4071 754 4143; x_wconf 91' lang='lat' dir='ltr'>populum</span> <span class='ocrx_word' id='word_1_597' title='bbox 770 4072 878 4130; x_wconf 78' lang='lat' dir='ltr'>vocari.</span> <span class='ocrx_word' id='word_1_598' title='bbox 895 4073 930 4129; x_wconf 75' lang='lat' dir='ltr'>at</span> <span class='ocrx_word' id='word_1_599' title='bbox 988 4069 1115 4143; x_wconf 79' lang='lat' dir='ltr'>Spiritus</span> <span class='ocrx_word' id='word_1_600' title='bbox 1134 4069 1193 4134; x_wconf 82' lang='lat' dir='ltr'>hei,</span> <span class='ocrx_word' id='word_1_601' title='bbox 1209 4073 1238 4123; x_wconf 93' lang='lat' dir='ltr'>et</span> <span class='ocrx_word' id='word_1_602' title='bbox 1262 4066 1447 4140; x_wconf 82' lang='lat' dir='ltr'>prophetavit</span> <span class='ocrx_word' id='word_1_603' title='bbox 1461 4066 1490 4121; x_wconf 91' lang='lat' dir='ltr'>in</span> <span class='ocrx_word' id='word_1_604' title='bbox 1508 4064 1604 4122; x_wconf 90' lang='lat' dir='ltr'>medio</span> <span class='ocrx_word' id='word_1_605' title='bbox 1633 4081 1745 4121; x_wconf 89' lang='lat' dir='ltr'>eorum.</span> <span class='ocrx_word' id='word_1_606' title='bbox 1759 4064 1810 4119; x_wconf 86' lang='lat' dir='ltr'>Vi·</span> 
     </span>
     <span class='ocr_line' id='line_1_49' title="bbox 122 4152 1811 4229; baseline -0.003 -14"><span class='ocrx_word' id='word_1_607' title='bbox 122 4159 232 4218; x_wconf 75' lang='lat' dir='ltr'>euadit</span> <span class='ocrx_word' id='word_1_608' title='bbox 244 4157 314 4215; x_wconf 88' lang='lat' dir='ltr'>Saul</span> <span class='ocrx_word' id='word_1_609' title='bbox 330 4175 397 4216; x_wconf 90' lang='lat' dir='ltr'>cum</span> <span class='ocrx_word' id='word_1_610' title='bbox 412 4158 548 4216; x_wconf 90' lang='lat' dir='ltr'>Samuele</span> <span class='ocrx_word' id='word_1_611' title='bbox 564 4159 593 4215; x_wconf 92' lang='lat' dir='ltr'>in</span> <span class='ocrx_word' id='word_1_612' title='bbox 609 4160 656 4217; x_wconf 89' lang='lat' dir='ltr'>die</span> <span class='ocrx_word' id='word_1_613' title='bbox 672 4160 733 4216; x_wconf 91' lang='lat' dir='ltr'>illo.</span> <span class='ocrx_word' id='word_1_614' title='bbox 759 4163 793 4218; x_wconf 80' lang='lat' dir='ltr'>St</span> <span class='ocrx_word' id='word_1_615' title='bbox 807 4162 930 4219; x_wconf 89' lang='lat' dir='ltr'>descen·</span> <span class='ocrx_word' id='word_1_616' title='bbox 988 4160 1091 4217; x_wconf 88' lang='lat' dir='ltr'>dentes</span> <span class='ocrx_word' id='word_1_617' title='bbox 1106 4162 1203 4214; x_wconf 91' lang='lat' dir='ltr'>eutem</span> <span class='ocrx_word' id='word_1_618' title='bbox 1218 4172 1321 4212; x_wconf 90' lang='lat' dir='ltr'>omnes</span> <span class='ocrx_word' id='word_1_619' title='bbox 1337 4156 1385 4229; x_wconf 91' lang='lat' dir='ltr'>qui</span> <span class='ocrx_word' id='word_1_620' title='bbox 1403 4159 1546 4211; x_wconf 88' lang='lat' dir='ltr'>noverunt</span> <span class='ocrx_word' id='word_1_621' title='bbox 1561 4170 1628 4210; x_wconf 91' lang='lat' dir='ltr'>eum</span> <span class='ocrx_word' id='word_1_622' title='bbox 1651 4154 1686 4210; x_wconf 85' lang='lat' dir='ltr'>ab</span> <span class='ocrx_word' id='word_1_623' title='bbox 1701 4152 1764 4211; x_wconf 90' lang='lat' dir='ltr'>heri</span> <span class='ocrx_word' id='word_1_624' title='bbox 1780 4158 1811 4210; x_wconf 88' lang='lat' dir='ltr'>et</span> 
     </span>
     <span class='ocr_line' id='line_1_50' title="bbox 122 4242 1810 4322; baseline -0.003 -19"><span class='ocrx_word' id='word_1_625' title='bbox 122 4242 210 4306; x_wconf 86' lang='lat' dir='ltr'>derant</span> <span class='ocrx_word' id='word_1_626' title='bbox 222 4249 260 4305; x_wconf 88' lang='lat' dir='ltr'>de</span> <span class='ocrx_word' id='word_1_627' title='bbox 275 4245 387 4305; x_wconf 83' lang='lat' dir='ltr'>excelso</span> <span class='ocrx_word' id='word_1_628' title='bbox 399 4247 429 4304; x_wconf 92' lang='lat' dir='ltr'>in</span> <span class='ocrx_word' id='word_1_629' title='bbox 445 4247 600 4322; x_wconf 87' lang='lat' dir='ltr'>oppidum,</span> <span class='ocrx_word' id='word_1_630' title='bbox 615 4252 644 4305; x_wconf 91' lang='lat' dir='ltr'>et</span> <span class='ocrx_word' id='word_1_631' title='bbox 658 4248 773 4307; x_wconf 91' lang='lat' dir='ltr'>locutus</span> <span class='ocrx_word' id='word_1_632' title='bbox 798 4253 845 4307; x_wconf 89' lang='lat' dir='ltr'>cst</span> <span class='ocrx_word' id='word_1_633' title='bbox 868 4267 935 4306; x_wconf 90' lang='lat' dir='ltr'>cum</span> <span class='ocrx_word' id='word_1_634' title='bbox 989 4247 1214 4315; x_wconf 85' lang='lat' dir='ltr'>nudiustertius,</span> <span class='ocrx_word' id='word_1_635' title='bbox 1231 4246 1307 4317; x_wconf 93' lang='lat' dir='ltr'>quod</span> <span class='ocrx_word' id='word_1_636' title='bbox 1333 4248 1412 4301; x_wconf 81' lang='lat' dir='ltr'>essct</span> <span class='ocrx_word' id='word_1_637' title='bbox 1424 4261 1490 4300; x_wconf 91' lang='lat' dir='ltr'>cum</span> <span class='ocrx_word' id='word_1_638' title='bbox 1515 4242 1677 4317; x_wconf 88' lang='lat' dir='ltr'>prophetis,</span> <span class='ocrx_word' id='word_1_639' title='bbox 1696 4246 1725 4299; x_wconf 89' lang='lat' dir='ltr'>et</span> <span class='ocrx_word' id='word_1_640' title='bbox 1740 4258 1810 4315; x_wconf 90' lang='lat' dir='ltr'>pro·</span> 
     </span>
     <span class='ocr_line' id='line_1_51' title="bbox 121 4331 1812 4412; baseline -0.003 -20"><span class='ocrx_word' id='word_1_641' title='bbox 121 4335 188 4396; x_wconf 84' lang='lat' dir='ltr'>Saule</span> <span class='ocrx_word' id='word_1_642' title='bbox 203 4339 233 4395; x_wconf 89' lang='lat' dir='ltr'>iu</span> <span class='ocrx_word' id='word_1_643' title='bbox 249 4337 358 4396; x_wconf 91' lang='lat' dir='ltr'>solario</span> <span class='ocrx_word' id='word_1_644' title='bbox 372 4339 393 4392; x_wconf 84' lang='lat'>².</span> <span class='ocrx_word' id='word_1_645' title='bbox 424 4337 556 4412; x_wconf 86' lang='lat' dir='ltr'>Cumque</span> <span class='ocrx_word' id='word_1_646' title='bbox 569 4355 658 4395; x_wconf 89' lang='lat' dir='ltr'>meus</span> <span class='ocrx_word' id='word_1_647' title='bbox 686 4340 893 4408; x_wconf 87' lang='lat' dir='ltr'>surrexissent,</span> <span class='ocrx_word' id='word_1_648' title='bbox 908 4344 937 4396; x_wconf 90' lang='lat' dir='ltr'>et</span> <span class='ocrx_word' id='word_1_649' title='bbox 990 4338 1132 4410; x_wconf 87' lang='lat' dir='ltr'>phetaret,</span> <span class='ocrx_word' id='word_1_650' title='bbox 1144 4334 1281 4390; x_wconf 84' lang='lat' dir='ltr'>dixerunt</span> <span class='ocrx_word' id='word_1_651' title='bbox 1294 4334 1329 4390; x_wconf 92' lang='lat' dir='ltr'>ad</span> <span class='ocrx_word' id='word_1_652' title='bbox 1342 4333 1465 4390; x_wconf 80' lang='lat' dir='ltr'>inuicem</span> <span class='ocrx_word' id='word_1_653' title='bbox 1477 4349 1483 4388; x_wconf 93' lang='lat'>:</span> <span class='ocrx_word' id='word_1_654' title='bbox 1496 4335 1634 4399; x_wconf 80' lang='lat' dir='ltr'>Quonam</span> <span class='ocrx_word' id='word_1_655' title='bbox 1646 4348 1691 4388; x_wconf 89' lang='lat' dir='ltr'>res</span> <span class='ocrx_word' id='word_1_656' title='bbox 1705 4331 1812 4389; x_wconf 90' lang='lat' dir='ltr'>eccidit</span> 
     </span>
     <span class='ocr_line' id='line_1_52' title="bbox 119 4411 1813 4497; baseline -0.002 -15"><span class='ocrx_word' id='word_1_657' title='bbox 119 4411 166 4484; x_wconf 80' lang='lat' dir='ltr'>laur</span> <span class='ocrx_word' id='word_1_658' title='bbox 179 4426 385 4497; x_wconf 85' lang='lat' dir='ltr'>dilucesceret,</span> <span class='ocrx_word' id='word_1_659' title='bbox 401 4426 641 4484; x_wconf 85' lang='lat' dir='ltr'>rocaritSsmuel</span> <span class='ocrx_word' id='word_1_660' title='bbox 655 4427 772 4484; x_wconf 89' lang='lat' dir='ltr'>Saulem</span> <span class='ocrx_word' id='word_1_661' title='bbox 784 4427 813 4484; x_wconf 90' lang='lat' dir='ltr'>in</span> <span class='ocrx_word' id='word_1_662' title='bbox 830 4428 936 4485; x_wconf 90' lang='lat' dir='ltr'>solario</span> <span class='ocrx_word' id='word_1_663' title='bbox 991 4426 1051 4482; x_wconf 88' lang='lat' dir='ltr'>lilio</span> <span class='ocrx_word' id='word_1_664' title='bbox 1066 4423 1137 4482; x_wconf 74' lang='lat' dir='ltr'>Cis?</span> <span class='ocrx_word' id='word_1_665' title='bbox 1152 4439 1222 4480; x_wconf 90' lang='lat' dir='ltr'>num</span> <span class='ocrx_word' id='word_1_666' title='bbox 1237 4426 1266 4479; x_wconf 91' lang='lat' dir='ltr'>et</span> <span class='ocrx_word' id='word_1_667' title='bbox 1280 4421 1348 4478; x_wconf 91' lang='lat' dir='ltr'>Saul</span> <span class='ocrx_word' id='word_1_668' title='bbox 1359 4423 1435 4478; x_wconf 91' lang='lat' dir='ltr'>inter</span> <span class='ocrx_word' id='word_1_669' title='bbox 1444 4420 1621 4493; x_wconf 79' lang='lat' dir='ltr'>prophetas?</span> <span class='ocrx_word' id='word_1_670' title='bbox 1636 4419 1813 4493; x_wconf 85' lang='lat' dir='ltr'>Respondit·</span> 
     </span>
     <span class='ocr_line' id='line_1_53' title="bbox 121 4509 1813 4602; baseline -0.002 -33"><span class='ocrx_word' id='word_1_671' title='bbox 121 4511 224 4574; x_wconf 73' lang='lat' dir='ltr'>dimus:</span> <span class='ocrx_word' id='word_1_672' title='bbox 249 4519 353 4588; x_wconf 75' lang='lat' dir='ltr'>Surge,</span> <span class='ocrx_word' id='word_1_673' title='bbox 368 4518 400 4571; x_wconf 89' lang='lat' dir='ltr'>ut</span> <span class='ocrx_word' id='word_1_674' title='bbox 410 4513 555 4572; x_wconf 87' lang='lat' dir='ltr'>dimittam</span> <span class='ocrx_word' id='word_1_675' title='bbox 569 4515 610 4588; x_wconf 90' lang='lat' dir='ltr'>[h.</span> <span class='ocrx_word' id='word_1_676' title='bbox 627 4516 753 4588; x_wconf 90' lang='lat' dir='ltr'>mittam]</span> <span class='ocrx_word' id='word_1_677' title='bbox 764 4520 801 4573; x_wconf 87' lang='lat' dir='ltr'>te.</span> <span class='ocrx_word' id='word_1_678' title='bbox 819 4518 852 4573; x_wconf 80' lang='lat' dir='ltr'>Et</span> <span class='ocrx_word' id='word_1_679' title='bbox 864 4534 929 4574; x_wconf 89' lang='lat' dir='ltr'>sur·</span> <span class='ocrx_word' id='word_1_680' title='bbox 946 4537 969 4602; x_wconf 74' lang='lat' dir='ltr'>D</span> <span class='ocrx_word' id='word_1_681' title='bbox 991 4532 1049 4588; x_wconf 91' lang='lat' dir='ltr'>que</span> <span class='ocrx_word' id='word_1_682' title='bbox 1063 4513 1137 4570; x_wconf 91' lang='lat' dir='ltr'>alter</span> <span class='ocrx_word' id='word_1_683' title='bbox 1152 4514 1212 4585; x_wconf 87' lang='lat' dir='ltr'>(ms.</span> <span class='ocrx_word' id='word_1_684' title='bbox 1230 4512 1319 4581; x_wconf 90' lang='lat' dir='ltr'>alios)</span> <span class='ocrx_word' id='word_1_685' title='bbox 1341 4511 1377 4567; x_wconf 89' lang='lat' dir='ltr'>ad</span> <span class='ocrx_word' id='word_1_686' title='bbox 1395 4510 1532 4579; x_wconf 89' lang='lat' dir='ltr'>alterum,</span> <span class='ocrx_word' id='word_1_687' title='bbox 1561 4510 1680 4566; x_wconf 88' lang='lat' dir='ltr'>dicens:</span> <span class='ocrx_word' id='word_1_688' title='bbox 1697 4510 1731 4565; x_wconf 79' lang='lat' dir='ltr'>lat</span> <span class='ocrx_word' id='word_1_689' title='bbox 1746 4509 1813 4583; x_wconf 89' lang='lat' dir='ltr'>quis</span> 
     </span>
    </p>
   </div>
   <div class='ocr_carea' id='block_1_9' title="bbox 146 4602 1813 4703">
    <p class='ocr_par' dir='ltr' id='par_1_10' title="bbox 146 4602 1813 4703">
     <span class='ocr_line' id='line_1_54' title="bbox 146 4602 1813 4703; baseline -0.004 -25"><span class='ocrx_word' id='word_1_690' title='bbox 146 4622 284 4678; x_wconf 79' lang='lat' dir='ltr'>¹llehroeo</span> <span class='ocrx_word' id='word_1_691' title='bbox 297 4619 429 4693; x_wconf 89' lang='lat' dir='ltr'>pressius</span> <span class='ocrx_word' id='word_1_692' title='bbox 442 4620 521 4676; x_wconf 92' lang='lat' dir='ltr'>idem</span> <span class='ocrx_word' id='word_1_693' title='bbox 543 4638 599 4678; x_wconf 86' lang='lat' dir='ltr'>ms.</span> <span class='ocrx_word' id='word_1_694' title='bbox 616 4622 770 4679; x_wconf 77' lang='lat' dir='ltr'>benedicet.</span> <span class='ocrx_word' id='word_1_695' title='bbox 986 4621 1057 4678; x_wconf 91' lang='lat' dir='ltr'>olim</span> <span class='ocrx_word' id='word_1_696' title='bbox 1074 4619 1229 4703; x_wconf 75' lang='lat' dir='ltr'>archetypo</span> <span class='ocrx_word' id='word_1_697' title='bbox 1245 4619 1282 4675; x_wconf 94' lang='lat' dir='ltr'>oh</span> <span class='ocrx_word' id='word_1_698' title='bbox 1304 4619 1438 4689; x_wconf 90' lang='lat' dir='ltr'>ejusdem</span> <span class='ocrx_word' id='word_1_699' title='bbox 1453 4617 1534 4674; x_wconf 90' lang='lat' dir='ltr'>vocis</span> <span class='ocrx_word' id='word_1_700' title='bbox 1549 4602 1618 4679; x_wconf 74' lang='lat' dir='ltr'>urb</span> <span class='ocrx_word' id='word_1_701' title='bbox 1647 4632 1813 4687; x_wconf 87' lang='lat' dir='ltr'>recursum,</span> 
     </span>
    </p>
   </div>
   <div class='ocr_carea' id='block_1_10' title="bbox 147 4689 1812 4793">
    <p class='ocr_par' dir='ltr' id='par_1_11' title="bbox 147 4689 1812 4793">
     <span class='ocr_line' id='line_1_55' title="bbox 147 4689 1812 4793; baseline -0.004 -43"><span class='ocrx_word' id='word_1_702' title='bbox 147 4718 157 4755; x_wconf 83' lang='grc' dir='ltr'>ι</span> <span class='ocrx_word' id='word_1_703' title='bbox 168 4718 330 4790; x_wconf 53' lang='lat' dir='ltr'>patmum,</span> <span class='ocrx_word' id='word_1_704' title='bbox 342 4734 439 4775; x_wconf 60' lang='lat' dir='ltr'>emm</span> <span class='ocrx_word' id='word_1_705' title='bbox 459 4719 537 4791; x_wconf 57' lang='lat' dir='ltr'>mim</span> <span class='ocrx_word' id='word_1_706' title='bbox 552 4734 603 4790; x_wconf 65' lang='lat' dir='ltr'>pm</span> <span class='ocrx_word' id='word_1_707' title='bbox 615 4720 742 4790; x_wconf 58' lang='lat' dir='ltr'>familia,</span> <span class='ocrx_word' id='word_1_708' title='bbox 756 4720 828 4793; x_wconf 57' lang='lat' dir='ltr'>133st</span> <span class='ocrx_word' id='word_1_709' title='bbox 843 4721 933 4776; x_wconf 55' lang='lat' dir='ltr'>pom,</span> <span class='ocrx_word' id='word_1_710' title='bbox 986 4693 1109 4777; x_wconf 81' lang='lat' dir='ltr'>solemni</span> <span class='ocrx_word' id='word_1_711' title='bbox 1122 4691 1356 4763; x_wconf 84' lang='lat' dir='ltr'>antiquariorum</span> <span class='ocrx_word' id='word_1_712' title='bbox 1371 4690 1455 4761; x_wconf 84' lang='lat' dir='ltr'>lapsu</span> <span class='ocrx_word' id='word_1_713' title='bbox 1463 4689 1623 4746; x_wconf 87' lang='lat' dir='ltr'>excidisse:</span> <span class='ocrx_word' id='word_1_714' title='bbox 1636 4689 1698 4745; x_wconf 82' lang='lat' dir='ltr'>baso</span> <span class='ocrx_word' id='word_1_715' title='bbox 1713 4691 1812 4745; x_wconf 89' lang='lat' dir='ltr'>tamen</span> 
     </span>
    </p>
   </div>
   <div class='ocr_carea' id='block_1_11' title="bbox 124 4760 1815 4960">
    <p class='ocr_par' dir='ltr' id='par_1_12' title="bbox 124 4760 1815 4960">
     <span class='ocr_line' id='line_1_56' title="bbox 124 4760 1815 4960; baseline -0.004 -68"><span class='ocrx_word' id='word_1_716' title='bbox 124 4789 934 4960; x_wconf 45' lang='lat' dir='ltr'>qqupg,i¹2,3,¹32,l{3333⁰r⁰3a33p225523112303553</span> <span class='ocrx_word' id='word_1_717' title='bbox 989 4765 1434 4892; x_wconf 59' lang='lat' dir='ltr'>restittatttttirmlt</span> <span class='ocrx_word' id='word_1_718' title='bbox 1447 4760 1815 4904; x_wconf 63' lang='lat' dir='ltr'>sanctiticatam</span> 
     </span>
    </p>
   </div>
   <div class='ocr_carea' id='block_1_12' title="bbox 124 4902 1813 5102">
    <p class='ocr_par' dir='ltr' id='par_1_13' title="bbox 124 4902 1813 5102">
     <span class='ocr_line' id='line_1_57' title="bbox 124 4902 1811 5016; baseline -0.008 -45"><span class='ocrx_word' id='word_1_719' title='bbox 124 4961 190 5015; x_wconf 57' lang='lat' dir='ltr'><em>m</em></span> <span class='ocrx_word' id='word_1_720' title='bbox 337 4959 396 5014; x_wconf 64' lang='lat' dir='ltr'>nb</span> <span class='ocrx_word' id='word_1_721' title='bbox 481 4959 498 5014; x_wconf 75' lang='lat' dir='ltr'>h</span> <span class='ocrx_word' id='word_1_722' title='bbox 558 4963 565 5013; x_wconf 53' lang='grc' dir='ltr'>Ι</span> <span class='ocrx_word' id='word_1_723' title='bbox 635 4959 728 5015; x_wconf 59' lang='grc' dir='ltr'>Η,</span> <span class='ocrx_word' id='word_1_724' title='bbox 790 4960 855 5016; x_wconf 65' lang='lat' dir='ltr'>l„</span> <span class='ocrx_word' id='word_1_725' title='bbox 923 4992 934 5003; x_wconf 46' lang='lat'>·</span> <span class='ocrx_word' id='word_1_726' title='bbox 989 4906 1124 4989; x_wconf 82' lang='lat' dir='ltr'>nihilque</span> <span class='ocrx_word' id='word_1_727' title='bbox 1140 4905 1206 4978; x_wconf 90' lang='lat' dir='ltr'>plus</span> <span class='ocrx_word' id='word_1_728' title='bbox 1221 4904 1388 4985; x_wconf 83' lang='lat' dir='ltr'>haherevel</span> <span class='ocrx_word' id='word_1_729' title='bbox 1413 4904 1526 4987; x_wconf 43' lang='lat' dir='ltr'>minus,</span> <span class='ocrx_word' id='word_1_730' title='bbox 1539 4902 1692 4987; x_wconf 81' lang='lat' dir='ltr'>idqueeos</span> <span class='ocrx_word' id='word_1_731' title='bbox 1707 4903 1811 4975; x_wconf 81' lang='lat' dir='ltr'>magis,</span> 
     </span>
     <span class='ocr_line' id='line_1_58' title="bbox 129 4973 1813 5102; baseline -0.009 -59"><span class='ocrx_word' id='word_1_732' title='bbox 129 4975 330 5089; x_wconf 42' lang='grc' dir='ltr'>ωοόῶἓὲῗθθ</span> <span class='ocrx_word' id='word_1_733' title='bbox 360 4973 518 5015; x_wconf 50' lang='lat' dir='ltr'>mma</span> <span class='ocrx_word' id='word_1_734' title='bbox 575 4974 628 5016; x_wconf 77' lang='lat'>¹¹⁰⁰</span> <span class='ocrx_word' id='word_1_735' title='bbox 659 4977 917 5018; x_wconf 62' lang='lat' dir='ltr'><strong>⁸¹⁰¹m⁰¹⁰f¹⁸¹¹⁰</strong></span> <span class='ocrx_word' id='word_1_736' title='bbox 990 4975 1813 5102; x_wconf 58' lang='lat' dir='ltr'>quodrnpromptuerut,srfurssetmonimumgropc·</span> 
     </span>
    </p>
   </div>
   <div class='ocr_carea' id='block_1_13' title="bbox 127 5046 1820 5695">
    <p class='ocr_par' dir='ltr' id='par_1_14' title="bbox 127 5046 1820 5695">
     <span class='ocr_line' id='line_1_59' title="bbox 990 5046 1810 5122; baseline -0.01 -15"><span class='ocrx_word' id='word_1_737' title='bbox 990 5051 1141 5122; x_wconf 92' lang='lat' dir='ltr'>situmque</span> <span class='ocrx_word' id='word_1_738' title='bbox 1155 5051 1183 5105; x_wconf 78' lang='lat' dir='ltr'>S,</span> <span class='ocrx_word' id='word_1_739' title='bbox 1199 5049 1369 5122; x_wconf 88' lang='lat' dir='ltr'>Interpretis</span> <span class='ocrx_word' id='word_1_740' title='bbox 1384 5046 1480 5104; x_wconf 89' lang='lat' dir='ltr'>locum</span> <span class='ocrx_word' id='word_1_741' title='bbox 1501 5046 1637 5120; x_wconf 91' lang='lat' dir='ltr'>supplere</span> <span class='ocrx_word' id='word_1_742' title='bbox 1653 5063 1686 5103; x_wconf 88' lang='lat' dir='ltr'>ex</span> <span class='ocrx_word' id='word_1_743' title='bbox 1726 5060 1810 5111; x_wconf 82' lang='lat' dir='ltr'>raeco,</span> 
     </span>
     <span class='ocr_line' id='line_1_60' title="bbox 151 5113 1813 5203; baseline -0.002 -27"><span class='ocrx_word' id='word_1_744' title='bbox 151 5118 303 5177; x_wconf 75' lang='lat' dir='ltr'>‘Alterum</span> <span class='ocrx_word' id='word_1_745' title='bbox 373 5116 521 5188; x_wconf 75' lang='grc' dir='ltr'>ησιότητος</span> <span class='ocrx_word' id='word_1_746' title='bbox 535 5118 766 5192; x_wconf 78' lang='lat' dir='ltr'>Hieronymiana</span> <span class='ocrx_word' id='word_1_747' title='bbox 782 5118 935 5186; x_wconf 87' lang='lat' dir='ltr'>versionis,</span> <span class='ocrx_word' id='word_1_748' title='bbox 989 5122 1021 5178; x_wconf 92' lang='lat' dir='ltr'>in</span> <span class='ocrx_word' id='word_1_749' title='bbox 1047 5138 1104 5195; x_wconf 92' lang='lat' dir='ltr'>quo</span> <span class='ocrx_word' id='word_1_750' title='bbox 1132 5120 1275 5186; x_wconf 88' lang='lat' dir='ltr'>hebetur,</span> <span class='ocrx_word' id='word_1_751' title='bbox 1305 5118 1349 5173; x_wconf 81' lang='grc' dir='ltr'>καὶ</span> <span class='ocrx_word' id='word_1_752' title='bbox 1379 5117 1411 5172; x_wconf 83' lang='lat' dir='ltr'>eh</span> <span class='ocrx_word' id='word_1_753' title='bbox 1436 5118 1532 5181; x_wconf 74' lang='grc' dir='ltr'>σώσεις</span> <span class='ocrx_word' id='word_1_754' title='bbox 1557 5117 1637 5173; x_wconf 76' lang='grc' dir='ltr'>αὐτὸν</span> <span class='ocrx_word' id='word_1_755' title='bbox 1661 5115 1691 5171; x_wconf 83' lang='grc' dir='ltr'>ἐκ</span> <span class='ocrx_word' id='word_1_756' title='bbox 1718 5113 1813 5203; x_wconf 54' lang='grc' dir='ltr'>χειρὸς</span> 
     </span>
     <span class='ocr_line' id='line_1_61' title="bbox 128 5187 1811 5269; baseline -0.005 -22"><span class='ocrx_word' id='word_1_757' title='bbox 128 5200 200 5258; x_wconf 71' lang='lat' dir='ltr'>mam</span> <span class='ocrx_word' id='word_1_758' title='bbox 229 5190 316 5247; x_wconf 78' lang='lat' dir='ltr'>refert</span> <span class='ocrx_word' id='word_1_759' title='bbox 369 5206 505 5247; x_wconf 85' lang='lat' dir='ltr'>aronens.</span> <span class='ocrx_word' id='word_1_760' title='bbox 538 5208 607 5260; x_wconf 78' lang='lat' dir='ltr'>ms,</span> <span class='ocrx_word' id='word_1_761' title='bbox 636 5192 842 5258; x_wconf 75' lang='lat' dir='ltr'>argumentum</span> <span class='ocrx_word' id='word_1_762' title='bbox 869 5191 937 5246; x_wconf 92' lang='lat' dir='ltr'>hinc</span> <span class='ocrx_word' id='word_1_763' title='bbox 991 5191 1097 5269; x_wconf 69' lang='grc' dir='ltr'>ἐχθρῶν</span> <span class='ocrx_word' id='word_1_764' title='bbox 1122 5191 1203 5246; x_wconf 76' lang='grc' dir='ltr'>αὐτοῦ</span> <span class='ocrx_word' id='word_1_765' title='bbox 1225 5187 1368 5259; x_wconf 74' lang='grc' dir='ltr'>κυκλόθεν,</span> <span class='ocrx_word' id='word_1_766' title='bbox 1389 5190 1434 5244; x_wconf 80' lang='grc' dir='ltr'>καὶ</span> <span class='ocrx_word' id='word_1_767' title='bbox 1462 5187 1542 5245; x_wconf 77' lang='grc' dir='ltr'>τοῦτό</span> <span class='ocrx_word' id='word_1_768' title='bbox 1571 5210 1612 5244; x_wconf 79' lang='grc' dir='ltr'>σοι</span> <span class='ocrx_word' id='word_1_769' title='bbox 1641 5188 1670 5242; x_wconf 75' lang='grc' dir='ltr'>τὸ</span> <span class='ocrx_word' id='word_1_770' title='bbox 1697 5204 1811 5258; x_wconf 72' lang='lat' dir='ltr'>saperes</span> 
     </span>
     <span class='ocr_line' id='line_1_62' title="bbox 127 5256 1815 5343; baseline -0.002 -29"><span class='ocrx_word' id='word_1_771' title='bbox 127 5260 936 5343; x_wconf 85' lang='lat' dir='ltr'>semivalim‚quodtetamhanc,nccsanepaucorum</span> <span class='ocrx_word' id='word_1_772' title='bbox 992 5265 1034 5319; x_wconf 74' lang='grc' dir='ltr'>ὅτι</span> <span class='ocrx_word' id='word_1_773' title='bbox 1060 5261 1154 5338; x_wconf 60' lang='lat' dir='ltr'>{ypra}</span> <span class='ocrx_word' id='word_1_774' title='bbox 1183 5282 1211 5316; x_wconf 82' lang='grc' dir='ltr'>σε</span> <span class='ocrx_word' id='word_1_775' title='bbox 1245 5262 1346 5335; x_wconf 75' lang='grc' dir='ltr'>Κύριος</span> <span class='ocrx_word' id='word_1_776' title='bbox 1373 5259 1416 5316; x_wconf 77' lang='grc' dir='ltr'>ἐπὶ</span> <span class='ocrx_word' id='word_1_777' title='bbox 1444 5260 1498 5331; x_wconf 78' lang='lat' dir='ltr'>alr,</span> <span class='ocrx_word' id='word_1_778' title='bbox 1519 5263 1630 5333; x_wconf 77' lang='grc' dir='ltr'>ονομιαν</span> <span class='ocrx_word' id='word_1_779' title='bbox 1664 5257 1747 5312; x_wconf 78' lang='grc' dir='ltr'>αὑτοῦ</span> <span class='ocrx_word' id='word_1_780' title='bbox 1776 5256 1815 5320; x_wconf 77' lang='lat' dir='ltr'>sl&lt;</span> 
     </span>
     <span class='ocr_line' id='line_1_63' title="bbox 127 5281 1815 5420; baseline -0.002 -32"><span class='ocrx_word' id='word_1_781' title='bbox 127 5333 265 5390; x_wconf 78' lang='lat' dir='ltr'>verberum</span> <span class='ocrx_word' id='word_1_782' title='bbox 282 5347 459 5406; x_wconf 80' lang='lat' dir='ltr'>pericopam.</span> <span class='ocrx_word' id='word_1_783' title='bbox 477 5335 508 5389; x_wconf 80' lang='lat' dir='ltr'>st</span> <span class='ocrx_word' id='word_1_784' title='bbox 532 5333 662 5391; x_wconf 82' lang='lat' dir='ltr'>liberabis</span> <span class='ocrx_word' id='word_1_785' title='bbox 682 5335 813 5406; x_wconf 86' lang='lat' dir='ltr'>populum</span> <span class='ocrx_word' id='word_1_786' title='bbox 828 5335 887 5405; x_wconf 81' lang='lat' dir='ltr'>ejus</span> <span class='ocrx_word' id='word_1_787' title='bbox 907 5335 939 5390; x_wconf 87' lang='lat' dir='ltr'>dc</span> <span class='ocrx_word' id='word_1_788' title='bbox 992 5332 1123 5420; x_wconf 69' lang='grc' dir='ltr'>ἄρχοντα.</span> <span class='ocrx_word' id='word_1_789' title='bbox 1140 5335 1298 5392; x_wconf 89' lang='lat' dir='ltr'>Verissime</span> <span class='ocrx_word' id='word_1_790' title='bbox 1324 5340 1421 5391; x_wconf 87' lang='lat' dir='ltr'>aulem</span> <span class='ocrx_word' id='word_1_791' title='bbox 1438 5281 1576 5407; x_wconf 51' lang='lat' dir='ltr'>prefatus</span> <span class='ocrx_word' id='word_1_792' title='bbox 1601 5336 1646 5388; x_wconf 89' lang='lat' dir='ltr'>est</span> <span class='ocrx_word' id='word_1_793' title='bbox 1666 5332 1693 5386; x_wconf 91' lang='lat' dir='ltr'>S.</span> <span class='ocrx_word' id='word_1_794' title='bbox 1716 5330 1815 5412; x_wconf 62' lang='lat' dir='ltr'>Peter,</span> 
     </span>
     <span class='ocr_line' id='line_1_64' title="bbox 129 5403 1816 5479; baseline -0.002 -19"><span class='ocrx_word' id='word_1_795' title='bbox 129 5407 247 5462; x_wconf 82' lang='lat' dir='ltr'>naaihru</span> <span class='ocrx_word' id='word_1_796' title='bbox 270 5403 453 5462; x_wconf 82' lang='lat' dir='ltr'>inimicorum</span> <span class='ocrx_word' id='word_1_797' title='bbox 480 5407 539 5477; x_wconf 77' lang='lat' dir='ltr'>ejus</span> <span class='ocrx_word' id='word_1_798' title='bbox 562 5408 612 5478; x_wconf 85' lang='lat' dir='ltr'>qui</span> <span class='ocrx_word' id='word_1_799' title='bbox 626 5408 656 5461; x_wconf 85' lang='lat' dir='ltr'>ia</span> <span class='ocrx_word' id='word_1_800' title='bbox 670 5406 789 5462; x_wconf 83' lang='lat' dir='ltr'>circuite</span> <span class='ocrx_word' id='word_1_801' title='bbox 813 5414 887 5460; x_wconf 82' lang='lat' dir='ltr'>sunt.</span> <span class='ocrx_word' id='word_1_802' title='bbox 910 5409 941 5462; x_wconf 81' lang='lat' dir='ltr'>Et</span> <span class='ocrx_word' id='word_1_803' title='bbox 993 5409 1051 5466; x_wconf 87' lang='lat' dir='ltr'>srhr</span> <span class='ocrx_word' id='word_1_804' title='bbox 1064 5406 1214 5463; x_wconf 91' lang='lat' dir='ltr'>conscium</span> <span class='ocrx_word' id='word_1_805' title='bbox 1225 5424 1282 5463; x_wconf 91' lang='lat' dir='ltr'>noo</span> <span class='ocrx_word' id='word_1_806' title='bbox 1293 5423 1358 5463; x_wconf 89' lang='lat' dir='ltr'>esse</span> <span class='ocrx_word' id='word_1_807' title='bbox 1369 5406 1519 5479; x_wconf 88' lang='lat' dir='ltr'>quidpiam</span> <span class='ocrx_word' id='word_1_808' title='bbox 1531 5423 1562 5461; x_wconf 92' lang='lat' dir='ltr'>se</span> <span class='ocrx_word' id='word_1_809' title='bbox 1573 5407 1608 5460; x_wconf 90' lang='lat' dir='ltr'>de</span> <span class='ocrx_word' id='word_1_810' title='bbox 1620 5404 1816 5460; x_wconf 81' lang='lat' dir='ltr'>llehrarcese·</span> 
     </span>
     <span class='ocr_line' id='line_1_65' title="bbox 128 5473 1818 5549; baseline -0.002 -18"><span class='ocrx_word' id='word_1_811' title='bbox 128 5473 365 5547; x_wconf 82' lang='lat' dir='ltr'>lectihtsiqaum‚</span> <span class='ocrx_word' id='word_1_812' title='bbox 414 5480 560 5533; x_wconf 80' lang='lat' dir='ltr'>utaunxit</span> <span class='ocrx_word' id='word_1_813' title='bbox 581 5485 606 5533; x_wconf 87' lang='lat' dir='ltr'>te</span> <span class='ocrx_word' id='word_1_814' title='bbox 632 5478 745 5534; x_wconf 80' lang='lat' dir='ltr'>Deraia</span> <span class='ocrx_word' id='word_1_815' title='bbox 775 5476 939 5549; x_wconf 85' lang='lat' dir='ltr'>principem,</span> <span class='ocrx_word' id='word_1_816' title='bbox 995 5481 1082 5536; x_wconf 87' lang='lat' dir='ltr'>ritate</span> <span class='ocrx_word' id='word_1_817' title='bbox 1097 5485 1237 5535; x_wconf 86' lang='lat' dir='ltr'>mutasse.</span> <span class='ocrx_word' id='word_1_818' title='bbox 1254 5479 1447 5545; x_wconf 85' lang='lat' dir='ltr'>Quamobrem</span> <span class='ocrx_word' id='word_1_819' title='bbox 1459 5476 1544 5533; x_wconf 92' lang='lat' dir='ltr'>ethic</span> <span class='ocrx_word' id='word_1_820' title='bbox 1556 5475 1653 5532; x_wconf 90' lang='lat' dir='ltr'>mirari</span> <span class='ocrx_word' id='word_1_821' title='bbox 1669 5474 1750 5530; x_wconf 89' lang='lat' dir='ltr'>subit</span> <span class='ocrx_word' id='word_1_822' title='bbox 1766 5488 1818 5529; x_wconf 89' lang='lat' dir='ltr'>nec</span> 
     </span>
     <span class='ocr_line' id='line_1_66' title="bbox 129 5494 1820 5622; baseline -0.002 -18"><span class='ocrx_word' id='word_1_823' title='bbox 129 5547 234 5618; x_wconf 78' lang='lat' dir='ltr'>penitus</span> <span class='ocrx_word' id='word_1_824' title='bbox 250 5547 373 5621; x_wconf 77' lang='lat' dir='ltr'>ignoret.</span> <span class='ocrx_word' id='word_1_825' title='bbox 388 5494 498 5622; x_wconf 54' lang='lat' dir='ltr'>dempe</span> <span class='ocrx_word' id='word_1_826' title='bbox 513 5549 651 5606; x_wconf 86' lang='lat' dir='ltr'>Hebraeus</span> <span class='ocrx_word' id='word_1_827' title='bbox 666 5564 783 5621; x_wconf 92' lang='lat' dir='ltr'>quoque</span> <span class='ocrx_word' id='word_1_828' title='bbox 798 5552 893 5605; x_wconf 83' lang='lat' dir='ltr'>textus</span> <span class='ocrx_word' id='word_1_829' title='bbox 907 5566 941 5605; x_wconf 89' lang='lat' dir='ltr'>eu</span> <span class='ocrx_word' id='word_1_830' title='bbox 997 5554 1148 5608; x_wconf 80' lang='lat' dir='ltr'>llehrasum</span> <span class='ocrx_word' id='word_1_831' title='bbox 1165 5550 1364 5618; x_wconf 86' lang='lat' dir='ltr'>scholiastem‚</span> <span class='ocrx_word' id='word_1_832' title='bbox 1378 5566 1432 5606; x_wconf 91' lang='lat' dir='ltr'>nec</span> <span class='ocrx_word' id='word_1_833' title='bbox 1443 5548 1643 5605; x_wconf 84' lang='lat' dir='ltr'>Martieroeum</span> <span class='ocrx_word' id='word_1_834' title='bbox 1655 5546 1731 5602; x_wconf 89' lang='lat' dir='ltr'>hanc</span> <span class='ocrx_word' id='word_1_835' title='bbox 1743 5545 1820 5602; x_wconf 84' lang='lat' dir='ltr'>bati·</span> 
     </span>
     <span class='ocr_line' id='line_1_67' title="bbox 127 5618 1748 5695; baseline -0.003 -16"><span class='ocrx_word' id='word_1_836' title='bbox 127 5635 240 5693; x_wconf 86' lang='lat' dir='ltr'>prcrsos</span> <span class='ocrx_word' id='word_1_837' title='bbox 253 5623 356 5692; x_wconf 80' lang='lat' dir='ltr'>caret3</span> <span class='ocrx_word' id='word_1_838' title='bbox 372 5624 400 5679; x_wconf 91' lang='grc' dir='ltr'>οι</span> <span class='ocrx_word' id='word_1_839' title='bbox 414 5637 582 5694; x_wconf 87' lang='lat' dir='ltr'>quanquam</span> <span class='ocrx_word' id='word_1_840' title='bbox 601 5621 692 5679; x_wconf 88' lang='lat' dir='ltr'>videri</span> <span class='ocrx_word' id='word_1_841' title='bbox 716 5619 809 5695; x_wconf 87' lang='lat' dir='ltr'>possit</span> <span class='ocrx_word' id='word_1_842' title='bbox 825 5620 861 5679; x_wconf 91' lang='lat' dir='ltr'>ab</span> <span class='ocrx_word' id='word_1_843' title='bbox 877 5620 941 5694; x_wconf 89' lang='lat' dir='ltr'>ipso</span> <span class='ocrx_word' id='word_1_844' title='bbox 997 5642 1103 5684; x_wconf 89' lang='lat' dir='ltr'>uorum</span> <span class='ocrx_word' id='word_1_845' title='bbox 1131 5620 1263 5680; x_wconf 90' lang='lat' dir='ltr'>codicum</span> <span class='ocrx_word' id='word_1_846' title='bbox 1292 5621 1471 5680; x_wconf 88' lang='lat' dir='ltr'>additionem</span> <span class='ocrx_word' id='word_1_847' title='bbox 1495 5618 1748 5679; x_wconf 86' lang='lat' dir='ltr'>animadvertisse.</span> 
     </span>
    </p>
   </div>
   <div class='ocr_carea' id='block_1_14' title="bbox 0 0 1947 6148">
    <p class='ocr_par' dir='ltr' id='par_1_15' title="bbox 0 0 1947 6148">
     <span class='ocr_line' id='line_1_68' title="bbox 0 0 1947 6148; baseline 0 0"><span class='ocrx_word' id='word_1_848' title='bbox 0 0 1947 6148; x_wconf 95' lang='lat' dir='ltr'> </span> 
     </span>
    </p>
   </div>
  </div>
 </body>
</html>
