<?xml version="1.0" encoding="UTF-8"?>
<!DOCTYPE html PUBLIC "-//W3C//DTD XHTML 1.0 Transitional//EN"
    "http://www.w3.org/TR/xhtml1/DTD/xhtml1-transitional.dtd">
<html xmlns="http://www.w3.org/1999/xhtml" xml:lang="en" lang="en">
 <head>
  <title>
</title>
<meta http-equiv="Content-Type" content="text/html;charset=utf-8" />
  <meta name='ocr-system' content='tesseract 3.04.00' />
  <meta name='ocr-capabilities' content='ocr_page ocr_carea ocr_par ocr_line ocrx_word'/>
</head>
<body>
  <div class='ocr_page' id='page_1' title='image "./patrologiaecurs13goog_0673.png"; bbox 0 0 3870 6120; ppageno 0'>
   <div class='ocr_carea' id='block_1_1' title="bbox 116 195 1821 258">
    <p class='ocr_par' dir='ltr' id='par_1_1' title="bbox 116 195 1821 258">
     <span class='ocr_line' id='line_1_1' title="bbox 116 195 1821 258; baseline 0.002 -5"><span class='ocrx_word' id='word_1_1' title='bbox 116 195 189 255; x_wconf 81' lang='lat'>1339</span> <span class='ocrx_word' id='word_1_2' title='bbox 637 197 668 249; x_wconf 82' lang='lat' dir='ltr'><strong>S·</strong></span> <span class='ocrx_word' id='word_1_3' title='bbox 687 195 892 252; x_wconf 74' lang='lat' dir='ltr'><strong>ffluuoutsss</strong></span> <span class='ocrx_word' id='word_1_4' title='bbox 911 196 1039 252; x_wconf 73' lang='lat' dir='ltr'>DIVINA</span> <span class='ocrx_word' id='word_1_5' title='bbox 1056 195 1305 253; x_wconf 77' lang='lat' dir='ltr'><strong>Btuuorflucs.</strong></span> <span class='ocrx_word' id='word_1_6' title='bbox 1755 198 1821 258; x_wconf 78' lang='lat' dir='ltr'><strong>lato</strong></span> 
     </span>
    </p>
   </div>
   <div class='ocr_carea' id='block_1_2' title="bbox 114 317 1826 895">
    <p class='ocr_par' dir='ltr' id='par_1_2' title="bbox 114 317 1826 895">
     <span class='ocr_line' id='line_1_2' title="bbox 117 317 1824 403; baseline 0.001 -22"><span class='ocrx_word' id='word_1_7' title='bbox 117 322 183 382; x_wconf 89' lang='lat' dir='ltr'><strong>Noli</strong></span> <span class='ocrx_word' id='word_1_8' title='bbox 199 322 330 394; x_wconf 87' lang='lat' dir='ltr'><strong>regibus,</strong></span> <span class='ocrx_word' id='word_1_9' title='bbox 345 338 362 378; x_wconf 94' lang='lat' dir='ltr'><strong>o</strong></span> <span class='ocrx_word' id='word_1_10' title='bbox 378 319 508 387; x_wconf 69' lang='lat' dir='ltr'><strong>hamuel,</strong></span> <span class='ocrx_word' id='word_1_11' title='bbox 522 317 582 375; x_wconf 91' lang='lat' dir='ltr'><strong>noli</strong></span> <span class='ocrx_word' id='word_1_12' title='bbox 598 319 716 403; x_wconf 88' lang='lat' dir='ltr'><strong>regibus</strong></span> <span class='ocrx_word' id='word_1_13' title='bbox 730 320 801 376; x_wconf 87' lang='lat' dir='ltr'><strong>dure</strong></span> <span class='ocrx_word' id='word_1_14' title='bbox 814 318 939 377; x_wconf 86' lang='lat' dir='ltr'><strong>vinum:</strong></span> <span class='ocrx_word' id='word_1_15' title='bbox 955 321 982 389; x_wconf 74' lang='grc' dir='ltr'>Α</span> <span class='ocrx_word' id='word_1_16' title='bbox 1067 321 1132 392; x_wconf 85' lang='lat' dir='ltr'><strong>ejus</strong></span> <span class='ocrx_word' id='word_1_17' title='bbox 1147 337 1154 377; x_wconf 91' lang='lat'>:</span> <span class='ocrx_word' id='word_1_18' title='bbox 1168 336 1226 377; x_wconf 91' lang='lat' dir='ltr'><strong>non</strong></span> <span class='ocrx_word' id='word_1_19' title='bbox 1238 320 1442 394; x_wconf 77' lang='lat' dir='ltr'>exstinguetur</span> <span class='ocrx_word' id='word_1_20' title='bbox 1453 322 1482 378; x_wconf 94' lang='lat' dir='ltr'><strong>in</strong></span> <span class='ocrx_word' id='word_1_21' title='bbox 1494 326 1581 380; x_wconf 87' lang='lat' dir='ltr'><strong>nocto</strong></span> <span class='ocrx_word' id='word_1_22' title='bbox 1602 321 1726 381; x_wconf 79' lang='lat' dir='ltr'><strong>lucerne</strong></span> <span class='ocrx_word' id='word_1_23' title='bbox 1737 324 1824 383; x_wconf 89' lang='lat' dir='ltr'><strong>illins.</strong></span> 
     </span>
     <span class='ocr_line' id='line_1_3' title="bbox 153 391 1826 471; baseline 0.004 -21"><span class='ocrx_word' id='word_1_24' title='bbox 153 397 223 468; x_wconf 87' lang='lat' dir='ltr'><strong>quia</strong></span> <span class='ocrx_word' id='word_1_25' title='bbox 239 396 352 451; x_wconf 91' lang='lat' dir='ltr'><strong>nullum</strong></span> <span class='ocrx_word' id='word_1_26' title='bbox 368 397 512 448; x_wconf 86' lang='lat' dir='ltr'><strong>secretum</strong></span> <span class='ocrx_word' id='word_1_27' title='bbox 528 396 574 447; x_wconf 88' lang='lat' dir='ltr'><strong>est</strong></span> <span class='ocrx_word' id='word_1_28' title='bbox 590 392 640 446; x_wconf 86' lang='lat' dir='ltr'><strong>ubr</strong></span> <span class='ocrx_word' id='word_1_29' title='bbox 656 395 760 465; x_wconf 87' lang='lat' dir='ltr'><strong>regnat</strong></span> <span class='ocrx_word' id='word_1_30' title='bbox 775 391 913 450; x_wconf 72' lang='lat' dir='ltr'><strong>ebrietas,</strong></span> <span class='ocrx_word' id='word_1_31' title='bbox 995 391 1211 465; x_wconf 60' lang='lat' dir='ltr'><strong>[lucillianum</strong></span> <span class='ocrx_word' id='word_1_32' title='bbox 1227 409 1313 449; x_wconf 88' lang='lat' dir='ltr'><strong>suam</strong></span> <span class='ocrx_word' id='word_1_33' title='bbox 1330 395 1411 451; x_wconf 85' lang='lat' dir='ltr'><strong>misit</strong></span> <span class='ocrx_word' id='word_1_34' title='bbox 1425 394 1462 450; x_wconf 89' lang='lat' dir='ltr'><strong>ad</strong></span> <span class='ocrx_word' id='word_1_35' title='bbox 1477 395 1576 468; x_wconf 82' lang='lat' dir='ltr'><strong>tortia,</strong></span> <span class='ocrx_word' id='word_1_36' title='bbox 1602 403 1632 453; x_wconf 92' lang='lat' dir='ltr'><strong>et</strong></span> <span class='ocrx_word' id='word_1_37' title='bbox 1650 395 1742 471; x_wconf 87' lang='lat' dir='ltr'><strong>digiti</strong></span> <span class='ocrx_word' id='word_1_38' title='bbox 1765 399 1826 471; x_wconf 84' lang='lat' dir='ltr'><strong>ejus</strong></span> 
     </span>
     <span class='ocr_line' id='line_1_4' title="bbox 117 462 1452 536; baseline -0.002 -12"><span class='ocrx_word' id='word_1_39' title='bbox 117 471 159 524; x_wconf 85' lang='lat' dir='ltr'><strong>Na</strong></span> <span class='ocrx_word' id='word_1_40' title='bbox 174 469 248 523; x_wconf 84' lang='lat' dir='ltr'><strong>torte</strong></span> <span class='ocrx_word' id='word_1_41' title='bbox 269 467 416 530; x_wconf 86' lang='lat' dir='ltr'><strong>bibant,st</strong></span> <span class='ocrx_word' id='word_1_42' title='bbox 432 462 646 519; x_wconf 88' lang='lat' dir='ltr'><strong>obliviscantur</strong></span> <span class='ocrx_word' id='word_1_43' title='bbox 658 464 852 536; x_wconf 77' lang='lat' dir='ltr'><strong>Jndiciorum,</strong></span> <span class='ocrx_word' id='word_1_44' title='bbox 1067 463 1327 535; x_wconf 79' lang='lat' dir='ltr'><strong>apprehenderunt</strong></span> <span class='ocrx_word' id='word_1_45' title='bbox 1343 467 1452 522; x_wconf 86' lang='lat' dir='ltr'><strong>lusum.</strong></span> 
     </span>
     <span class='ocr_line' id='line_1_5' title="bbox 150 535 1824 613; baseline 0.002 -18"><span class='ocrx_word' id='word_1_46' title='bbox 150 544 179 595; x_wconf 89' lang='lat' dir='ltr'><strong>et</strong></span> <span class='ocrx_word' id='word_1_47' title='bbox 190 542 305 595; x_wconf 90' lang='lat' dir='ltr'><strong>mutent</strong></span> <span class='ocrx_word' id='word_1_48' title='bbox 320 551 441 591; x_wconf 89' lang='lat' dir='ltr'><strong>cansam</strong></span> <span class='ocrx_word' id='word_1_49' title='bbox 457 535 586 591; x_wconf 90' lang='lat' dir='ltr'><strong>liliorum</strong></span> <span class='ocrx_word' id='word_1_50' title='bbox 600 536 749 609; x_wconf 83' lang='lat' dir='ltr'><strong>pauperls.</strong></span> <span class='ocrx_word' id='word_1_51' title='bbox 996 535 1108 609; x_wconf 68' lang='lat' dir='ltr'><strong>[duob]</strong></span> <span class='ocrx_word' id='word_1_52' title='bbox 1124 536 1243 592; x_wconf 87' lang='lat' dir='ltr'><strong>Manum</strong></span> <span class='ocrx_word' id='word_1_53' title='bbox 1267 554 1350 595; x_wconf 88' lang='lat' dir='ltr'><strong>suam</strong></span> <span class='ocrx_word' id='word_1_54' title='bbox 1378 537 1494 611; x_wconf 78' lang='lat' dir='ltr'><strong>aperuIt</strong></span> <span class='ocrx_word' id='word_1_55' title='bbox 1519 537 1614 612; x_wconf 87' lang='lat' dir='ltr'><strong>inopi,</strong></span> <span class='ocrx_word' id='word_1_56' title='bbox 1646 542 1679 596; x_wconf 89' lang='lat' dir='ltr'><strong>et</strong></span> <span class='ocrx_word' id='word_1_57' title='bbox 1713 538 1824 613; x_wconf 83' lang='lat' dir='ltr'><strong>palmas</strong></span> 
     </span>
     <span class='ocr_line' id='line_1_6' title="bbox 115 606 1524 683; baseline -0.001 -15"><span class='ocrx_word' id='word_1_58' title='bbox 115 610 186 668; x_wconf 85' lang='lat' dir='ltr'><strong>Date</strong></span> <span class='ocrx_word' id='word_1_59' title='bbox 201 610 331 665; x_wconf 80' lang='lat' dir='ltr'><strong>siceram</strong></span> <span class='ocrx_word' id='word_1_60' title='bbox 348 606 551 674; x_wconf 88' lang='lat' dir='ltr'><strong>moerentibus,</strong></span> <span class='ocrx_word' id='word_1_61' title='bbox 1067 623 1139 663; x_wconf 88' lang='lat' dir='ltr'><strong>suaa</strong></span> <span class='ocrx_word' id='word_1_62' title='bbox 1154 608 1285 664; x_wconf 81' lang='lat' dir='ltr'><strong>extendit</strong></span> <span class='ocrx_word' id='word_1_63' title='bbox 1300 610 1336 665; x_wconf 82' lang='lat' dir='ltr'><strong>ud</strong></span> <span class='ocrx_word' id='word_1_64' title='bbox 1356 624 1524 683; x_wconf 86' lang='lat' dir='ltr'><strong>pauperem.</strong></span> 
     </span>
     <span class='ocr_line' id='line_1_7' title="bbox 150 677 1823 754; baseline 0.001 -16"><span class='ocrx_word' id='word_1_65' title='bbox 150 689 180 738; x_wconf 90' lang='lat' dir='ltr'><strong>et</strong></span> <span class='ocrx_word' id='word_1_66' title='bbox 200 681 303 737; x_wconf 87' lang='lat' dir='ltr'><strong>vinum</strong></span> <span class='ocrx_word' id='word_1_67' title='bbox 317 679 364 734; x_wconf 84' lang='lat' dir='ltr'><strong>bia</strong></span> <span class='ocrx_word' id='word_1_68' title='bbox 380 679 431 749; x_wconf 86' lang='lat' dir='ltr'><strong>qni</strong></span> <span class='ocrx_word' id='word_1_69' title='bbox 447 695 548 734; x_wconf 89' lang='lat' dir='ltr'><strong>amaro</strong></span> <span class='ocrx_word' id='word_1_70' title='bbox 562 682 632 733; x_wconf 87' lang='lat' dir='ltr'><strong>sunt</strong></span> <span class='ocrx_word' id='word_1_71' title='bbox 649 677 759 736; x_wconf 88' lang='lat' dir='ltr'><strong>animo.</strong></span> <span class='ocrx_word' id='word_1_72' title='bbox 997 679 1131 752; x_wconf 59' lang='lat' dir='ltr'><strong>[lamed]</strong></span> <span class='ocrx_word' id='word_1_73' title='bbox 1148 679 1211 735; x_wconf 92' lang='lat' dir='ltr'><strong>Non</strong></span> <span class='ocrx_word' id='word_1_74' title='bbox 1222 680 1445 737; x_wconf 85' lang='lat' dir='ltr'><strong>timebitdomui</strong></span> <span class='ocrx_word' id='word_1_75' title='bbox 1456 698 1544 738; x_wconf 82' lang='lat' dir='ltr'><strong>suma</strong></span> <span class='ocrx_word' id='word_1_76' title='bbox 1555 681 1724 754; x_wconf 80' lang='lat' dir='ltr'><strong>frigoribus</strong></span> <span class='ocrx_word' id='word_1_77' title='bbox 1735 682 1823 740; x_wconf 82' lang='lat' dir='ltr'><strong>nivIs:</strong></span> 
     </span>
     <span class='ocr_line' id='line_1_8' title="bbox 114 750 1824 828; baseline 0.002 -19"><span class='ocrx_word' id='word_1_78' title='bbox 114 753 230 819; x_wconf 82' lang='lat' dir='ltr'><strong>bibant,</strong></span> <span class='ocrx_word' id='word_1_79' title='bbox 246 757 276 807; x_wconf 85' lang='lat' dir='ltr'><strong>et</strong></span> <span class='ocrx_word' id='word_1_80' title='bbox 290 750 502 808; x_wconf 85' lang='lat' dir='ltr'><strong>obliviscantur</strong></span> <span class='ocrx_word' id='word_1_81' title='bbox 519 750 657 823; x_wconf 88' lang='lat' dir='ltr'><strong>egestatis</strong></span> <span class='ocrx_word' id='word_1_82' title='bbox 673 768 732 807; x_wconf 79' lang='lat' dir='ltr'><strong>sue</strong></span> <span class='ocrx_word' id='word_1_83' title='bbox 1066 766 1170 808; x_wconf 89' lang='lat' dir='ltr'><strong>omues</strong></span> <span class='ocrx_word' id='word_1_84' title='bbox 1185 753 1264 810; x_wconf 87' lang='lat' dir='ltr'><strong>enim</strong></span> <span class='ocrx_word' id='word_1_85' title='bbox 1280 752 1434 809; x_wconf 79' lang='lat' dir='ltr'><strong>domestici</strong></span> <span class='ocrx_word' id='word_1_86' title='bbox 1448 753 1513 826; x_wconf 83' lang='lat' dir='ltr'><strong>ejus</strong></span> <span class='ocrx_word' id='word_1_87' title='bbox 1528 754 1626 811; x_wconf 86' lang='lat' dir='ltr'><strong>vestiti</strong></span> <span class='ocrx_word' id='word_1_88' title='bbox 1642 756 1718 812; x_wconf 89' lang='lat' dir='ltr'><strong>sunt</strong></span> <span class='ocrx_word' id='word_1_89' title='bbox 1731 753 1824 828; x_wconf 82' lang='lat' dir='ltr'><strong>dupli·</strong></span> 
     </span>
     <span class='ocr_line' id='line_1_9' title="bbox 149 795 1162 895; baseline -0.002 -15"><span class='ocrx_word' id='word_1_90' title='bbox 149 828 178 880; x_wconf 91' lang='lat' dir='ltr'><strong>et</strong></span> <span class='ocrx_word' id='word_1_91' title='bbox 193 822 304 881; x_wconf 89' lang='lat' dir='ltr'><strong>doloris</strong></span> <span class='ocrx_word' id='word_1_92' title='bbox 320 823 366 879; x_wconf 91' lang='lat' dir='ltr'><strong>sui</strong></span> <span class='ocrx_word' id='word_1_93' title='bbox 383 840 441 878; x_wconf 83' lang='lat' dir='ltr'><strong>nou</strong></span> <span class='ocrx_word' id='word_1_94' title='bbox 459 825 648 879; x_wconf 74' lang='lat' dir='ltr'><strong>recordentur</strong></span> <span class='ocrx_word' id='word_1_95' title='bbox 664 795 805 895; x_wconf 75' lang='lat' dir='ltr'><strong>amplius.</strong></span> <span class='ocrx_word' id='word_1_96' title='bbox 1066 823 1162 879; x_wconf 89' lang='lat' dir='ltr'><strong>cibus.</strong></span> 
     </span>
    </p>
   </div>
   <div class='ocr_carea' id='block_1_3' title="bbox 30 893 1824 971">
    <p class='ocr_par' dir='ltr' id='par_1_3' title="bbox 30 893 1824 971">
     <span class='ocr_line' id='line_1_10' title="bbox 30 893 1824 971; baseline 0.002 -20"><span class='ocrx_word' id='word_1_97' title='bbox 30 960 33 971; x_wconf 44' lang='lat'><strong><em>‚</em></strong></span> <span class='ocrx_word' id='word_1_98' title='bbox 117 897 205 968; x_wconf 81' lang='lat' dir='ltr'><strong>Aperi</strong></span> <span class='ocrx_word' id='word_1_99' title='bbox 223 912 256 951; x_wconf 88' lang='lat' dir='ltr'><strong>os</strong></span> <span class='ocrx_word' id='word_1_100' title='bbox 270 901 353 951; x_wconf 87' lang='lat' dir='ltr'><strong>tuurn</strong></span> <span class='ocrx_word' id='word_1_101' title='bbox 367 899 459 960; x_wconf 91' lang='lat' dir='ltr'><strong>muto,</strong></span> <span class='ocrx_word' id='word_1_102' title='bbox 995 893 1096 966; x_wconf 73' lang='lat' dir='ltr'><strong>[ilem]</strong></span> <span class='ocrx_word' id='word_1_103' title='bbox 1111 894 1306 964; x_wconf 75' lang='lat' dir='ltr'><strong>stragulatam</strong></span> <span class='ocrx_word' id='word_1_104' title='bbox 1321 898 1434 953; x_wconf 82' lang='lat' dir='ltr'><strong>uestem</strong></span> <span class='ocrx_word' id='word_1_105' title='bbox 1459 895 1528 952; x_wconf 89' lang='lat' dir='ltr'><strong>iecit</strong></span> <span class='ocrx_word' id='word_1_106' title='bbox 1546 895 1605 953; x_wconf 91' lang='lat' dir='ltr'><strong>sibi</strong></span> <span class='ocrx_word' id='word_1_107' title='bbox 1631 914 1639 953; x_wconf 93' lang='lat'>:</span> <span class='ocrx_word' id='word_1_108' title='bbox 1667 896 1777 970; x_wconf 80' lang='lat' dir='ltr'><strong>byssus</strong></span> <span class='ocrx_word' id='word_1_109' title='bbox 1796 903 1824 957; x_wconf 88' lang='lat' dir='ltr'><strong>at</strong></span> 
     </span>
    </p>
   </div>
   <div class='ocr_carea' id='block_1_4' title="bbox 40 965 1822 2402">
    <p class='ocr_par' dir='ltr' id='par_1_4' title="bbox 114 965 1822 2039">
     <span class='ocr_line' id='line_1_11' title="bbox 154 965 1509 1039; baseline 0.001 -16"><span class='ocrx_word' id='word_1_110' title='bbox 154 975 182 1024; x_wconf 89' lang='lat' dir='ltr'><strong>et</strong></span> <span class='ocrx_word' id='word_1_111' title='bbox 195 967 293 1024; x_wconf 86' lang='lat' dir='ltr'><strong>causis</strong></span> <span class='ocrx_word' id='word_1_112' title='bbox 308 966 437 1023; x_wconf 88' lang='lat' dir='ltr'><strong>omnium</strong></span> <span class='ocrx_word' id='word_1_113' title='bbox 455 965 581 1020; x_wconf 83' lang='lat' dir='ltr'><strong>filiorum</strong></span> <span class='ocrx_word' id='word_1_114' title='bbox 594 965 643 1036; x_wconf 90' lang='lat' dir='ltr'><strong>qui</strong></span> <span class='ocrx_word' id='word_1_115' title='bbox 659 967 864 1037; x_wconf 86' lang='lat' dir='ltr'><strong>pertranseunt</strong></span> <span class='ocrx_word' id='word_1_116' title='bbox 879 981 886 1021; x_wconf 91' lang='lat'>:</span> <span class='ocrx_word' id='word_1_117' title='bbox 1066 982 1122 1037; x_wconf 88' lang='lat' dir='ltr'><strong>pur</strong></span> <span class='ocrx_word' id='word_1_118' title='bbox 1144 984 1198 1022; x_wconf 85' lang='lat' dir='ltr'><strong>nru</strong></span> <span class='ocrx_word' id='word_1_119' title='bbox 1212 966 1417 1023; x_wconf 90' lang='lat' dir='ltr'><strong>indumentum</strong></span> <span class='ocrx_word' id='word_1_120' title='bbox 1432 968 1509 1039; x_wconf 88' lang='lat' dir='ltr'><strong>ejus.</strong></span> 
     </span>
     <span class='ocr_line' id='line_1_12' title="bbox 119 1036 1821 1112; baseline 0.002 -17"><span class='ocrx_word' id='word_1_121' title='bbox 119 1039 207 1112; x_wconf 79' lang='lat' dir='ltr'><strong>Aperi</strong></span> <span class='ocrx_word' id='word_1_122' title='bbox 221 1055 255 1095; x_wconf 87' lang='lat' dir='ltr'><strong>oa</strong></span> <span class='ocrx_word' id='word_1_123' title='bbox 270 1039 505 1099; x_wconf 87' lang='lat' dir='ltr'><strong>tuum,deoerne</strong></span> <span class='ocrx_word' id='word_1_124' title='bbox 519 1037 726 1108; x_wconf 85' lang='lat' dir='ltr'><strong>quodjustum</strong></span> <span class='ocrx_word' id='word_1_125' title='bbox 741 1042 798 1107; x_wconf 86' lang='lat' dir='ltr'><strong>est,</strong></span> <span class='ocrx_word' id='word_1_126' title='bbox 995 1036 1094 1111; x_wconf 73' lang='lat' dir='ltr'><strong>[Num]</strong></span> <span class='ocrx_word' id='word_1_127' title='bbox 1135 1037 1222 1093; x_wconf 88' lang='lat' dir='ltr'><strong>ubilis</strong></span> <span class='ocrx_word' id='word_1_128' title='bbox 1235 1039 1264 1094; x_wconf 91' lang='lat' dir='ltr'><strong>in</strong></span> <span class='ocrx_word' id='word_1_129' title='bbox 1283 1039 1373 1110; x_wconf 87' lang='lat' dir='ltr'><strong>portis</strong></span> <span class='ocrx_word' id='word_1_130' title='bbox 1388 1038 1433 1094; x_wconf 81' lang='lat' dir='ltr'><strong>vit·</strong></span> <span class='ocrx_word' id='word_1_131' title='bbox 1455 1040 1530 1111; x_wconf 87' lang='lat' dir='ltr'><strong>ejus,</strong></span> <span class='ocrx_word' id='word_1_132' title='bbox 1561 1039 1685 1112; x_wconf 87' lang='lat' dir='ltr'><strong>quando</strong></span> <span class='ocrx_word' id='word_1_133' title='bbox 1716 1040 1821 1099; x_wconf 84' lang='lat' dir='ltr'><strong>sederIt</strong></span> 
     </span>
     <span class='ocr_line' id='line_1_13' title="bbox 149 1110 1441 1182; baseline 0.001 -14"><span class='ocrx_word' id='word_1_134' title='bbox 149 1112 290 1182; x_wconf 87' lang='lat' dir='ltr'><strong>atjudica</strong></span> <span class='ocrx_word' id='word_1_135' title='bbox 306 1110 432 1181; x_wconf 83' lang='lat' dir='ltr'><strong>Inopem</strong></span> <span class='ocrx_word' id='word_1_136' title='bbox 449 1113 477 1164; x_wconf 90' lang='lat' dir='ltr'><strong>et</strong></span> <span class='ocrx_word' id='word_1_137' title='bbox 491 1125 661 1180; x_wconf 88' lang='lat' dir='ltr'><strong>pauperem.</strong></span> <span class='ocrx_word' id='word_1_138' title='bbox 1062 1124 1130 1165; x_wconf 91' lang='lat' dir='ltr'><strong>cum</strong></span> <span class='ocrx_word' id='word_1_139' title='bbox 1145 1110 1334 1167; x_wconf 87' lang='lat' dir='ltr'><strong>senatoribus</strong></span> <span class='ocrx_word' id='word_1_140' title='bbox 1346 1115 1441 1168; x_wconf 83' lang='lat' dir='ltr'><strong>terroe.</strong></span> 
     </span>
     <span class='ocr_line' id='line_1_14' title="bbox 116 1178 1822 1258; baseline 0.001 -18"><span class='ocrx_word' id='word_1_141' title='bbox 116 1183 235 1257; x_wconf 68' lang='lat' dir='ltr'><strong>[Alapta]</strong></span> <span class='ocrx_word' id='word_1_142' title='bbox 252 1181 404 1238; x_wconf 83' lang='lat' dir='ltr'><strong>Mulierem</strong></span> <span class='ocrx_word' id='word_1_143' title='bbox 420 1182 525 1237; x_wconf 85' lang='lat' dir='ltr'><strong>tortum</strong></span> <span class='ocrx_word' id='word_1_144' title='bbox 540 1180 608 1252; x_wconf 86' lang='lat' dir='ltr'><strong>qnia</strong></span> <span class='ocrx_word' id='word_1_145' title='bbox 622 1178 772 1236; x_wconf 86' lang='lat' dir='ltr'><strong>inveniet?</strong></span> <span class='ocrx_word' id='word_1_146' title='bbox 786 1178 900 1253; x_wconf 89' lang='lat' dir='ltr'><strong>procul,</strong></span> <span class='ocrx_word' id='word_1_147' title='bbox 995 1178 1146 1254; x_wconf 65' lang='lat' dir='ltr'><strong>[Sumere]</strong></span> <span class='ocrx_word' id='word_1_148' title='bbox 1161 1182 1320 1239; x_wconf 80' lang='lat' dir='ltr'><strong>Sindonum</strong></span> <span class='ocrx_word' id='word_1_149' title='bbox 1337 1183 1414 1255; x_wconf 83' lang='lat' dir='ltr'><strong>tecit,</strong></span> <span class='ocrx_word' id='word_1_150' title='bbox 1429 1186 1458 1239; x_wconf 90' lang='lat' dir='ltr'><strong>et</strong></span> <span class='ocrx_word' id='word_1_151' title='bbox 1472 1181 1617 1253; x_wconf 86' lang='lat' dir='ltr'><strong>vendidit,</strong></span> <span class='ocrx_word' id='word_1_152' title='bbox 1629 1186 1662 1240; x_wconf 87' lang='lat' dir='ltr'><strong>et</strong></span> <span class='ocrx_word' id='word_1_153' title='bbox 1672 1182 1822 1258; x_wconf 80' lang='lat' dir='ltr'><strong>cingulum</strong></span> 
     </span>
     <span class='ocr_line' id='line_1_15' title="bbox 188 1252 1372 1324; baseline 0.001 -14"><span class='ocrx_word' id='word_1_154' title='bbox 188 1261 217 1310; x_wconf 92' lang='lat' dir='ltr'><strong>et</strong></span> <span class='ocrx_word' id='word_1_155' title='bbox 233 1255 268 1310; x_wconf 90' lang='lat' dir='ltr'><strong>dc</strong></span> <span class='ocrx_word' id='word_1_156' title='bbox 285 1253 398 1309; x_wconf 79' lang='lat' dir='ltr'><strong>ultimis</strong></span> <span class='ocrx_word' id='word_1_157' title='bbox 414 1252 521 1309; x_wconf 87' lang='lat' dir='ltr'><strong>finibus</strong></span> <span class='ocrx_word' id='word_1_158' title='bbox 537 1253 665 1323; x_wconf 89' lang='lat' dir='ltr'><strong>pretium</strong></span> <span class='ocrx_word' id='word_1_159' title='bbox 681 1252 756 1324; x_wconf 85' lang='lat' dir='ltr'><strong>ejus.</strong></span> <span class='ocrx_word' id='word_1_160' title='bbox 1062 1253 1185 1309; x_wconf 78' lang='lat' dir='ltr'><strong>tradidit</strong></span> <span class='ocrx_word' id='word_1_161' title='bbox 1198 1252 1372 1311; x_wconf 77' lang='lat' dir='ltr'><strong>chananaeo.</strong></span> 
     </span>
     <span class='ocr_line' id='line_1_16' title="bbox 117 1321 1822 1402; baseline 0 -19"><span class='ocrx_word' id='word_1_162' title='bbox 117 1325 216 1402; x_wconf 74' lang='lat' dir='ltr'><strong>[lietb]</strong></span> <span class='ocrx_word' id='word_1_163' title='bbox 234 1326 361 1381; x_wconf 79' lang='lat' dir='ltr'><strong>Confidit</strong></span> <span class='ocrx_word' id='word_1_164' title='bbox 374 1325 405 1380; x_wconf 96' lang='lat' dir='ltr'><strong>in</strong></span> <span class='ocrx_word' id='word_1_165' title='bbox 420 1340 454 1380; x_wconf 86' lang='lat' dir='ltr'><strong>aa</strong></span> <span class='ocrx_word' id='word_1_166' title='bbox 469 1340 520 1379; x_wconf 91' lang='lat' dir='ltr'><strong>cor</strong></span> <span class='ocrx_word' id='word_1_167' title='bbox 536 1323 590 1379; x_wconf 88' lang='lat' dir='ltr'><strong>viri</strong></span> <span class='ocrx_word' id='word_1_168' title='bbox 615 1323 673 1391; x_wconf 89' lang='lat' dir='ltr'><strong>sni,</strong></span> <span class='ocrx_word' id='word_1_169' title='bbox 702 1327 731 1379; x_wconf 90' lang='lat' dir='ltr'><strong>et</strong></span> <span class='ocrx_word' id='word_1_170' title='bbox 759 1321 864 1394; x_wconf 86' lang='lat' dir='ltr'><strong>spoliis</strong></span> <span class='ocrx_word' id='word_1_171' title='bbox 881 1338 939 1379; x_wconf 93' lang='lat' dir='ltr'><strong>non</strong></span> <span class='ocrx_word' id='word_1_172' title='bbox 994 1323 1077 1396; x_wconf 69' lang='lat' dir='ltr'><strong>[lim]</strong></span> <span class='ocrx_word' id='word_1_173' title='bbox 1094 1324 1245 1381; x_wconf 81' lang='lat' dir='ltr'><strong>Fortitudo</strong></span> <span class='ocrx_word' id='word_1_174' title='bbox 1259 1326 1386 1382; x_wconf 87' lang='lat' dir='ltr'><strong>etdecor</strong></span> <span class='ocrx_word' id='word_1_175' title='bbox 1400 1323 1609 1383; x_wconf 89' lang='lat' dir='ltr'><strong>indumentum</strong></span> <span class='ocrx_word' id='word_1_176' title='bbox 1636 1325 1717 1398; x_wconf 86' lang='lat' dir='ltr'><strong>ejus,</strong></span> <span class='ocrx_word' id='word_1_177' title='bbox 1744 1330 1773 1384; x_wconf 87' lang='lat' dir='ltr'><strong>et</strong></span> <span class='ocrx_word' id='word_1_178' title='bbox 1785 1327 1822 1383; x_wconf 91' lang='lat' dir='ltr'><strong>ri·</strong></span> 
     </span>
     <span class='ocr_line' id='line_1_17' title="bbox 190 1395 1457 1468; baseline 0.002 -17"><span class='ocrx_word' id='word_1_179' title='bbox 190 1396 342 1468; x_wconf 83' lang='lat' dir='ltr'><strong>indigebit.</strong></span> <span class='ocrx_word' id='word_1_180' title='bbox 1084 1395 1164 1452; x_wconf 89' lang='lat' dir='ltr'><strong>debit</strong></span> <span class='ocrx_word' id='word_1_181' title='bbox 1179 1397 1206 1452; x_wconf 93' lang='lat' dir='ltr'><strong>iu</strong></span> <span class='ocrx_word' id='word_1_182' title='bbox 1224 1396 1271 1452; x_wconf 90' lang='lat' dir='ltr'><strong>die</strong></span> <span class='ocrx_word' id='word_1_183' title='bbox 1286 1397 1457 1454; x_wconf 88' lang='lat' dir='ltr'><strong>novissimo.</strong></span> 
     </span>
     <span class='ocr_line' id='line_1_18' title="bbox 115 1464 1821 1551; baseline 0.001 -25"><span class='ocrx_word' id='word_1_184' title='bbox 115 1468 259 1543; x_wconf 71' lang='lat' dir='ltr'><strong>[tibimet]</strong></span> <span class='ocrx_word' id='word_1_185' title='bbox 273 1468 383 1524; x_wconf 83' lang='lat' dir='ltr'><strong>Reddet</strong></span> <span class='ocrx_word' id='word_1_186' title='bbox 392 1467 418 1522; x_wconf 91' lang='lat' dir='ltr'><strong>ei</strong></span> <span class='ocrx_word' id='word_1_187' title='bbox 428 1465 585 1530; x_wconf 82' lang='lat' dir='ltr'><strong>bonum,et</strong></span> <span class='ocrx_word' id='word_1_188' title='bbox 597 1483 655 1523; x_wconf 94' lang='lat' dir='ltr'><strong>non</strong></span> <span class='ocrx_word' id='word_1_189' title='bbox 667 1464 790 1535; x_wconf 90' lang='lat' dir='ltr'><strong>malum,</strong></span> <span class='ocrx_word' id='word_1_190' title='bbox 800 1465 940 1523; x_wconf 89' lang='lat' dir='ltr'><strong>omnibus</strong></span> <span class='ocrx_word' id='word_1_191' title='bbox 994 1466 1086 1551; x_wconf 71' lang='lat' dir='ltr'><strong>[Phe]</strong></span> <span class='ocrx_word' id='word_1_192' title='bbox 1102 1467 1139 1524; x_wconf 90' lang='lat' dir='ltr'><strong>Os</strong></span> <span class='ocrx_word' id='word_1_193' title='bbox 1155 1484 1243 1525; x_wconf 89' lang='lat' dir='ltr'><strong>suum</strong></span> <span class='ocrx_word' id='word_1_194' title='bbox 1260 1469 1376 1542; x_wconf 87' lang='lat' dir='ltr'><strong>aperuit</strong></span> <span class='ocrx_word' id='word_1_195' title='bbox 1390 1468 1552 1542; x_wconf 72' lang='lat' dir='ltr'><strong>sapientise,</strong></span> <span class='ocrx_word' id='word_1_196' title='bbox 1568 1472 1598 1526; x_wconf 89' lang='lat' dir='ltr'><strong>et</strong></span> <span class='ocrx_word' id='word_1_197' title='bbox 1621 1467 1670 1526; x_wconf 85' lang='lat' dir='ltr'><strong>Iex</strong></span> <span class='ocrx_word' id='word_1_198' title='bbox 1695 1467 1821 1527; x_wconf 89' lang='lat' dir='ltr'><strong>clemen·</strong></span> 
     </span>
     <span class='ocr_line' id='line_1_19' title="bbox 190 1539 1365 1612; baseline 0 -16"><span class='ocrx_word' id='word_1_199' title='bbox 190 1540 294 1596; x_wconf 88' lang='lat' dir='ltr'><strong>diebus</strong></span> <span class='ocrx_word' id='word_1_200' title='bbox 310 1539 376 1594; x_wconf 84' lang='lat' dir='ltr'><strong>vitae</strong></span> <span class='ocrx_word' id='word_1_201' title='bbox 389 1554 457 1595; x_wconf 74' lang='lat' dir='ltr'><strong>sum.</strong></span> <span class='ocrx_word' id='word_1_202' title='bbox 1066 1544 1112 1594; x_wconf 78' lang='lat' dir='ltr'><strong>tra</strong></span> <span class='ocrx_word' id='word_1_203' title='bbox 1128 1539 1158 1594; x_wconf 94' lang='lat' dir='ltr'><strong>iu</strong></span> <span class='ocrx_word' id='word_1_204' title='bbox 1173 1539 1275 1612; x_wconf 87' lang='lat' dir='ltr'><strong>lingua</strong></span> <span class='ocrx_word' id='word_1_205' title='bbox 1290 1540 1365 1612; x_wconf 85' lang='lat' dir='ltr'><strong>ejus.</strong></span> 
     </span>
     <span class='ocr_line' id='line_1_20' title="bbox 114 1608 1820 1689; baseline 0.002 -21"><span class='ocrx_word' id='word_1_206' title='bbox 114 1613 243 1689; x_wconf 62' lang='lat' dir='ltr'><strong>{beleb}</strong></span> <span class='ocrx_word' id='word_1_207' title='bbox 260 1609 506 1676; x_wconf 82' lang='lat' dir='ltr'><strong>Quaesivitlanum</strong></span> <span class='ocrx_word' id='word_1_208' title='bbox 526 1608 674 1676; x_wconf 77' lang='lat' dir='ltr'><strong>utimum,</strong></span> <span class='ocrx_word' id='word_1_209' title='bbox 699 1613 728 1664; x_wconf 87' lang='lat' dir='ltr'><strong>et</strong></span> <span class='ocrx_word' id='word_1_210' title='bbox 752 1612 871 1681; x_wconf 73' lang='lat' dir='ltr'><strong>operata</strong></span> <span class='ocrx_word' id='word_1_211' title='bbox 895 1614 940 1667; x_wconf 87' lang='lat' dir='ltr'><strong>est</strong></span> <span class='ocrx_word' id='word_1_212' title='bbox 995 1609 1096 1682; x_wconf 64' lang='lat' dir='ltr'><strong>[Sedet</strong></span> <span class='ocrx_word' id='word_1_213' title='bbox 1113 1611 1286 1668; x_wconf 84' lang='lat' dir='ltr'><strong>Considerat</strong></span> <span class='ocrx_word' id='word_1_214' title='bbox 1300 1612 1421 1669; x_wconf 86' lang='lat' dir='ltr'><strong>semitas</strong></span> <span class='ocrx_word' id='word_1_215' title='bbox 1445 1612 1552 1670; x_wconf 84' lang='lat' dir='ltr'><strong>domus</strong></span> <span class='ocrx_word' id='word_1_216' title='bbox 1567 1629 1642 1685; x_wconf 76' lang='lat' dir='ltr'><strong>sum,</strong></span> <span class='ocrx_word' id='word_1_217' title='bbox 1667 1616 1698 1670; x_wconf 90' lang='lat' dir='ltr'><strong>et</strong></span> <span class='ocrx_word' id='word_1_218' title='bbox 1719 1629 1820 1685; x_wconf 82' lang='lat' dir='ltr'><strong>panem</strong></span> 
     </span>
     <span class='ocr_line' id='line_1_21' title="bbox 186 1682 1388 1755; baseline -0.001 -15"><span class='ocrx_word' id='word_1_219' title='bbox 186 1683 310 1740; x_wconf 89' lang='lat' dir='ltr'><strong>consilio</strong></span> <span class='ocrx_word' id='word_1_220' title='bbox 326 1697 470 1737; x_wconf 87' lang='lat' dir='ltr'><strong>manuum</strong></span> <span class='ocrx_word' id='word_1_221' title='bbox 486 1697 623 1736; x_wconf 86' lang='lat' dir='ltr'><strong>suarum.</strong></span> <span class='ocrx_word' id='word_1_222' title='bbox 954 1686 979 1755; x_wconf 83' lang='grc' dir='ltr'><strong>Β</strong></span> <span class='ocrx_word' id='word_1_223' title='bbox 1066 1682 1161 1738; x_wconf 89' lang='lat' dir='ltr'><strong>otiosa</strong></span> <span class='ocrx_word' id='word_1_224' title='bbox 1176 1700 1233 1742; x_wconf 88' lang='lat' dir='ltr'><strong>noo</strong></span> <span class='ocrx_word' id='word_1_225' title='bbox 1250 1684 1388 1741; x_wconf 86' lang='lat' dir='ltr'><strong>eomedit.</strong></span> 
     </span>
     <span class='ocr_line' id='line_1_22' title="bbox 115 1750 1822 1830; baseline 0.001 -18"><span class='ocrx_word' id='word_1_226' title='bbox 115 1757 188 1830; x_wconf 74' lang='lat' dir='ltr'><strong>[lle]</strong></span> <span class='ocrx_word' id='word_1_227' title='bbox 203 1757 291 1812; x_wconf 83' lang='lat' dir='ltr'><strong>Facta</strong></span> <span class='ocrx_word' id='word_1_228' title='bbox 314 1758 359 1810; x_wconf 88' lang='lat' dir='ltr'><strong>est</strong></span> <span class='ocrx_word' id='word_1_229' title='bbox 387 1753 473 1824; x_wconf 88' lang='lat' dir='ltr'><strong>quasi</strong></span> <span class='ocrx_word' id='word_1_230' title='bbox 503 1753 587 1808; x_wconf 86' lang='lat' dir='ltr'><strong>navis</strong></span> <span class='ocrx_word' id='word_1_231' title='bbox 610 1750 767 1824; x_wconf 87' lang='lat' dir='ltr'><strong>institoris,</strong></span> <span class='ocrx_word' id='word_1_232' title='bbox 789 1753 826 1809; x_wconf 89' lang='lat' dir='ltr'><strong>de</strong></span> <span class='ocrx_word' id='word_1_233' title='bbox 854 1750 939 1824; x_wconf 83' lang='lat' dir='ltr'><strong>longe</strong></span> <span class='ocrx_word' id='word_1_234' title='bbox 994 1752 1101 1826; x_wconf 73' lang='lat' dir='ltr'><strong>[copul</strong></span> <span class='ocrx_word' id='word_1_235' title='bbox 1116 1756 1312 1813; x_wconf 80' lang='lat' dir='ltr'><strong>surrexerunt</strong></span> <span class='ocrx_word' id='word_1_236' title='bbox 1328 1756 1380 1811; x_wconf 85' lang='lat' dir='ltr'><strong>lilii</strong></span> <span class='ocrx_word' id='word_1_237' title='bbox 1395 1756 1472 1826; x_wconf 86' lang='lat' dir='ltr'><strong>ejus,</strong></span> <span class='ocrx_word' id='word_1_238' title='bbox 1486 1758 1516 1810; x_wconf 90' lang='lat' dir='ltr'><strong>et</strong></span> <span class='ocrx_word' id='word_1_239' title='bbox 1528 1754 1741 1814; x_wconf 86' lang='lat' dir='ltr'><strong>beatissimum</strong></span> <span class='ocrx_word' id='word_1_240' title='bbox 1751 1773 1822 1830; x_wconf 78' lang='lat' dir='ltr'><strong>pro-</strong></span> 
     </span>
     <span class='ocr_line' id='line_1_23' title="bbox 187 1826 1698 1900; baseline 0 -16"><span class='ocrx_word' id='word_1_241' title='bbox 187 1833 311 1900; x_wconf 88' lang='lat' dir='ltr'><strong>portans</strong></span> <span class='ocrx_word' id='word_1_242' title='bbox 327 1841 433 1897; x_wconf 89' lang='lat' dir='ltr'><strong>panum</strong></span> <span class='ocrx_word' id='word_1_243' title='bbox 449 1840 548 1881; x_wconf 88' lang='lat' dir='ltr'><strong>suum.</strong></span> <span class='ocrx_word' id='word_1_244' title='bbox 1066 1826 1259 1883; x_wconf 87' lang='lat' dir='ltr'><strong>dicaverunt:</strong></span> <span class='ocrx_word' id='word_1_245' title='bbox 1277 1826 1321 1883; x_wconf 82' lang='lat' dir='ltr'><strong>vir</strong></span> <span class='ocrx_word' id='word_1_246' title='bbox 1335 1829 1410 1900; x_wconf 88' lang='lat' dir='ltr'><strong>ejus,</strong></span> <span class='ocrx_word' id='word_1_247' title='bbox 1426 1831 1456 1883; x_wconf 88' lang='lat' dir='ltr'><strong>et</strong></span> <span class='ocrx_word' id='word_1_248' title='bbox 1470 1826 1602 1883; x_wconf 86' lang='lat' dir='ltr'><strong>laudavit</strong></span> <span class='ocrx_word' id='word_1_249' title='bbox 1616 1844 1698 1885; x_wconf 85' lang='lat' dir='ltr'><strong>eum.</strong></span> 
     </span>
     <span class='ocr_line' id='line_1_24' title="bbox 117 1894 1819 2022; baseline 0.001 -67"><span class='ocrx_word' id='word_1_250' title='bbox 117 1899 207 1972; x_wconf 73' lang='lat' dir='ltr'><strong>[Vua]</strong></span> <span class='ocrx_word' id='word_1_251' title='bbox 224 1900 256 1955; x_wconf 85' lang='lat' dir='ltr'><strong>Et</strong></span> <span class='ocrx_word' id='word_1_252' title='bbox 270 1899 307 1982; x_wconf 79' lang='lat' dir='ltr'><strong>de</strong></span> <span class='ocrx_word' id='word_1_253' title='bbox 322 1902 406 1980; x_wconf 76' lang='lat' dir='ltr'><strong>nocte</strong></span> <span class='ocrx_word' id='word_1_254' title='bbox 421 1896 558 1981; x_wconf 76' lang='lat' dir='ltr'><strong>surrexit,</strong></span> <span class='ocrx_word' id='word_1_255' title='bbox 574 1894 713 2022; x_wconf 44' lang='lat' dir='ltr'><strong>deditque</strong></span> <span class='ocrx_word' id='word_1_256' title='bbox 737 1895 866 1978; x_wconf 77' lang='lat' dir='ltr'><strong>predam</strong></span> <span class='ocrx_word' id='word_1_257' title='bbox 888 1897 939 1955; x_wconf 88' lang='lat' dir='ltr'><strong>de·</strong></span> <span class='ocrx_word' id='word_1_258' title='bbox 994 1895 1077 1968; x_wconf 75' lang='lat' dir='ltr'><strong>[liesl</strong></span> <span class='ocrx_word' id='word_1_259' title='bbox 1093 1897 1189 1953; x_wconf 77' lang='lat' dir='ltr'><strong>Multa</strong></span> <span class='ocrx_word' id='word_1_260' title='bbox 1202 1898 1269 1954; x_wconf 81' lang='lat' dir='ltr'><strong>otia</strong></span> <span class='ocrx_word' id='word_1_261' title='bbox 1293 1903 1545 1970; x_wconf 87' lang='lat' dir='ltr'><strong>congregaverunt</strong></span> <span class='ocrx_word' id='word_1_262' title='bbox 1569 1899 1714 1971; x_wconf 81' lang='lat' dir='ltr'><strong>divitias3</strong></span> <span class='ocrx_word' id='word_1_263' title='bbox 1729 1903 1761 1957; x_wconf 84' lang='lat' dir='ltr'><strong>tu</strong></span> <span class='ocrx_word' id='word_1_264' title='bbox 1776 1917 1819 1957; x_wconf 85' lang='lat' dir='ltr'><strong>eu·</strong></span> 
     </span>
     <span class='ocr_line' id='line_1_25' title="bbox 189 1968 1442 2039; baseline -0.002 -12"><span class='ocrx_word' id='word_1_265' title='bbox 189 1975 322 2027; x_wconf 82' lang='lat' dir='ltr'><strong>mesticis</strong></span> <span class='ocrx_word' id='word_1_266' title='bbox 335 1985 409 2036; x_wconf 78' lang='lat' dir='ltr'><strong>suis,</strong></span> <span class='ocrx_word' id='word_1_267' title='bbox 425 1973 454 2024; x_wconf 88' lang='lat' dir='ltr'><strong>et</strong></span> <span class='ocrx_word' id='word_1_268' title='bbox 468 1969 579 2025; x_wconf 83' lang='lat' dir='ltr'><strong>erbaria</strong></span> <span class='ocrx_word' id='word_1_269' title='bbox 594 1983 659 2024; x_wconf 87' lang='lat' dir='ltr'><strong>aner</strong></span> <span class='ocrx_word' id='word_1_270' title='bbox 674 1968 711 2023; x_wconf 79' lang='lat' dir='ltr'><strong>iis</strong></span> <span class='ocrx_word' id='word_1_271' title='bbox 724 1984 797 2024; x_wconf 85' lang='lat' dir='ltr'><strong>aurs.</strong></span> <span class='ocrx_word' id='word_1_272' title='bbox 1066 1984 1219 2039; x_wconf 77' lang='lat' dir='ltr'><strong>pergressa</strong></span> <span class='ocrx_word' id='word_1_273' title='bbox 1233 1987 1266 2027; x_wconf 89' lang='lat' dir='ltr'><strong>es</strong></span> <span class='ocrx_word' id='word_1_274' title='bbox 1281 1972 1442 2028; x_wconf 87' lang='lat' dir='ltr'><strong>universas.</strong></span> 
     </span>
    </p>

    <p class='ocr_par' dir='ltr' id='par_1_5' title="bbox 40 2038 1821 2331">
     <span class='ocr_line' id='line_1_26' title="bbox 117 2038 1788 2115; baseline 0.001 -18"><span class='ocrx_word' id='word_1_275' title='bbox 117 2042 221 2115; x_wconf 78' lang='lat' dir='ltr'><strong>[latu]</strong></span> <span class='ocrx_word' id='word_1_276' title='bbox 237 2041 440 2099; x_wconf 81' lang='lat' dir='ltr'><strong>consideravit</strong></span> <span class='ocrx_word' id='word_1_277' title='bbox 454 2056 570 2112; x_wconf 88' lang='lat' dir='ltr'><strong>agrum,</strong></span> <span class='ocrx_word' id='word_1_278' title='bbox 587 2045 615 2095; x_wconf 91' lang='lat' dir='ltr'><strong>et</strong></span> <span class='ocrx_word' id='word_1_279' title='bbox 630 2038 701 2096; x_wconf 90' lang='lat' dir='ltr'><strong>emit</strong></span> <span class='ocrx_word' id='word_1_280' title='bbox 716 2038 861 2095; x_wconf 76' lang='lat' dir='ltr'><strong>eumzde</strong></span> <span class='ocrx_word' id='word_1_281' title='bbox 878 2038 938 2095; x_wconf 85' lang='lat' dir='ltr'><strong>trn·</strong></span> <span class='ocrx_word' id='word_1_282' title='bbox 995 2039 1078 2110; x_wconf 72' lang='lat' dir='ltr'><strong>[Sim]</strong></span> <span class='ocrx_word' id='word_1_283' title='bbox 1095 2040 1194 2098; x_wconf 82' lang='lat' dir='ltr'><strong>Fallax</strong></span> <span class='ocrx_word' id='word_1_284' title='bbox 1220 2041 1323 2114; x_wconf 88' lang='lat' dir='ltr'><strong>gratia,</strong></span> <span class='ocrx_word' id='word_1_285' title='bbox 1354 2048 1383 2098; x_wconf 90' lang='lat' dir='ltr'><strong>et</strong></span> <span class='ocrx_word' id='word_1_286' title='bbox 1409 2058 1485 2099; x_wconf 83' lang='lat' dir='ltr'><strong>vanu</strong></span> <span class='ocrx_word' id='word_1_287' title='bbox 1508 2045 1554 2098; x_wconf 88' lang='lat' dir='ltr'><strong>est</strong></span> <span class='ocrx_word' id='word_1_288' title='bbox 1593 2040 1788 2100; x_wconf 87' lang='lat' dir='ltr'><strong>ulchritndo:</strong></span> 
     </span>
     <span class='ocr_line' id='line_1_27' title="bbox 188 2058 1759 2196; baseline -0.001 -26"><span class='ocrx_word' id='word_1_289' title='bbox 188 2118 235 2170; x_wconf 86' lang='lat' dir='ltr'><strong>otu</strong></span> <span class='ocrx_word' id='word_1_290' title='bbox 252 2129 395 2196; x_wconf 80' lang='lat' dir='ltr'><strong>manuum</strong></span> <span class='ocrx_word' id='word_1_291' title='bbox 412 2128 534 2195; x_wconf 79' lang='lat' dir='ltr'><strong>suarum</strong></span> <span class='ocrx_word' id='word_1_292' title='bbox 551 2109 693 2184; x_wconf 88' lang='lat' dir='ltr'><strong>plantavit</strong></span> <span class='ocrx_word' id='word_1_293' title='bbox 707 2110 832 2167; x_wconf 86' lang='lat' dir='ltr'><strong>vineam.</strong></span> <span class='ocrx_word' id='word_1_294' title='bbox 1065 2112 1173 2169; x_wconf 88' lang='lat' dir='ltr'><strong>mulier</strong></span> <span class='ocrx_word' id='word_1_295' title='bbox 1186 2113 1294 2170; x_wconf 88' lang='lat' dir='ltr'><strong>timens</strong></span> <span class='ocrx_word' id='word_1_296' title='bbox 1311 2113 1477 2183; x_wconf 85' lang='lat' dir='ltr'><strong>Dominum,</strong></span> <span class='ocrx_word' id='word_1_297' title='bbox 1493 2113 1557 2186; x_wconf 86' lang='lat' dir='ltr'><strong>ipsu</strong></span> <span class='ocrx_word' id='word_1_298' title='bbox 1572 2058 1759 2172; x_wconf 78' lang='lat' dir='ltr'><strong>Ieudabitur.</strong></span> 
     </span>
     <span class='ocr_line' id='line_1_28' title="bbox 117 2181 1821 2258; baseline 0.001 -17"><span class='ocrx_word' id='word_1_299' title='bbox 117 2185 237 2258; x_wconf 67' lang='lat' dir='ltr'><strong>[illectu]</strong></span> <span class='ocrx_word' id='word_1_300' title='bbox 252 2188 385 2241; x_wconf 80' lang='lat' dir='ltr'><strong>Accrnxst</strong></span> <span class='ocrx_word' id='word_1_301' title='bbox 400 2184 572 2241; x_wconf 78' lang='lat' dir='ltr'><strong>tortitudine</strong></span> <span class='ocrx_word' id='word_1_302' title='bbox 584 2182 701 2240; x_wconf 91' lang='lat' dir='ltr'><strong>lumbos</strong></span> <span class='ocrx_word' id='word_1_303' title='bbox 716 2198 796 2247; x_wconf 87' lang='lat' dir='ltr'><strong>suos,</strong></span> <span class='ocrx_word' id='word_1_304' title='bbox 810 2186 840 2238; x_wconf 88' lang='lat' dir='ltr'><strong>et</strong></span> <span class='ocrx_word' id='word_1_305' title='bbox 854 2182 939 2239; x_wconf 91' lang='lat' dir='ltr'><strong>robo-</strong></span> <span class='ocrx_word' id='word_1_306' title='bbox 995 2181 1102 2256; x_wconf 70' lang='lat' dir='ltr'><strong>[rure]</strong></span> <span class='ocrx_word' id='word_1_307' title='bbox 1132 2186 1202 2241; x_wconf 86' lang='lat' dir='ltr'><strong>Date</strong></span> <span class='ocrx_word' id='word_1_308' title='bbox 1229 2186 1256 2242; x_wconf 88' lang='lat' dir='ltr'><strong>ei</strong></span> <span class='ocrx_word' id='word_1_309' title='bbox 1284 2186 1319 2242; x_wconf 87' lang='lat' dir='ltr'><strong>de</strong></span> <span class='ocrx_word' id='word_1_310' title='bbox 1346 2185 1442 2242; x_wconf 86' lang='lat' dir='ltr'><strong>lructu</strong></span> <span class='ocrx_word' id='word_1_311' title='bbox 1464 2201 1613 2243; x_wconf 89' lang='lat' dir='ltr'><strong>manuum</strong></span> <span class='ocrx_word' id='word_1_312' title='bbox 1629 2202 1757 2246; x_wconf 85' lang='lat' dir='ltr'><strong>suarum</strong></span> <span class='ocrx_word' id='word_1_313' title='bbox 1774 2203 1781 2243; x_wconf 93' lang='lat'><strong>:</strong></span> <span class='ocrx_word' id='word_1_314' title='bbox 1796 2190 1821 2244; x_wconf 88' lang='lat' dir='ltr'><strong>et</strong></span> 
     </span>
     <span class='ocr_line' id='line_1_29' title="bbox 40 2255 1616 2331; baseline 0.001 -19"><span class='ocrx_word' id='word_1_315' title='bbox 40 2296 43 2301; x_wconf 87' lang='lat'>-</span> <span class='ocrx_word' id='word_1_316' title='bbox 187 2256 263 2314; x_wconf 88' lang='lat' dir='ltr'><strong>ravit</strong></span> <span class='ocrx_word' id='word_1_317' title='bbox 277 2256 432 2312; x_wconf 88' lang='lat' dir='ltr'><strong>brachium</strong></span> <span class='ocrx_word' id='word_1_318' title='bbox 448 2271 547 2312; x_wconf 87' lang='lat' dir='ltr'><strong>suum.</strong></span> <span class='ocrx_word' id='word_1_319' title='bbox 1066 2255 1188 2314; x_wconf 91' lang='lat' dir='ltr'><strong>laudent</strong></span> <span class='ocrx_word' id='word_1_320' title='bbox 1202 2272 1266 2314; x_wconf 86' lang='lat' dir='ltr'><strong>eam</strong></span> <span class='ocrx_word' id='word_1_321' title='bbox 1281 2256 1311 2314; x_wconf 94' lang='lat' dir='ltr'><strong>iu</strong></span> <span class='ocrx_word' id='word_1_322' title='bbox 1327 2256 1419 2329; x_wconf 81' lang='lat' dir='ltr'><strong>portIs</strong></span> <span class='ocrx_word' id='word_1_323' title='bbox 1434 2273 1523 2331; x_wconf 87' lang='lat' dir='ltr'><strong>opera</strong></span> <span class='ocrx_word' id='word_1_324' title='bbox 1537 2259 1616 2330; x_wconf 84' lang='lat' dir='ltr'><strong>ejus.</strong></span> 
     </span>
    </p>

    <p class='ocr_par' dir='ltr' id='par_1_6' title="bbox 115 2325 938 2402">
     <span class='ocr_line' id='line_1_30' title="bbox 115 2325 938 2402; baseline -0.004 -17"><span class='ocrx_word' id='word_1_325' title='bbox 115 2327 215 2402; x_wconf 74' lang='lat' dir='ltr'><strong>[Turb]</strong></span> <span class='ocrx_word' id='word_1_326' title='bbox 231 2329 367 2386; x_wconf 81' lang='lat' dir='ltr'><strong>Gustauit</strong></span> <span class='ocrx_word' id='word_1_327' title='bbox 392 2332 422 2383; x_wconf 89' lang='lat' dir='ltr'><strong>et</strong></span> <span class='ocrx_word' id='word_1_328' title='bbox 447 2327 522 2384; x_wconf 85' lang='lat' dir='ltr'><strong>vidit</strong></span> <span class='ocrx_word' id='word_1_329' title='bbox 543 2326 614 2399; x_wconf 85' lang='lat' dir='ltr'><strong>quia</strong></span> <span class='ocrx_word' id='word_1_330' title='bbox 629 2326 705 2383; x_wconf 93' lang='lat' dir='ltr'><strong>bona</strong></span> <span class='ocrx_word' id='word_1_331' title='bbox 719 2328 765 2382; x_wconf 86' lang='lat' dir='ltr'><strong>est</strong></span> <span class='ocrx_word' id='word_1_332' title='bbox 780 2325 938 2397; x_wconf 82' lang='lat' dir='ltr'><strong>negotiatio</strong></span> 
     </span>
    </p>
   </div>
   <div class='ocr_carea' id='block_1_5' title="bbox 117 2466 1816 2558">
    <p class='ocr_par' dir='ltr' id='par_1_7' title="bbox 117 2466 1816 2558">
     <span class='ocr_line' id='line_1_31' title="bbox 117 2466 1816 2558; baseline -0.001 -30"><span class='ocrx_word' id='word_1_333' title='bbox 117 2471 242 2528; x_wconf 87' lang='lat' dir='ltr'><strong>verbum</strong></span> <span class='ocrx_word' id='word_1_334' title='bbox 255 2469 636 2558; x_wconf 56' lang='lat' dir='ltr'><strong>&#39;‘turudurtelclecbmive</strong></span> <span class='ocrx_word' id='word_1_335' title='bbox 652 2466 940 2540; x_wconf 58' lang='lat' dir='ltr'><strong>uerutetumiusraur</strong></span> <span class='ocrx_word' id='word_1_336' title='bbox 990 2469 1075 2542; x_wconf 73' lang='lat' dir='ltr'><strong>juxta</strong></span> <span class='ocrx_word' id='word_1_337' title='bbox 1090 2468 1242 2528; x_wconf 81' lang='lat' dir='ltr'><strong>llebreum</strong></span> <span class='ocrx_word' id='word_1_338' title='bbox 1257 2480 1354 2557; x_wconf 54' lang='lat' dir='ltr'><strong>&#39;tinum</strong></span> <span class='ocrx_word' id='word_1_339' title='bbox 1369 2471 1429 2529; x_wconf 80' lang='lat' dir='ltr'><strong>uiua</strong></span> <span class='ocrx_word' id='word_1_340' title='bbox 1453 2477 1518 2529; x_wconf 82' lang='lat' dir='ltr'><strong>tuos</strong></span> <span class='ocrx_word' id='word_1_341' title='bbox 1551 2472 1743 2545; x_wconf 73' lang='lat' dir='ltr'><strong>preter-unt:</strong></span> <span class='ocrx_word' id='word_1_342' title='bbox 1774 2471 1816 2528; x_wconf 94' lang='lat' dir='ltr'><strong>ubi</strong></span> 
     </span>
    </p>
   </div>
   <div class='ocr_carea' id='block_1_6' title="bbox 115 2556 1521 2704">
    <p class='ocr_par' dir='ltr' id='par_1_8' title="bbox 115 2556 1521 2704">
     <span class='ocr_line' id='line_1_32' title="bbox 115 2556 1521 2689; baseline -0.001 -71"><span class='ocrx_word' id='word_1_343' title='bbox 115 2560 273 2689; x_wconf 53' lang='lat' dir='ltr'><strong>significat.</strong></span> <span class='ocrx_word' id='word_1_344' title='bbox 307 2565 464 2643; x_wconf 57' lang='lat' dir='ltr'><strong>Maam-</strong></span> <span class='ocrx_word' id='word_1_345' title='bbox 493 2562 580 2616; x_wconf 89' lang='lat' dir='ltr'><strong>ltaet</strong></span> <span class='ocrx_word' id='word_1_346' title='bbox 599 2557 817 2644; x_wconf 74' lang='lat' dir='ltr'><strong>complutensis</strong></span> <span class='ocrx_word' id='word_1_347' title='bbox 836 2556 940 2642; x_wconf 75' lang='lat' dir='ltr'><strong>Latina</strong></span> <span class='ocrx_word' id='word_1_348' title='bbox 995 2557 1044 2615; x_wconf 91' lang='lat' dir='ltr'><strong>alii</strong></span> <span class='ocrx_word' id='word_1_349' title='bbox 1059 2558 1188 2630; x_wconf 75' lang='lat' dir='ltr'><strong>cliuillas,</strong></span> <span class='ocrx_word' id='word_1_350' title='bbox 1204 2559 1253 2615; x_wconf 89' lang='lat' dir='ltr'><strong>olii</strong></span> <span class='ocrx_word' id='word_1_351' title='bbox 1268 2560 1387 2618; x_wconf 79' lang='lat' dir='ltr'><strong>delicias</strong></span> <span class='ocrx_word' id='word_1_352' title='bbox 1401 2561 1521 2619; x_wconf 91' lang='lat' dir='ltr'><strong>babent.</strong></span> 
     </span>
     <span class='ocr_line' id='line_1_33' title="bbox 115 2631 939 2704; baseline -0.006 -14"><span class='ocrx_word' id='word_1_353' title='bbox 115 2638 217 2704; x_wconf 82' lang='lat' dir='ltr'><strong>ertio,</strong></span> <span class='ocrx_word' id='word_1_354' title='bbox 247 2638 276 2689; x_wconf 93' lang='lat' dir='ltr'><strong>et</strong></span> <span class='ocrx_word' id='word_1_355' title='bbox 304 2631 435 2688; x_wconf 79' lang='lat' dir='ltr'><strong>melioris</strong></span> <span class='ocrx_word' id='word_1_356' title='bbox 462 2637 538 2688; x_wconf 78' lang='lat' dir='ltr'><strong>notu</strong></span> <span class='ocrx_word' id='word_1_357' title='bbox 576 2631 691 2688; x_wconf 81' lang='lat' dir='ltr'><strong>codices</strong></span> <span class='ocrx_word' id='word_1_358' title='bbox 717 2634 939 2702; x_wconf 73' lang='lat' dir='ltr'><strong>Hieronymum</strong></span> 
     </span>
    </p>
   </div>
   <div class='ocr_carea' id='block_1_7' title="bbox 728 2757 1204 2833">
    <p class='ocr_par' dir='ltr' id='par_1_9' title="bbox 728 2757 1204 2833">
     <span class='ocr_line' id='line_1_34' title="bbox 728 2757 1204 2833; baseline 0.006 -18"><span class='ocrx_word' id='word_1_359' title='bbox 728 2757 878 2833; x_wconf 69' lang='lat' dir='ltr'><strong>Explicicrt</strong></span> <span class='ocrx_word' id='word_1_360' title='bbox 893 2757 965 2817; x_wconf 82' lang='lat' dir='ltr'><strong>liber</strong></span> <span class='ocrx_word' id='word_1_361' title='bbox 978 2760 1204 2818; x_wconf 84' lang='lat' dir='ltr'><strong>Proverbicrum.</strong></span> 
     </span>
    </p>
   </div>
   <div class='ocr_carea' id='block_1_8' title="bbox 112 2923 431 2939">
    <p class='ocr_par' dir='ltr' id='par_1_10' title="bbox 112 2923 431 2939">
     <span class='ocr_line' id='line_1_35' title="bbox 112 2923 431 2939; baseline 0 -3"><span class='ocrx_word' id='word_1_362' title='bbox 112 2923 431 2939; x_wconf 55' lang='lat' dir='ltr'><strong>m</strong></span> 
     </span>
    </p>
   </div>
   <div class='ocr_carea' id='block_1_9' title="bbox 897 3025 1043 3090">
    <p class='ocr_par' dir='ltr' id='par_1_11' title="bbox 897 3025 1043 3090">
     <span class='ocr_line' id='line_1_36' title="bbox 897 3025 1043 3090; baseline -0.014 -2"><span class='ocrx_word' id='word_1_363' title='bbox 897 3025 1043 3090; x_wconf 81' lang='lat' dir='ltr'>INCIPIT</span> 
     </span>
    </p>
   </div>
   <div class='ocr_carea' id='block_1_10' title="bbox 393 3210 1539 3392">
    <p class='ocr_par' dir='ltr' id='par_1_12' title="bbox 393 3210 1539 3392">
     <span class='ocr_line' id='line_1_37' title="bbox 393 3210 1539 3392; baseline 0.01 -13"><span class='ocrx_word' id='word_1_364' title='bbox 393 3214 698 3380; x_wconf 83' lang='lat' dir='ltr'>LIBER</span> <span class='ocrx_word' id='word_1_365' title='bbox 773 3210 1539 3392; x_wconf 77' lang='lat' dir='ltr'>ECCLESIASTES.</span> 
     </span>
    </p>
   </div>
   <div class='ocr_carea' id='block_1_11' title="bbox 805 3481 1120 3553">
    <p class='ocr_par' dir='ltr' id='par_1_13' title="bbox 805 3481 1120 3553">
     <span class='ocr_line' id='line_1_38' title="bbox 805 3481 1120 3553; baseline 0 -3"><span class='ocrx_word' id='word_1_366' title='bbox 805 3481 983 3553; x_wconf 88' lang='lat' dir='ltr'><strong>Hebraico</strong></span> <span class='ocrx_word' id='word_1_367' title='bbox 1003 3481 1120 3551; x_wconf 85' lang='lat' dir='ltr'><strong>dictus</strong></span> 
     </span>
    </p>
   </div>
   <div class='ocr_carea' id='block_1_12' title="bbox 751 3671 1146 3798">
    <p class='ocr_par' dir='ltr' id='par_1_14' title="bbox 751 3671 1146 3798">
     <span class='ocr_line' id='line_1_39' title="bbox 751 3671 1146 3798; baseline -0.008 0"><span class='ocrx_word' id='word_1_368' title='bbox 751 3671 1146 3798; x_wconf 84' lang='lat' dir='ltr'><strong>COELETH.</strong></span> 
     </span>
    </p>
   </div>
   <div class='ocr_carea' id='block_1_13' title="bbox 415 4028 1516 4099">
    <p class='ocr_par' dir='ltr' id='par_1_15' title="bbox 415 4028 1516 4099">
     <span class='ocr_line' id='line_1_40' title="bbox 415 4028 1516 4099; baseline -0.006 0"><span class='ocrx_word' id='word_1_369' title='bbox 415 4033 548 4099; x_wconf 73' lang='lat' dir='ltr'><strong>vualis</strong></span> <span class='ocrx_word' id='word_1_370' title='bbox 568 4029 866 4095; x_wconf 69' lang='lat' dir='ltr'><strong>succestasw</strong></span> <span class='ocrx_word' id='word_1_371' title='bbox 890 4030 966 4093; x_wconf 87' lang='lat' dir='ltr'><strong>FILl</strong></span> <span class='ocrx_word' id='word_1_372' title='bbox 987 4030 1108 4091; x_wconf 77' lang='lat' dir='ltr'><strong>navio</strong></span> <span class='ocrx_word' id='word_1_373' title='bbox 1131 4028 1248 4092; x_wconf 83' lang='lat' dir='ltr'>REGIS</span> <span class='ocrx_word' id='word_1_374' title='bbox 1268 4029 1516 4094; x_wconf 73' lang='lat' dir='ltr'><strong>suiuussuutt.</strong></span> 
     </span>
    </p>
   </div>
   <div class='ocr_carea' id='block_1_14' title="bbox 111 4187 1806 5149">
    <p class='ocr_par' dir='ltr' id='par_1_16' title="bbox 111 4187 1312 4276">
     <span class='ocr_line' id='line_1_41' title="bbox 111 4187 1312 4276; baseline -0.012 -19"><span class='ocrx_word' id='word_1_375' title='bbox 111 4200 190 4276; x_wconf 77' lang='lat' dir='ltr'><strong>(dap.</strong></span> <span class='ocrx_word' id='word_1_376' title='bbox 206 4195 240 4268; x_wconf 78' lang='lat' dir='ltr'><strong>l.)</strong></span> <span class='ocrx_word' id='word_1_377' title='bbox 268 4195 390 4252; x_wconf 88' lang='lat' dir='ltr'><strong>Vanitus</strong></span> <span class='ocrx_word' id='word_1_378' title='bbox 417 4193 592 4260; x_wconf 86' lang='lat' dir='ltr'><strong>vanitatum,</strong></span> <span class='ocrx_word' id='word_1_379' title='bbox 621 4191 696 4249; x_wconf 85' lang='lat' dir='ltr'><strong>dixit</strong></span> <span class='ocrx_word' id='word_1_380' title='bbox 719 4189 910 4250; x_wconf 79' lang='lat' dir='ltr'><strong>Ecclesiastes</strong></span> <span class='ocrx_word' id='word_1_381' title='bbox 926 4206 934 4248; x_wconf 75' lang='grc' dir='ltr'><strong><em>ε</em></strong></span> <span class='ocrx_word' id='word_1_382' title='bbox 951 4193 973 4263; x_wconf 80' lang='lat' dir='ltr'><strong>c</strong></span> <span class='ocrx_word' id='word_1_383' title='bbox 992 4189 1065 4258; x_wconf 85' lang='lat' dir='ltr'><strong>Quid</strong></span> <span class='ocrx_word' id='word_1_384' title='bbox 1081 4189 1218 4261; x_wconf 86' lang='lat' dir='ltr'><strong>estquod</strong></span> <span class='ocrx_word' id='word_1_385' title='bbox 1234 4187 1312 4243; x_wconf 78' lang='lat' dir='ltr'><strong>luit?</strong></span> 
     </span>
    </p>

    <p class='ocr_par' dir='ltr' id='par_1_17' title="bbox 112 4261 1456 4413">
     <span class='ocr_line' id='line_1_42' title="bbox 147 4261 1456 4336; baseline -0.008 -8"><span class='ocrx_word' id='word_1_386' title='bbox 147 4269 261 4328; x_wconf 88' lang='lat' dir='ltr'><strong>vanitas</strong></span> <span class='ocrx_word' id='word_1_387' title='bbox 276 4267 453 4336; x_wconf 87' lang='lat' dir='ltr'><strong>vanitatum,</strong></span> <span class='ocrx_word' id='word_1_388' title='bbox 471 4271 500 4323; x_wconf 92' lang='lat' dir='ltr'><strong>et</strong></span> <span class='ocrx_word' id='word_1_389' title='bbox 514 4265 614 4323; x_wconf 88' lang='lat' dir='ltr'><strong>omnia</strong></span> <span class='ocrx_word' id='word_1_390' title='bbox 628 4263 752 4321; x_wconf 84' lang='lat' dir='ltr'><strong>vanitas.</strong></span> <span class='ocrx_word' id='word_1_391' title='bbox 1026 4263 1125 4334; x_wconf 87' lang='lat' dir='ltr'><strong>ipsum</strong></span> <span class='ocrx_word' id='word_1_392' title='bbox 1139 4262 1218 4333; x_wconf 88' lang='lat' dir='ltr'><strong>quod</strong></span> <span class='ocrx_word' id='word_1_393' title='bbox 1236 4261 1369 4317; x_wconf 84' lang='lat' dir='ltr'><strong>loturum</strong></span> <span class='ocrx_word' id='word_1_394' title='bbox 1384 4264 1430 4316; x_wconf 90' lang='lat' dir='ltr'><strong>est</strong></span> <span class='ocrx_word' id='word_1_395' title='bbox 1448 4278 1456 4318; x_wconf 73' lang='grc' dir='ltr'><strong><em>ε</em></strong></span> 
     </span>
     <span class='ocr_line' id='line_1_43' title="bbox 112 4331 1422 4413; baseline -0.011 -11"><span class='ocrx_word' id='word_1_396' title='bbox 112 4342 187 4412; x_wconf 81' lang='lat' dir='ltr'><strong>Quid</strong></span> <span class='ocrx_word' id='word_1_397' title='bbox 204 4340 291 4396; x_wconf 90' lang='lat' dir='ltr'><strong>babet</strong></span> <span class='ocrx_word' id='word_1_398' title='bbox 306 4339 435 4413; x_wconf 88' lang='lat' dir='ltr'><strong>amplius</strong></span> <span class='ocrx_word' id='word_1_399' title='bbox 452 4338 549 4405; x_wconf 90' lang='lat' dir='ltr'><strong>bomo,</strong></span> <span class='ocrx_word' id='word_1_400' title='bbox 991 4335 1064 4401; x_wconf 85' lang='lat' dir='ltr'><strong>Quid</strong></span> <span class='ocrx_word' id='word_1_401' title='bbox 1079 4338 1124 4390; x_wconf 84' lang='lat' dir='ltr'><strong>est</strong></span> <span class='ocrx_word' id='word_1_402' title='bbox 1140 4333 1219 4406; x_wconf 85' lang='lat' dir='ltr'><strong>qnod</strong></span> <span class='ocrx_word' id='word_1_403' title='bbox 1235 4332 1346 4389; x_wconf 85' lang='lat' dir='ltr'><strong>lautum</strong></span> <span class='ocrx_word' id='word_1_404' title='bbox 1357 4331 1422 4388; x_wconf 87' lang='lat' dir='ltr'><strong>est‘l</strong></span> 
     </span>
    </p>

    <p class='ocr_par' dir='ltr' id='par_1_18' title="bbox 191 4403 1475 4491">
     <span class='ocr_line' id='line_1_44' title="bbox 191 4403 1475 4491; baseline -0.005 -25"><span class='ocrx_word' id='word_1_405' title='bbox 191 4412 227 4466; x_wconf 90' lang='lat' dir='ltr'><strong>da</strong></span> <span class='ocrx_word' id='word_1_406' title='bbox 244 4413 380 4469; x_wconf 86' lang='lat' dir='ltr'><strong>universo</strong></span> <span class='ocrx_word' id='word_1_407' title='bbox 395 4411 494 4467; x_wconf 88' lang='lat' dir='ltr'><strong>labore</strong></span> <span class='ocrx_word' id='word_1_408' title='bbox 510 4425 573 4477; x_wconf 91' lang='lat' dir='ltr'><strong>suo,</strong></span> <span class='ocrx_word' id='word_1_409' title='bbox 589 4424 647 4491; x_wconf 84' lang='lat' dir='ltr'><strong>quo</strong></span> <span class='ocrx_word' id='word_1_410' title='bbox 658 4407 773 4464; x_wconf 84' lang='lat' dir='ltr'><strong>laborat</strong></span> <span class='ocrx_word' id='word_1_411' title='bbox 784 4407 840 4464; x_wconf 88' lang='lat' dir='ltr'><strong>sub</strong></span> <span class='ocrx_word' id='word_1_412' title='bbox 854 4406 938 4464; x_wconf 83' lang='lat' dir='ltr'><strong>sole?</strong></span> <span class='ocrx_word' id='word_1_413' title='bbox 1026 4406 1124 4477; x_wconf 89' lang='lat' dir='ltr'><strong>ipsum</strong></span> <span class='ocrx_word' id='word_1_414' title='bbox 1140 4406 1219 4478; x_wconf 88' lang='lat' dir='ltr'><strong>quod</strong></span> <span class='ocrx_word' id='word_1_415' title='bbox 1237 4403 1404 4460; x_wconf 86' lang='lat' dir='ltr'><strong>iaciendum</strong></span> <span class='ocrx_word' id='word_1_416' title='bbox 1420 4408 1475 4460; x_wconf 89' lang='lat' dir='ltr'><strong>est.</strong></span> 
     </span>
    </p>

    <p class='ocr_par' dir='ltr' id='par_1_19' title="bbox 111 4475 1348 4554">
     <span class='ocr_line' id='line_1_45' title="bbox 111 4475 1348 4554; baseline -0.005 -17"><span class='ocrx_word' id='word_1_417' title='bbox 111 4481 263 4538; x_wconf 84' lang='lat' dir='ltr'><strong>Generatio</strong></span> <span class='ocrx_word' id='word_1_418' title='bbox 284 4484 421 4553; x_wconf 77' lang='lat' dir='ltr'><strong>nraeterit,</strong></span> <span class='ocrx_word' id='word_1_419' title='bbox 438 4487 466 4538; x_wconf 88' lang='lat' dir='ltr'><strong>et</strong></span> <span class='ocrx_word' id='word_1_420' title='bbox 481 4485 630 4554; x_wconf 82' lang='lat' dir='ltr'><strong>generatio</strong></span> <span class='ocrx_word' id='word_1_421' title='bbox 646 4480 774 4537; x_wconf 86' lang='lat' dir='ltr'><strong>advenit.</strong></span> <span class='ocrx_word' id='word_1_422' title='bbox 989 4475 1065 4531; x_wconf 91' lang='lat' dir='ltr'><strong>Nihil</strong></span> <span class='ocrx_word' id='word_1_423' title='bbox 1080 4477 1136 4533; x_wconf 89' lang='lat' dir='ltr'><strong>sub</strong></span> <span class='ocrx_word' id='word_1_424' title='bbox 1152 4477 1213 4533; x_wconf 88' lang='lat' dir='ltr'><strong>sole</strong></span> <span class='ocrx_word' id='word_1_425' title='bbox 1229 4492 1348 4545; x_wconf 89' lang='lat' dir='ltr'><strong>novum,</strong></span> 
     </span>
    </p>

    <p class='ocr_par' dir='ltr' id='par_1_20' title="bbox 115 4544 1806 4694">
     <span class='ocr_line' id='line_1_46' title="bbox 147 4544 1806 4621; baseline 0 -13"><span class='ocrx_word' id='word_1_426' title='bbox 147 4558 227 4609; x_wconf 89' lang='lat' dir='ltr'><strong>terra</strong></span> <span class='ocrx_word' id='word_1_427' title='bbox 241 4570 309 4610; x_wconf 85' lang='lat' dir='ltr'><strong>vero</strong></span> <span class='ocrx_word' id='word_1_428' title='bbox 323 4557 353 4610; x_wconf 89' lang='lat' dir='ltr'><strong>in</strong></span> <span class='ocrx_word' id='word_1_429' title='bbox 369 4560 510 4610; x_wconf 81' lang='lat' dir='ltr'><strong>arternum</strong></span> <span class='ocrx_word' id='word_1_430' title='bbox 520 4558 589 4609; x_wconf 88' lang='lat' dir='ltr'><strong>stat.</strong></span> <span class='ocrx_word' id='word_1_431' title='bbox 1025 4564 1078 4604; x_wconf 86' lang='lat' dir='ltr'><strong>neo</strong></span> <span class='ocrx_word' id='word_1_432' title='bbox 1089 4547 1164 4605; x_wconf 88' lang='lat' dir='ltr'><strong>valet</strong></span> <span class='ocrx_word' id='word_1_433' title='bbox 1177 4547 1335 4621; x_wconf 85' lang='lat' dir='ltr'><strong>quisquam</strong></span> <span class='ocrx_word' id='word_1_434' title='bbox 1346 4544 1442 4603; x_wconf 87' lang='lat' dir='ltr'><strong>dicere</strong></span> <span class='ocrx_word' id='word_1_435' title='bbox 1457 4546 1550 4605; x_wconf 75' lang='lat' dir='ltr'><strong>:ileos</strong></span> <span class='ocrx_word' id='word_1_436' title='bbox 1560 4547 1618 4607; x_wconf 92' lang='lat' dir='ltr'><strong>boc</strong></span> <span class='ocrx_word' id='word_1_437' title='bbox 1630 4567 1735 4612; x_wconf 88' lang='lat' dir='ltr'><strong>recens</strong></span> <span class='ocrx_word' id='word_1_438' title='bbox 1748 4556 1806 4620; x_wconf 85' lang='lat' dir='ltr'><strong>est;</strong></span> 
     </span>
     <span class='ocr_line' id='line_1_47' title="bbox 115 4616 1509 4694; baseline -0.006 -13"><span class='ocrx_word' id='word_1_439' title='bbox 115 4624 218 4681; x_wconf 83' lang='lat' dir='ltr'><strong>Oritur</strong></span> <span class='ocrx_word' id='word_1_440' title='bbox 233 4625 288 4692; x_wconf 93' lang='lat' dir='ltr'><strong>sol,</strong></span> <span class='ocrx_word' id='word_1_441' title='bbox 303 4631 331 4682; x_wconf 91' lang='lat' dir='ltr'><strong>et</strong></span> <span class='ocrx_word' id='word_1_442' title='bbox 345 4626 460 4694; x_wconf 91' lang='lat' dir='ltr'><strong>occidit,</strong></span> <span class='ocrx_word' id='word_1_443' title='bbox 987 4619 1053 4676; x_wconf 84' lang='lat' dir='ltr'><strong>Jum</strong></span> <span class='ocrx_word' id='word_1_444' title='bbox 1069 4621 1149 4676; x_wconf 93' lang='lat' dir='ltr'><strong>enim</strong></span> <span class='ocrx_word' id='word_1_445' title='bbox 1165 4619 1315 4692; x_wconf 76' lang='lat' dir='ltr'><strong>precessit</strong></span> <span class='ocrx_word' id='word_1_446' title='bbox 1327 4620 1357 4675; x_wconf 90' lang='lat' dir='ltr'><strong>iu</strong></span> <span class='ocrx_word' id='word_1_447' title='bbox 1370 4616 1509 4688; x_wconf 76' lang='lat' dir='ltr'><strong>saculis3</strong></span> 
     </span>
    </p>

    <p class='ocr_par' dir='ltr' id='par_1_21' title="bbox 111 4693 1434 4843">
     <span class='ocr_line' id='line_1_48' title="bbox 146 4693 1383 4764; baseline -0.005 -12"><span class='ocrx_word' id='word_1_448' title='bbox 146 4702 174 4752; x_wconf 88' lang='lat' dir='ltr'><strong>et</strong></span> <span class='ocrx_word' id='word_1_449' title='bbox 192 4699 227 4753; x_wconf 92' lang='lat' dir='ltr'><strong>ad</strong></span> <span class='ocrx_word' id='word_1_450' title='bbox 243 4697 342 4754; x_wconf 88' lang='lat' dir='ltr'><strong>locum</strong></span> <span class='ocrx_word' id='word_1_451' title='bbox 359 4715 445 4754; x_wconf 91' lang='lat' dir='ltr'><strong>suum</strong></span> <span class='ocrx_word' id='word_1_452' title='bbox 463 4696 617 4753; x_wconf 83' lang='lat' dir='ltr'><strong>revertitur</strong></span> <span class='ocrx_word' id='word_1_453' title='bbox 633 4711 640 4750; x_wconf 91' lang='lat'>:</span> <span class='ocrx_word' id='word_1_454' title='bbox 1024 4709 1087 4764; x_wconf 73' lang='lat' dir='ltr'><strong>quse</strong></span> <span class='ocrx_word' id='word_1_455' title='bbox 1103 4693 1222 4748; x_wconf 86' lang='lat' dir='ltr'><strong>luerunt</strong></span> <span class='ocrx_word' id='word_1_456' title='bbox 1236 4696 1303 4747; x_wconf 85' lang='lat' dir='ltr'><strong>ante</strong></span> <span class='ocrx_word' id='word_1_457' title='bbox 1318 4705 1383 4757; x_wconf 88' lang='lat' dir='ltr'><strong>nos,</strong></span> 
     </span>
     <span class='ocr_line' id='line_1_49' title="bbox 111 4760 1434 4843; baseline -0.008 -17"><span class='ocrx_word' id='word_1_458' title='bbox 111 4767 214 4840; x_wconf 89' lang='lat' dir='ltr'><strong>Ibique</strong></span> <span class='ocrx_word' id='word_1_459' title='bbox 230 4784 399 4840; x_wconf 85' lang='lat' dir='ltr'><strong>renascens,</strong></span> <span class='ocrx_word' id='word_1_460' title='bbox 415 4777 498 4843; x_wconf 59' lang='lat' dir='ltr'><strong>ggrrat</strong></span> <span class='ocrx_word' id='word_1_461' title='bbox 511 4784 561 4839; x_wconf 86' lang='lat' dir='ltr'><strong>per</strong></span> <span class='ocrx_word' id='word_1_462' title='bbox 577 4766 743 4834; x_wconf 88' lang='lat' dir='ltr'><strong>meridiem,</strong></span> <span class='ocrx_word' id='word_1_463' title='bbox 988 4761 1052 4820; x_wconf 92' lang='lat' dir='ltr'><strong>Nou</strong></span> <span class='ocrx_word' id='word_1_464' title='bbox 1068 4769 1113 4820; x_wconf 89' lang='lat' dir='ltr'><strong>est</strong></span> <span class='ocrx_word' id='word_1_465' title='bbox 1127 4764 1259 4835; x_wconf 88' lang='lat' dir='ltr'><strong>priorum</strong></span> <span class='ocrx_word' id='word_1_466' title='bbox 1270 4760 1434 4818; x_wconf 85' lang='lat' dir='ltr'><strong>memoria:</strong></span> 
     </span>
    </p>

    <p class='ocr_par' dir='ltr' id='par_1_22' title="bbox 112 4832 1806 4983">
     <span class='ocr_line' id='line_1_50' title="bbox 147 4832 1806 4914; baseline -0.002 -17"><span class='ocrx_word' id='word_1_467' title='bbox 147 4846 177 4897; x_wconf 88' lang='lat' dir='ltr'><strong>et</strong></span> <span class='ocrx_word' id='word_1_468' title='bbox 191 4841 320 4896; x_wconf 78' lang='lat' dir='ltr'><strong>flectitur</strong></span> <span class='ocrx_word' id='word_1_469' title='bbox 335 4842 370 4898; x_wconf 89' lang='lat' dir='ltr'><strong>ad</strong></span> <span class='ocrx_word' id='word_1_470' title='bbox 385 4841 554 4914; x_wconf 87' lang='lat' dir='ltr'><strong>aquilonum</strong></span> <span class='ocrx_word' id='word_1_471' title='bbox 571 4857 577 4895; x_wconf 95' lang='lat'><strong>:</strong></span> <span class='ocrx_word' id='word_1_472' title='bbox 1023 4836 1073 4891; x_wconf 89' lang='lat' dir='ltr'><strong>sed</strong></span> <span class='ocrx_word' id='word_1_473' title='bbox 1089 4852 1142 4891; x_wconf 89' lang='lat' dir='ltr'><strong>nec</strong></span> <span class='ocrx_word' id='word_1_474' title='bbox 1157 4851 1259 4892; x_wconf 87' lang='lat' dir='ltr'><strong>eorum</strong></span> <span class='ocrx_word' id='word_1_475' title='bbox 1276 4832 1408 4906; x_wconf 89' lang='lat' dir='ltr'><strong>quidem,</strong></span> <span class='ocrx_word' id='word_1_476' title='bbox 1420 4848 1484 4905; x_wconf 81' lang='lat' dir='ltr'><strong>quo</strong></span> <span class='ocrx_word' id='word_1_477' title='bbox 1495 4836 1600 4907; x_wconf 86' lang='lat' dir='ltr'><strong>postea</strong></span> <span class='ocrx_word' id='word_1_478' title='bbox 1614 4836 1719 4896; x_wconf 84' lang='lat' dir='ltr'><strong>lutura</strong></span> <span class='ocrx_word' id='word_1_479' title='bbox 1732 4842 1806 4903; x_wconf 87' lang='lat' dir='ltr'><strong>sunt,</strong></span> 
     </span>
     <span class='ocr_line' id='line_1_51' title="bbox 112 4906 1420 4983; baseline -0.005 -17"><span class='ocrx_word' id='word_1_480' title='bbox 112 4915 255 4969; x_wconf 86' lang='lat' dir='ltr'><strong>Lustrons</strong></span> <span class='ocrx_word' id='word_1_481' title='bbox 271 4913 408 4970; x_wconf 81' lang='lat' dir='ltr'><strong>universa</strong></span> <span class='ocrx_word' id='word_1_482' title='bbox 423 4914 452 4967; x_wconf 93' lang='lat' dir='ltr'><strong>in</strong></span> <span class='ocrx_word' id='word_1_483' title='bbox 468 4912 593 4969; x_wconf 88' lang='lat' dir='ltr'><strong>cireuitu</strong></span> <span class='ocrx_word' id='word_1_484' title='bbox 604 4909 700 4982; x_wconf 88' lang='lat' dir='ltr'><strong>pergit</strong></span> <span class='ocrx_word' id='word_1_485' title='bbox 712 4908 845 4983; x_wconf 87' lang='lat' dir='ltr'><strong>spiritus,</strong></span> <span class='ocrx_word' id='word_1_486' title='bbox 1023 4907 1079 4962; x_wconf 87' lang='lat' dir='ltr'><strong>erit</strong></span> <span class='ocrx_word' id='word_1_487' title='bbox 1094 4906 1257 4963; x_wconf 90' lang='lat' dir='ltr'><strong>recordatio</strong></span> <span class='ocrx_word' id='word_1_488' title='bbox 1270 4907 1347 4978; x_wconf 87' lang='lat' dir='ltr'><strong>apud</strong></span> <span class='ocrx_word' id='word_1_489' title='bbox 1359 4920 1420 4973; x_wconf 84' lang='lat' dir='ltr'><strong>eos,</strong></span> 
     </span>
    </p>

    <p class='ocr_par' dir='ltr' id='par_1_23' title="bbox 111 4975 1543 5149">
     <span class='ocr_line' id='line_1_52' title="bbox 147 4975 1497 5055; baseline -0.004 -16"><span class='ocrx_word' id='word_1_490' title='bbox 147 4988 176 5040; x_wconf 83' lang='lat' dir='ltr'><strong>st</strong></span> <span class='ocrx_word' id='word_1_491' title='bbox 192 4986 222 5041; x_wconf 92' lang='lat' dir='ltr'><strong>in</strong></span> <span class='ocrx_word' id='word_1_492' title='bbox 238 4984 364 5042; x_wconf 87' lang='lat' dir='ltr'><strong>circulos</strong></span> <span class='ocrx_word' id='word_1_493' title='bbox 380 5001 450 5041; x_wconf 88' lang='lat' dir='ltr'><strong>suos</strong></span> <span class='ocrx_word' id='word_1_494' title='bbox 465 4985 640 5055; x_wconf 88' lang='lat' dir='ltr'><strong>regreditur,</strong></span> <span class='ocrx_word' id='word_1_495' title='bbox 1023 4978 1074 5051; x_wconf 89' lang='lat' dir='ltr'><strong>qui</strong></span> <span class='ocrx_word' id='word_1_496' title='bbox 1089 4978 1181 5036; x_wconf 84' lang='lat' dir='ltr'><strong>futuri</strong></span> <span class='ocrx_word' id='word_1_497' title='bbox 1196 4982 1268 5036; x_wconf 89' lang='lat' dir='ltr'><strong>sunt</strong></span> <span class='ocrx_word' id='word_1_498' title='bbox 1281 4977 1312 5034; x_wconf 92' lang='lat' dir='ltr'><strong>in</strong></span> <span class='ocrx_word' id='word_1_499' title='bbox 1325 4975 1497 5034; x_wconf 85' lang='lat' dir='ltr'><strong>novissimo.</strong></span> 
     </span>
     <span class='ocr_line' id='line_1_53' title="bbox 111 5054 1543 5149; baseline -0.005 -37"><span class='ocrx_word' id='word_1_500' title='bbox 111 5054 218 5112; x_wconf 88' lang='lat' dir='ltr'><strong>Omnia</strong></span> <span class='ocrx_word' id='word_1_501' title='bbox 232 5056 355 5114; x_wconf 86' lang='lat' dir='ltr'><strong>flumina</strong></span> <span class='ocrx_word' id='word_1_502' title='bbox 370 5057 482 5112; x_wconf 87' lang='lat' dir='ltr'><strong>iutrant</strong></span> <span class='ocrx_word' id='word_1_503' title='bbox 496 5056 525 5112; x_wconf 94' lang='lat' dir='ltr'><strong>in</strong></span> <span class='ocrx_word' id='word_1_504' title='bbox 542 5071 633 5123; x_wconf 91' lang='lat' dir='ltr'><strong>mare,</strong></span> <span class='ocrx_word' id='word_1_505' title='bbox 1253 5093 1313 5149; x_wconf 64' lang='lat' dir='ltr'><strong>EGO</strong></span> <span class='ocrx_word' id='word_1_506' title='bbox 1336 5079 1543 5149; x_wconf 56' lang='lat' dir='ltr'><strong>mmmmm</strong></span> 
     </span>
    </p>
   </div>
   <div class='ocr_carea' id='block_1_15' title="bbox 107 5128 1470 5266">
    <p class='ocr_par' dir='ltr' id='par_1_24' title="bbox 107 5128 1470 5266">
     <span class='ocr_line' id='line_1_54' title="bbox 146 5128 530 5186; baseline -0.005 -2"><span class='ocrx_word' id='word_1_507' title='bbox 146 5133 176 5184; x_wconf 93' lang='lat' dir='ltr'><strong>et</strong></span> <span class='ocrx_word' id='word_1_508' title='bbox 189 5145 272 5185; x_wconf 87' lang='lat' dir='ltr'><strong>mare</strong></span> <span class='ocrx_word' id='word_1_509' title='bbox 286 5146 343 5186; x_wconf 91' lang='lat' dir='ltr'><strong>non</strong></span> <span class='ocrx_word' id='word_1_510' title='bbox 360 5128 507 5186; x_wconf 90' lang='lat' dir='ltr'><strong>redundat</strong></span> <span class='ocrx_word' id='word_1_511' title='bbox 523 5143 530 5183; x_wconf 91' lang='lat'>:</span> 
     </span>
     <span class='ocr_line' id='line_1_55' title="bbox 107 5187 1470 5266; baseline -0.007 -11"><span class='ocrx_word' id='word_1_512' title='bbox 107 5200 150 5255; x_wconf 88' lang='lat' dir='ltr'><strong>Ad</strong></span> <span class='ocrx_word' id='word_1_513' title='bbox 167 5199 274 5266; x_wconf 88' lang='lat' dir='ltr'><strong>locum,</strong></span> <span class='ocrx_word' id='word_1_514' title='bbox 292 5202 370 5258; x_wconf 90' lang='lat' dir='ltr'><strong>unde</strong></span> <span class='ocrx_word' id='word_1_515' title='bbox 385 5204 491 5258; x_wconf 85' lang='lat' dir='ltr'><strong>exeunt</strong></span> <span class='ocrx_word' id='word_1_516' title='bbox 506 5197 639 5266; x_wconf 86' lang='lat' dir='ltr'><strong>flumina,</strong></span> <span class='ocrx_word' id='word_1_517' title='bbox 654 5195 852 5264; x_wconf 85' lang='lat' dir='ltr'><strong>revertuntur,</strong></span> <span class='ocrx_word' id='word_1_518' title='bbox 1023 5190 1066 5248; x_wconf 85' lang='lat' dir='ltr'><strong>lui</strong></span> <span class='ocrx_word' id='word_1_519' title='bbox 1083 5205 1133 5248; x_wconf 81' lang='lat' dir='ltr'><strong>rex</strong></span> <span class='ocrx_word' id='word_1_520' title='bbox 1148 5190 1238 5249; x_wconf 90' lang='lat' dir='ltr'><strong>lsrael</strong></span> <span class='ocrx_word' id='word_1_521' title='bbox 1251 5190 1282 5246; x_wconf 91' lang='lat' dir='ltr'><strong>in</strong></span> <span class='ocrx_word' id='word_1_522' title='bbox 1295 5187 1470 5247; x_wconf 80' lang='lat' dir='ltr'><strong>ierusalem.</strong></span> 
     </span>
    </p>
   </div>
   <div class='ocr_carea' id='block_1_16' title="bbox 145 5262 1570 5336">
    <p class='ocr_par' dir='ltr' id='par_1_25' title="bbox 145 5262 1570 5336">
     <span class='ocr_line' id='line_1_56' title="bbox 145 5262 1570 5336; baseline -0.004 -10"><span class='ocrx_word' id='word_1_523' title='bbox 145 5276 178 5327; x_wconf 91' lang='lat' dir='ltr'><strong>ut</strong></span> <span class='ocrx_word' id='word_1_524' title='bbox 193 5273 300 5329; x_wconf 87' lang='lat' dir='ltr'><strong>iterum</strong></span> <span class='ocrx_word' id='word_1_525' title='bbox 318 5274 421 5329; x_wconf 89' lang='lat' dir='ltr'><strong>ssuant.</strong></span> <span class='ocrx_word' id='word_1_526' title='bbox 986 5266 1018 5319; x_wconf 79' lang='lat' dir='ltr'><strong>ut</strong></span> <span class='ocrx_word' id='word_1_527' title='bbox 1033 5264 1172 5336; x_wconf 86' lang='lat' dir='ltr'><strong>proposui</strong></span> <span class='ocrx_word' id='word_1_528' title='bbox 1187 5262 1217 5320; x_wconf 95' lang='lat' dir='ltr'><strong>in</strong></span> <span class='ocrx_word' id='word_1_529' title='bbox 1234 5263 1332 5319; x_wconf 86' lang='lat' dir='ltr'><strong>animo</strong></span> <span class='ocrx_word' id='word_1_530' title='bbox 1356 5277 1420 5319; x_wconf 88' lang='lat' dir='ltr'><strong>mee</strong></span> <span class='ocrx_word' id='word_1_531' title='bbox 1435 5277 1570 5334; x_wconf 81' lang='lat' dir='ltr'><strong>quaerere</strong></span> 
     </span>
    </p>
   </div>
   <div class='ocr_carea' id='block_1_17' title="bbox 109 5334 1550 5487">
    <p class='ocr_par' dir='ltr' id='par_1_26' title="bbox 109 5334 1550 5487">
     <span class='ocr_line' id='line_1_57' title="bbox 109 5334 1405 5406; baseline -0.006 -9"><span class='ocrx_word' id='word_1_532' title='bbox 109 5341 228 5401; x_wconf 76' lang='lat' dir='ltr'><strong>Cunctas</strong></span> <span class='ocrx_word' id='word_1_533' title='bbox 242 5362 289 5401; x_wconf 88' lang='lat' dir='ltr'><strong>res</strong></span> <span class='ocrx_word' id='word_1_534' title='bbox 304 5345 446 5401; x_wconf 87' lang='lat' dir='ltr'><strong>dillacilos</strong></span> <span class='ocrx_word' id='word_1_535' title='bbox 463 5360 469 5399; x_wconf 95' lang='lat'><strong>:</strong></span> <span class='ocrx_word' id='word_1_536' title='bbox 1021 5342 1050 5391; x_wconf 88' lang='lat' dir='ltr'><strong>et</strong></span> <span class='ocrx_word' id='word_1_537' title='bbox 1066 5335 1241 5403; x_wconf 85' lang='lat' dir='ltr'><strong>investigare</strong></span> <span class='ocrx_word' id='word_1_538' title='bbox 1257 5334 1405 5406; x_wconf 86' lang='lat' dir='ltr'><strong>sapienter</strong></span> 
     </span>
     <span class='ocr_line' id='line_1_58' title="bbox 145 5403 1550 5487; baseline -0.006 -18"><span class='ocrx_word' id='word_1_539' title='bbox 145 5432 202 5470; x_wconf 89' lang='lat' dir='ltr'><strong>non</strong></span> <span class='ocrx_word' id='word_1_540' title='bbox 219 5421 315 5487; x_wconf 83' lang='lat' dir='ltr'><strong>potest</strong></span> <span class='ocrx_word' id='word_1_541' title='bbox 330 5434 379 5474; x_wconf 89' lang='lat' dir='ltr'><strong>eas</strong></span> <span class='ocrx_word' id='word_1_542' title='bbox 394 5417 482 5472; x_wconf 88' lang='lat' dir='ltr'><strong>borno</strong></span> <span class='ocrx_word' id='word_1_543' title='bbox 498 5412 643 5487; x_wconf 83' lang='lat' dir='ltr'><strong>explicare</strong></span> <span class='ocrx_word' id='word_1_544' title='bbox 662 5423 807 5468; x_wconf 88' lang='lat' dir='ltr'><strong>sermone.</strong></span> <span class='ocrx_word' id='word_1_545' title='bbox 1021 5409 1056 5462; x_wconf 88' lang='lat' dir='ltr'><strong>do</strong></span> <span class='ocrx_word' id='word_1_546' title='bbox 1072 5408 1208 5463; x_wconf 89' lang='lat' dir='ltr'><strong>omnibus</strong></span> <span class='ocrx_word' id='word_1_547' title='bbox 1224 5423 1289 5479; x_wconf 82' lang='lat' dir='ltr'><strong>quas</strong></span> <span class='ocrx_word' id='word_1_548' title='bbox 1313 5406 1389 5461; x_wconf 83' lang='lat' dir='ltr'><strong>bunt</strong></span> <span class='ocrx_word' id='word_1_549' title='bbox 1404 5405 1459 5461; x_wconf 91' lang='lat' dir='ltr'><strong>sub</strong></span> <span class='ocrx_word' id='word_1_550' title='bbox 1476 5403 1550 5460; x_wconf 88' lang='lat' dir='ltr'><strong>sole.</strong></span> 
     </span>
    </p>
   </div>
   <div class='ocr_carea' id='block_1_18' title="bbox 15 5475 1808 5553">
    <p class='ocr_par' dir='ltr' id='par_1_27' title="bbox 15 5475 1808 5553">
     <span class='ocr_line' id='line_1_59' title="bbox 15 5475 1808 5553; baseline 0.006 -24"><span class='ocrx_word' id='word_1_551' title='bbox 15 5522 18 5529; x_wconf 94' lang='lat'><em>.</em></span> <span class='ocrx_word' id='word_1_552' title='bbox 109 5482 172 5540; x_wconf 75' lang='lat' dir='ltr'><strong>Non</strong></span> <span class='ocrx_word' id='word_1_553' title='bbox 188 5491 340 5544; x_wconf 54' lang='lat' dir='ltr'><strong>saturatur</strong></span> <span class='ocrx_word' id='word_1_554' title='bbox 353 5489 458 5545; x_wconf 61' lang='lat' dir='ltr'><strong>oculus</strong></span> <span class='ocrx_word' id='word_1_555' title='bbox 471 5487 548 5553; x_wconf 64' lang='lat' dir='ltr'><strong>visu,</strong></span> <span class='ocrx_word' id='word_1_556' title='bbox 986 5479 1065 5535; x_wconf 83' lang='lat' dir='ltr'><strong>Hanc</strong></span> <span class='ocrx_word' id='word_1_557' title='bbox 1080 5477 1302 5553; x_wconf 86' lang='lat' dir='ltr'><strong>occupationem</strong></span> <span class='ocrx_word' id='word_1_558' title='bbox 1318 5475 1479 5550; x_wconf 86' lang='lat' dir='ltr'><strong>pessimam</strong></span> <span class='ocrx_word' id='word_1_559' title='bbox 1494 5476 1579 5537; x_wconf 89' lang='lat' dir='ltr'><strong>dedit</strong></span> <span class='ocrx_word' id='word_1_560' title='bbox 1592 5483 1676 5540; x_wconf 83' lang='lat' dir='ltr'><strong>Deus</strong></span> <span class='ocrx_word' id='word_1_561' title='bbox 1690 5481 1808 5541; x_wconf 87' lang='lat' dir='ltr'><strong>liliisbo·</strong></span> 
     </span>
    </p>
   </div>
   <div class='ocr_carea' id='block_1_19' title="bbox 144 5551 1186 5634">
    <p class='ocr_par' dir='ltr' id='par_1_28' title="bbox 144 5551 1186 5634">
     <span class='ocr_line' id='line_1_60' title="bbox 144 5551 1186 5634; baseline 0.006 -22"><span class='ocrx_word' id='word_1_562' title='bbox 144 5571 199 5614; x_wconf 88' lang='lat' dir='ltr'><strong>neu</strong></span> <span class='ocrx_word' id='word_1_563' title='bbox 214 5561 294 5616; x_wconf 79' lang='lat' dir='ltr'><strong>aurIa</strong></span> <span class='ocrx_word' id='word_1_564' title='bbox 311 5560 450 5634; x_wconf 89' lang='lat' dir='ltr'><strong>impletur</strong></span> <span class='ocrx_word' id='word_1_565' title='bbox 466 5557 581 5615; x_wconf 88' lang='lat' dir='ltr'><strong>auditu.</strong></span> <span class='ocrx_word' id='word_1_566' title='bbox 1058 5551 1186 5619; x_wconf 81' lang='lat' dir='ltr'><strong>minum.</strong></span> 
     </span>
    </p>
   </div>
   <div class='ocr_carea' id='block_1_20' title="bbox 106 5675 1806 5831">
    <p class='ocr_par' dir='ltr' id='par_1_29' title="bbox 106 5675 1806 5831">
     <span class='ocr_line' id='line_1_61' title="bbox 139 5675 1806 5761; baseline 0.021 -30"><span class='ocrx_word' id='word_1_567' title='bbox 139 5679 207 5761; x_wconf 83' lang='lat'><em>¹.¹¹¹.</em></span> <span class='ocrx_word' id='word_1_568' title='bbox 222 5686 337 5742; x_wconf 86' lang='lat' dir='ltr'><strong>cunctis</strong></span> <span class='ocrx_word' id='word_1_569' title='bbox 350 5703 422 5743; x_wconf 84' lang='lat' dir='ltr'><strong>msa.</strong></span> <span class='ocrx_word' id='word_1_570' title='bbox 440 5684 591 5743; x_wconf 87' lang='lat' dir='ltr'><strong>codicibus</strong></span> <span class='ocrx_word' id='word_1_571' title='bbox 607 5678 801 5752; x_wconf 81' lang='lat' dir='ltr'><strong>exscriptores</strong></span> <span class='ocrx_word' id='word_1_572' title='bbox 816 5680 990 5753; x_wconf 88' lang='lat' dir='ltr'><strong>posuerunt.</strong></span> <span class='ocrx_word' id='word_1_573' title='bbox 1008 5677 1095 5735; x_wconf 84' lang='lat' dir='ltr'><strong>Verbo</strong></span> <span class='ocrx_word' id='word_1_574' title='bbox 1110 5677 1293 5745; x_wconf 70' lang='lat' dir='ltr'><strong>erueremus,</strong></span> <span class='ocrx_word' id='word_1_575' title='bbox 1317 5680 1373 5734; x_wconf 88' lang='lat' dir='ltr'><strong>etc.</strong></span> <span class='ocrx_word' id='word_1_576' title='bbox 1390 5675 1476 5747; x_wconf 61' lang='lat' dir='ltr'><strong>(imi</strong></span> <span class='ocrx_word' id='word_1_577' title='bbox 1498 5676 1683 5741; x_wconf 52' lang='lat' dir='ltr'><strong>Imm</strong></span> <span class='ocrx_word' id='word_1_578' title='bbox 1708 5697 1806 5743; x_wconf 64' lang='lat'>”⁰⁰⁸³</span> 
     </span>
     <span class='ocr_line' id='line_1_62' title="bbox 106 5751 711 5831; baseline 0.023 -25"><span class='ocrx_word' id='word_1_579' title='bbox 106 5751 187 5806; x_wconf 88' lang='lat' dir='ltr'><strong>asset</strong></span> <span class='ocrx_word' id='word_1_580' title='bbox 200 5753 359 5815; x_wconf 81' lang='lat' dir='ltr'><strong>inflexibile</strong></span> <span class='ocrx_word' id='word_1_581' title='bbox 373 5765 424 5816; x_wconf 85' lang='lat' dir='ltr'><strong>eut</strong></span> <span class='ocrx_word' id='word_1_582' title='bbox 437 5758 603 5817; x_wconf 82' lang='lat' dir='ltr'><strong>Hubreum.</strong></span> <span class='ocrx_word' id='word_1_583' title='bbox 620 5755 711 5831; x_wconf 63' lang='lat' dir='ltr'><strong>Mum</strong></span> 
     </span>
    </p>
   </div>
   <div class='ocr_carea' id='block_1_21' title="bbox 0 0 1940 6119">
    <p class='ocr_par' dir='ltr' id='par_1_30' title="bbox 0 0 1940 6119">
     <span class='ocr_line' id='line_1_63' title="bbox 0 0 1940 6119; baseline 0 0"><span class='ocrx_word' id='word_1_584' title='bbox 0 0 1940 6119; x_wconf 95' lang='lat' dir='ltr'><strong> </strong></span> 
     </span>
    </p>
   </div>
  </div>
 </body>
</html>
