3870 6120
181 311 234 369 327
695 311 726 367 Β.
747 308 952 366 musonius
969 306 1100 363 ulvius
1115 305 1366 365 arundineus
1829 302 1886 360 328

179 437 288 495 ductile
299 438 414 494 deauro
429 434 636 491 mundissime.
646 433 686 490 lic
697 435 783 506 cujus
793 437 874 490 vecte
884 429 1003 501 calami,
1016 430 1045 499 Α
1059 428 1116 487 bus
1131 430 1206 498 suis,
1222 431 1573 505 capitacolumnarum,et
1583 426 1883 503 totaopsriscelatu·

180 525 295 602 scyphi,
310 524 462 599 ephaeruls
477 541 511 580 ac
527 523 590 580 lille
604 523 803 598 procedebant
815 539 822 579 :
834 538 885 579 sen
895 522 925 578 in
937 524 1002 577 utro
1057 536 1101 589 ra,
1115 526 1263 594 argentea.
1285 525 1378 594 AEque
1401 522 1438 579 ad
1466 519 1727 595 septentrionalem
1752 517 1881 592 plagam,

181 632 238 690 que
253 615 353 682 latere,
368 619 427 671 tres
443 612 549 670 calami
564 628 600 669 ex
614 618 697 686 parte
710 629 779 680 una,
795 614 825 669 et
839 615 899 668 true
914 627 949 667 ex
959 608 1002 666 al·
1057 609 1356 681 tentoria,coluvnoas,
1367 612 1514 684 basesque
1522 613 1551 668 st
1558 608 1880 683 capitaeolnmnarum,

180 709 266 773 tera;
292 711 351 760 tres
377 702 477 777 scyphi
504 703 535 759 in
551 702 637 760 nucis
664 702 784 759 modum
801 718 853 774 per
875 699 1004 757 calamos
1056 699 1189 770 ejusdem
1202 716 1359 763 mensuras.
1375 704 1404 757 st
1418 698 1525 773 operis,
1541 697 1694 757 nemetalli
1706 699 1880 755 erantlnsa

178 790 320 863 singulos,
335 789 547 865 sphaerulaque
562 788 652 847 simul
663 794 693 846 ct
708 789 770 847 lilia
782 794 812 845 et
825 792 885 845 trae
899 784 1001 861 scyphi
1056 803 1124 845 vero
1140 788 1238 861 plage,
1248 805 1311 863 qne
1321 789 1508 845 Occidentem
1521 786 1650 861 respicit,
1662 786 1743 843 luere
1755 785 1883 842 tentoria

177 879 272 936 instar
286 877 372 936 nucis
383 878 413 935 in
427 879 541 936 calamo
557 878 660 946 altero,
684 877 894 952 sphaerulaeque
913 874 1002 933 simul
1056 878 1223 935 cubilorum
1238 877 1464 952 quinquaginta,
1477 876 1620 934 columne
1634 876 1735 933 decem
1748 889 1817 933 oum
1827 875 1882 932 ba·

178 972 207 1026 et
231 967 304 1026 lilio.
332 973 460 1042 AEquum
477 972 540 1026 erat
562 985 638 1043 opus
666 983 717 1025 sax
741 967 933 1033 calamorum,
951 964 1002 1038 qni
1057 967 1141 1025 sibus
1155 967 1325 1039 epicenon,
1346 972 1375 1023 st
1402 966 1499 1040 capita
1522 964 1741 1030 columnarum,
1766 967 1796 1021 st
1817 967 1882 1021 tnta

178 1058 374 1131 procedebant
389 1059 427 1115 da
438 1058 538 1132 stipite
561 1057 740 1117 candelabri.
762 1060 794 1114 In
816 1056 881 1130 ipsc
902 1059 1002 1113 autem
1056 1056 1153 1130 operis
1167 1055 1457 1130 caelatura,argentea
1471 1055 1593 1113 ¹.Porro
1603 1058 1706 1113 contra
1715 1053 1879 1123 Orientem,

63 1204 66 1209 .
179 1151 262 1204 vecte
276 1152 362 1206 erunt
371 1151 500 1221 quatuor
513 1146 615 1222 scypbi
629 1148 658 1203 in
671 1147 756 1203 nucis
767 1146 899 1215 modum,
911 1143 1003 1218 sphe·
1057 1145 1274 1219 quinquaginta
1287 1145 1454 1202 cubitorum
1470 1142 1730 1218 paravittentoria,
1741 1157 1757 1199 c
1769 1141 1882 1216 quibus

179 1235 311 1309 relnque
326 1252 379 1310 per
392 1236 524 1308 ninguine
537 1235 627 1293 simul
650 1240 680 1293 et
693 1235 767 1292 lilia.
790 1235 826 1291 lit
849 1233 1002 1308 spherulae
1056 1234 1224 1308 quindecim
1236 1235 1352 1292 cubitos
1360 1234 1566 1292 columnarum
1576 1233 1667 1291 trium
1677 1248 1746 1289 cum
1758 1232 1881 1290 basibus

182 1326 238 1382 sub
250 1326 369 1384 duobus
383 1324 506 1383 calamis
521 1343 572 1399 per
586 1324 651 1382 loca
676 1329 742 1397 trra,
759 1324 809 1398 qui
836 1323 925 1381 simul
951 1340 1003 1380 sen
1056 1325 1131 1391 suis,
1145 1341 1234 1381 unum
1249 1323 1368 1381 tenebat
1381 1323 1471 1393 latus,
1486 1327 1517 1380 et
1530 1323 1560 1378 in
1583 1325 1667 1395 parte
1691 1320 1786 1378 altera
1808 1320 1880 1394 quia

180 1416 256 1472 liunt
270 1415 375 1472 calami
391 1416 583 1489 procedentes
598 1417 634 1472 de
648 1420 730 1472 vecte
755 1431 823 1471 uno.
848 1418 883 1470 et
906 1413 1002 1487 sphae-
1057 1418 1181 1486 utraque
1204 1413 1358 1470 introitum
1383 1410 1567 1469 tabernaculi
1580 1410 1652 1467 lacit
1668 1410 1691 1481 ¹)
1706 1408 1878 1482 quindecim

182 1505 251 1561 sule
266 1504 369 1577 igitur,
380 1510 410 1561 st
421 1504 528 1562 calami
543 1522 578 1562 ex
593 1506 658 1578 ipsu
673 1508 767 1575 erant,
783 1504 922 1561 universa
945 1502 1002 1559 du·
1025 1573 1027 1577 Ι
1056 1519 1139 1576 seque
1152 1503 1319 1559 cubitorum
1330 1506 1416 1560 erant
1430 1500 1568 1567 tentoria,
1584 1499 1728 1556 columnae
1752 1503 1827 1567 tres,
1850 1502 1880 1555 st

182 1592 262 1650 utilia
274 1610 309 1650 ex
323 1610 394 1651 auro
409 1594 581 1667 purissimo.
596 1594 675 1650 Fecit
690 1598 720 1650 et
735 1592 870 1650 lucernas
890 1600 1001 1664 septem
1056 1596 1142 1653 bases
1157 1594 1290 1652 totidem.
1305 1596 1416 1651 Cuncta
1430 1592 1496 1649 atrii
1512 1590 1638 1648 tentoria
1654 1590 1762 1663 byssus
1771 1592 1881 1646 retorta

182 1699 250 1740 cum
266 1681 458 1741 emunctoriis
473 1682 546 1753 suis,
561 1688 684 1752 alvena,
709 1682 759 1739 ubi
775 1699 839 1754 qnae
863 1685 1002 1739 emuncta
1056 1688 1198 1744 texuerat.
1215 1684 1300 1740 Basee
1323 1681 1530 1738 columnarum
1555 1680 1635 1737 luere
1658 1694 1756 1745 enen,
1780 1676 1880 1750 capita

179 1776 251 1830 sunt
263 1772 499 1845 exstinguantur,
515 1773 551 1830 de
570 1789 643 1830 auro
667 1771 883 1829 mundissimo:
906 1770 1000 1828 talen·
1017 1788 1041 1854 Β
1057 1778 1156 1832 antem
1170 1789 1271 1831 earum
1288 1787 1354 1828 cum
1379 1768 1472 1845 [l’atp.
1487 1768 1551 1826 cdd.
1578 1766 1704 1839 cunctis]
1729 1765 1879 1824 celaturis

60 1938 63 1943 Ι
180 1865 244 1919 tum
257 1861 324 1918 anri
340 1861 526 1936 appendebat
539 1861 749 1919 candelabrum
769 1878 837 1919 cum
859 1861 1000 1919 omnibus
1056 1864 1120 1922 suis
1133 1866 1269 1936 argentea
1282 1881 1290 1932 3
1306 1860 1358 1918 sad
1368 1862 1397 1916 et
1410 1859 1490 1932 ipsas
1505 1857 1660 1916 columnae
1674 1855 1743 1913 atrii
1757 1853 1875 1913 vestivit

177 1951 257 2008 vasis
272 1950 344 2008 suis.
354 1951 465 2008 Fecitcl
475 1950 568 2008 altere
578 1948 780 2024 thymiamatis
789 1952 825 2007 de
836 1950 923 2019 lignis
938 1954 999 2007 set·
1055 1960 1187 2026 argento.
1204 1954 1237 2007 et
1251 1949 1281 2007 in
1296 1949 1419 2006 introitu
1434 1948 1498 2021 ejus
1524 1961 1611 2019 opere
1639 1944 1786 2019 plumario
1812 1943 1882 2001 iecit

178 2040 243 2109 tim,
259 2040 372 2096 babens
389 2055 441 2113 per
456 2040 599 2112 quadrum
621 2039 756 2113 singulos
780 2039 906 2109 cubitos,
927 2043 956 2096 st
970 2039 1000 2097 in
1054 2040 1215 2098 tentorium
1239 2055 1275 2096 ex
1298 2036 1469 2109 hyacintho,
1491 2052 1631 2110 purpura,
1656 2031 1831 2100 vermiculo,
1846 2047 1880 2090 ac

179 2127 335 2185 altitudine
350 2128 439 2201 [l'alp.
457 2127 625 2202 latitudine]
642 2130 735 2186 duce:
756 2144 772 2186 s
787 2129 873 2201 quue
884 2128 1002 2201 angulis
1055 2133 1143 2204 bysso
1157 2132 1277 2197 retorta,
1292 2126 1371 2200 qnod
1382 2123 1623 2197 habebatviginti
1646 2122 1763 2180 cubitos
1773 2121 1804 2179 in
1816 2121 1879 2179 lon·

179 2217 377 2289 procedebant
390 2232 511 2273 cornua.
521 2216 701 2291 vestivitque
711 2216 784 2275 illud
795 2234 866 2276 auro
876 2217 1001 2291 purisei·
1055 2219 1208 2296 gitudine;
1226 2216 1351 2275 altitudo
1366 2232 1433 2272 vero
1453 2214 1586 2288 quinque
1610 2211 1778 2271 cubitorum
1804 2214 1879 2281 arat,

181 2321 239 2374 mo,
255 2322 322 2362 cnm
337 2304 479 2363 craticula
494 2322 527 2362 ac
542 2306 704 2380 parietibus
718 2305 1002 2364 etccrnibus.Fecit·
1051 2313 1136 2384 juxta
1150 2325 1332 2378 mensuram,
1348 2323 1438 2380 quam
1454 2310 1563 2364 cuncta
1576 2302 1643 2361 atrii
1653 2302 1879 2360 habebantten·

178 2409 245 2466 *qne
271 2394 297 2451 ei
321 2410 459 2451 coronam
485 2395 635 2453 aureolam
660 2412 713 2470 per
740 2400 899 2469 gyrum‚et
926 2397 1002 2454 duos
1054 2400 1141 2457 teria.
1157 2397 1305 2456 Columnas
1320 2400 1419 2454 antem
1434 2395 1464 2450 in
1485 2394 1623 2467 ingressu
1648 2392 1731 2448 luere
1753 2393 1885 2463 quatuor

186 2483 313 2540 annulos
329 2500 434 2542 aureos
445 2485 501 2542 sub
522 2502 629 2543 corona
643 2502 695 2559 per
707 2485 824 2559 singula
837 2485 948 2557 latera,
970 2489 1004 2542 ut
1055 2504 1122 2545 cum
1138 2486 1261 2545 basibus
1278 2484 1378 2556 aneis,
1393 2483 1546 2556 capitaque
1560 2496 1663 2538 carum
1683 2484 1713 2536 et
1736 2478 1883 2537 wintonae

182 2572 338 2628 mittantur
353 2572 384 2628 in
399 2588 450 2630 soe
465 2578 571 2640 vectes,
596 2579 626 2630 et
649 2573 744 2647 possit
766 2574 856 2632 altare
879 2575 1000 2648 portari.
1056 2574 1346 2650 argenleoe.Paxillos
1359 2586 1477 2647 quoque
1490 2568 1672 2629 tabernaculi
1685 2572 1716 2626 st
1736 2567 1804 2625 atrii
1829 2583 1884 2641 par

180 2664 263 2734 ipsos
274 2665 373 2719 autem
388 2666 483 2720 vectes
497 2663 565 2720 lecit
576 2664 613 2721 de
626 2661 715 2737 lignis
728 2663 837 2733 sellim,
852 2665 1002 2735 stupernit
1056 2682 1161 2741 gyrum
1177 2664 1245 2722 lecit
1258 2679 1364 2721 cocus.
1379 2667 1447 2719 Hoc
1461 2665 1533 2719 sunt
1544 2657 1885 2717 instrumentatabsrna·

180 2748 299 2807 laminis
314 2750 422 2807 aureis.
437 2752 608 2825 composuit
622 2757 652 2808 et
670 2753 767 2811 oleum
782 2754 818 2809 ad
833 2753 1002 2810 sanctitica-
1056 2752 1524 2825 culiteetimonii,qussnnmerata
1534 2749 1691 2820 euntjnxta
1702 2749 1882 2820 preceptum

181 2838 270 2896 tionis
299 2844 496 2912 unguentum,
517 2846 545 2898 el
573 2841 736 2916 thymiama
761 2843 797 2899 de
821 2841 1002 2899 aromatibus
1056 2847 1126 2901 licei
1141 2845 1170 2901 in
1187 2841 1368 2900 ceremoniis
1378 2840 1545 2898 Levitarum
1561 2855 1614 2912 per
1623 2852 1742 2895 manum
1752 2834 1884 2893 ithamar

26 2902 31 2909 ¹
55 2996 58 3001 ¹
180 2927 400 2997 mundissimis,
416 2945 502 3002 opcre
518 2930 717 3003 pigmentarii.
1057 2934 1108 2991 filii
1120 2939 1216 2990 Aaron
1232 2930 1410 2990 sacerdotis:
1426 2945 1491 3001 qun
1506 2925 1634 2985 Basslasl
1648 2925 1727 2982 illins
1750 2923 1802 2983 Uri
1826 2921 1882 2980 lilii

178 3042 181 3046 ⁴
217 3016 294 3089 [l’np.
319 3016 477 3090 xxxvdil
508 3019 630 3076 l’ccitst
658 3019 749 3077 altare
780 3019 942 3078 holocausti
967 3020 1004 3079 de
1058 3028 1119 3080 Har
1134 3020 1257 3079 detribu
1280 3020 1369 3087 duda,
1393 3018 1515 3075 Domino
1540 3033 1592 3086 per
1619 3015 1721 3074 Mosen
1739 3012 1880 3087 jubente,

182 3104 272 3178 lignis
287 3107 535 3180 settim,quinque
549 3108 716 3166 cubitorum
732 3126 784 3181 per
799 3111 956 3182 quadrum,
974 3113 1003 3167 st
1057 3101 1880 3185 compleveratdunctusibisccioOcliablllicbhisamacb

181 3193 270 3250 trium
284 3191 314 3249 in
330 3192 487 3252 altitudine
498 3196 583 3267 cnjus
598 3212 709 3254 cornua
724 3197 760 3255 ds
774 3156 1039 3272 ungulisproce·G
1058 3199 1186 3258 detribu
1202 3197 1264 3255 Dan
1281 3214 1288 3254 :
1305 3196 1356 3269 qui
1371 3199 1399 3252 et
1411 3195 1474 3268 ipse
1493 3194 1598 3250 artilex
1620 3192 1773 3267 lignorum
1795 3205 1881 3264 egra·

184 3282 294 3339 dabant
311 3298 317 3338 :
335 3283 509 3357 operuitque
520 3283 592 3341 illud
607 3284 695 3342 eneis
710 3284 838 3342 laminis.
850 3287 921 3343 Elin
934 3303 1005 3344 usus
1058 3289 1126 3364 gius
1142 3288 1207 3356 luit,
1222 3291 1252 3345 et
1267 3284 1474 3360 polymitarius
1488 3286 1579 3356 atque
1589 3281 1755 3356 plumarius
1769 3281 1885 3354 eabym

183 3370 248 3442 cjns
263 3371 375 3443 paravit
389 3387 425 3428 ex
439 3388 495 3429 ere
508 3389 579 3430 vasa
595 3372 722 3443 diversa,
736 3373 858 3443 lebetes,
869 3375 1004 3450 iureipee,
1058 3377 1169 3448 cintbo,
1185 3381 1214 3433 et
1228 3391 1359 3450 purpura
1373 3371 1534 3432 vermiculo
1547 3375 1576 3429 et
1589 3372 1688 3445 bysso.
1716 3368 1808 3427 Omns
1830 3384 1884 3425 an·

183 3459 360 3530 fuscinulae,
372 3460 497 3518 uncinos
512 3465 540 3519 et
550 3461 663 3534 ignium
674 3463 1004 3538 receptaculacrnlicu·
1058 3484 1124 3524 rum
1133 3465 1211 3539 quod
1224 3458 1752 3538 expensumeslinopsreaanctuarii,
1762 3456 1882 3531 atquod

183 3547 303 3622 lamque
317 3551 382 3621 ejus
397 3550 427 3606 in
439 3551 559 3608 modum
572 3552 719 3610 rstislecit
729 3557 892 3622 eneam,et
903 3555 1005 3611 subter
1058 3556 1186 3614 oblatam
1198 3559 1243 3612 eet
1256 3552 1287 3609 in
1301 3551 1442 3619 donariis,
1455 3548 1559 3624 viginti
1573 3564 1675 3607 novem
1700 3545 1880 3605 talentorum

184 3650 249 3693 eam
260 3636 291 3692 in
307 3635 651 3696 altariemedlcarulam.
662 3639 737 3696 lusis
748 3645 876 3713 quatuor
886 3640 1005 3698 annulis
1059 3645 1125 3711 luit,
1141 3647 1169 3701 et
1184 3642 1436 3715 septingentorum
1451 3638 1572 3712 triginta
1586 3637 1738 3704 siclorum,
1754 3637 1793 3695 ad
1804 3650 1883 3694 men·

181 3741 234 3798 per
250 3724 372 3783 totidem
389 3726 521 3784 retiaculi
537 3728 735 3799 summitates,
750 3730 786 3786 od
803 3729 1005 3789 immittendos
1059 3749 1159 3791 suram
1174 3729 1345 3789 sanctuarii.
1356 3728 1610 3786 Numeruenutsm
1619 3725 1733 3799 argenti
1743 3726 1782 3783 ds
1791 3725 1882 3783 dona·

180 3822 275 3872 vectes
290 3815 326 3871 ad
341 3816 538 3887 portandum:
555 3834 629 3890 quoe
643 3823 673 3874 ct
686 3817 767 3892 ipsus
783 3819 850 3875 lecit
864 3819 901 3875 dc
915 3818 1005 3892 lignis
1059 3823 1110 3879 riis
1127 3816 1543 3896 populicantumtalentornm
1554 3814 1672 3873 etmllls
1682 3813 1883 3888 septingento-

186 3904 299 3972 settim,
314 3908 343 3961 el
366 3905 482 3979 operuit
505 3903 624 3964 laminis
649 3907 756 3964 eneis:
781 3906 956 3981 induxitque
974 3911 1004 3966 in
1060 3928 1124 3969 rum
1141 3906 1477 3983 septuagintaquinque
1494 3905 1634 3964 siclorum
1649 3904 1686 3961 ad
1709 3916 1880 3962 mansuram

180 3992 321 4064 circulos,
336 3994 388 4066 qni
404 3994 433 4050 in
450 3994 702 4054 altnnslnleribue
712 3996 892 4055 eminebant.
905 3999 1005 4071 lpeum
1059 3999 1222 4059 sanctuarii
1238 3998 1370 4055 medium
1386 3995 1492 4053 siclum
1504 4012 1556 4069 per
1569 3994 1668 4067 cupita
1682 3991 1880 4065 singulorum.

179 4087 279 4139 autem
300 4080 393 4139 altare
409 4099 467 4140 non
483 4088 547 4141 erat
562 4083 702 4155 solidum,
718 4086 769 4143 sed
785 4102 888 4144 mvum
904 4102 939 4142 ex
957 4091 1004 4144 ta·
1059 4088 1197 4147 Oblatum
1212 4089 1257 4144 est
1272 4089 1371 4143 nutem
1387 4084 1424 4141 ab
1438 4084 1485 4141 hia
1500 4083 1551 4157 qui
1566 4080 1751 4139 transierunt
1765 4082 1802 4137 ad
1828 4094 1882 4137 nu·

180 4169 301 4239 balatis,
312 4176 341 4227 et
355 4170 436 4229 intus
459 4189 596 4230 uacuum.
620 4174 700 4231 Fecit
714 4179 743 4232 et
756 4174 871 4232 labrum
893 4190 1005 4233 eneam
1060 4194 1173 4237 merum
1188 4193 1207 4233 a
1220 4174 1324 4249 viginti
1335 4173 1457 4231 anniact
1469 4187 1571 4246 snpra,
1582 4172 1618 4229 de
1627 4168 1883 4228 sexcentistribns

180 4272 248 4314 cunr
263 4259 326 4316 basi
343 4277 397 4317 sua
411 4260 447 4317 dc
462 4261 591 4334 speculis
613 4261 783 4335 mulierum,
799 4281 864 4337 qun
879 4265 1005 4322 excuba·
1060 4266 1193 4324 millibus
1208 4269 1237 4322 ct
1260 4262 1432 4337 quingentis
1448 4259 1667 4335 quinquaginta
1690 4262 1883 4316 armatornm.
1912 4302 1917 4313 .

180 4346 252 4403 bant
267 4346 297 4402 in
313 4349 388 4405 ostio
399 4350 591 4407 ubernaculi.
609 4351 687 4408 Fecit
700 4356 729 4410 et
743 4352 863 4423 atrium,
874 4352 905 4410 in
920 4354 1007 4426 eujus
1060 4358 1191 4414 Fuerunt
1205 4357 1343 4427 praterea
1356 4355 1474 4409 centum
1490 4347 1737 4423 talentaargenti,
1749 4348 1885 4421 aquibus

179 4434 303 4492 australi
319 4435 407 4509 plaga
420 4443 505 4496 erant
519 4440 645 4497 tentoria
657 4441 692 4498 de
703 4441 791 4516 bysso
808 4447 927 4513 retorta,
952 4460 1004 4500 cn·
1059 4445 1194 4503 conllatas
1207 4446 1278 4500 eunt
1291 4443 1377 4500 bases
1393 4439 1565 4511 sanctuarii,
1580 4443 1611 4497 et
1625 4437 1827 4496 intruitnsubi
1837 4451 1886 4494 vs-

180 4523 309 4583 bitorum
325 4529 455 4597 centum,
471 4527 616 4587 columna
626 4546 711 4588 noce
726 4532 831 4605 viginti
847 4549 916 4592 cum
926 4531 1004 4590 basi·
1019 4527 1042 4594 il
1057 4535 1119 4591 lum
1134 4532 1252 4607 pendet.
1267 4534 1391 4590 centum
1406 4528 1492 4587 bases
1516 4528 1599 4587 lactas
1623 4531 1694 4585 sunt
1713 4527 1752 4585 dc
1765 4524 1885 4584 talentis

217 4704 226 4740 ¹
244 4701 324 4760 Libri
339 4721 413 4762 mss.
429 4705 528 4779 plures
542 4705 590 4764 hic
606 4708 718 4836 lefiunt,
734 4712 772 4767 Et
785 4711 876 4784 capita
898 4713 1004 4768 cctam·
1058 4712 1116 4770 auli
1129 4711 1206 4784 fecit.

180 4774 415 4834 acramrnlatec
433 4789 633 4851 urgeamus
673 4779 760 4853 longe
776 4772 896 4856 praestit
910 4784 1005 4840 adito·
1091 4776 1421 4854 ⁸lntegrumbocloco
1443 4776 1630 4834 restituimus
1646 4771 1882 4833 versiculumatl

182 4862 248 4929 rum
261 4851 289 4903 et
303 4848 428 4905 aliorum
442 4866 514 4907 mes.
531 4850 628 4920 lectio,
649 4856 683 4909 ut
698 4852 798 4911 videre
820 4859 865 4912 est
888 4871 923 4912 ex
948 4855 1006 4911 isto
1059 4854 1146 4911 fldem
1160 4851 1283 4909 canonis
1298 4850 1386 4907 liebr.
1402 4850 1485 4905 verit.
1501 4854 1530 4906 ct
1544 4847 1665 4906 alterius
1684 4842 1884 4919 manuscripti

182 4921 277 4991 capite
300 4935 418 4988 xxxvru,
445 4938 522 4977 vers.
539 4922 573 4977 10
594 4928 623 4979 st
651 4924 697 4993 17,
713 4925 764 4982 ubi
791 4928 894 4984 eadem
918 4927 1007 4983 verba
1060 4924 1170 4983 codicis
1184 4928 1213 4979 S.
1229 4920 1518 4988 GermaniaPrntis‚
1534 4935 1617 4977 nnm.
1641 4920 1669 4976 3.
1694 4917 1787 4975 Porro
1803 4914 1884 4991 qnod

183 4990 295 5062 scripta
309 4993 505 5064 reperiuntur.
522 4992 617 5050 Mane.
1062 4997 1196 5068 sequitur
1211 4992 1390 5060 immediate,
1405 4991 1532 5049 oblatum
1544 4996 1584 5049 est
1597 4999 1703 5061 nutem,
1722 4993 1802 5060 alc..
1825 5002 1885 5045 noa

218 5060 362 5119 -Verba
376 5065 486 5121 ettotnc
506 5066 717 5124 emscoelctsrn.
729 5067 1006 5142 Urbirrnsmsigno·
1061 5069 1187 5126 retertur
1202 5065 1237 5122 ad
1254 5080 1370 5135 aurum,
1387 5064 1487 5120 esdad
1503 5070 1752 5146 argenlnm,oum
1777 5074 1887 5117 numa·

183 5138 240 5201 rat,
259 5082 642 5218 proqushisbaiell'plaa.
671 5139 749 5196 eoelnt
773 5140 925 5197 duntaxat.
949 5144 1007 5196 He·
1061 5132 1753 5209 randusquilibetisraelitasolvsretdimrdinm
1765 5131 1887 5190 siclum·

183 5205 280 5288 breue
309 5206 345 5262 ad
368 5209 489 5273 terram,
514 5207 648 5280 capitello
668 5226 729 5267 cero
748 5212 941 5269 columnarum
958 5253 966 5280 ,
981 5219 1008 5268 et
1062 5213 1134 5267 ilinc
1147 5213 1269 5281 apparet
1285 5204 1419 5263 nonnihil
1430 5205 1587 5292 Scriptura
1597 5204 1738 5263 deessein
1749 5202 1889 5269 aditism

107 5296 111 5305 ·
184 5282 320 5334 cincturae
333 5293 429 5334 eornm
443 5281 529 5334 aaut
550 5294 585 5336 sn
598 5286 722 5353 arpenta.
1061 5298 1181 5339 sensum
1191 5296 1248 5336 non
1259 5293 1461 5352 unquemesse
1471 5277 1670 5335 disturbatum
1679 5276 1888 5334 utconlusnm.

214 5348 232 5431 ᾗ
248 5349 290 5432 lta
304 5365 398 5407 onnon
415 5349 565 5407 Hebraieae
580 5354 710 5409 veritatis
723 5357 752 5409 et
764 5354 848 5409 codd.
862 5371 934 5410 mss.
959 5368 1006 5409 ca·
1062 5354 1143 5420 Quod
1160 5352 1281 5437 planum
1295 5350 1351 5407 erit
1359 5349 1547 5411 contendenti
1563 5349 1639 5407 bano
1649 5348 1810 5406 editionem
1820 5361 1889 5404 cum

183 5423 360 5491 strgatrores.
376 5426 487 5479 Sensus
502 5425 548 5479 est
563 5424 641 5493 qnod
655 5423 732 5479 inter
755 5430 912 5496 utrumqne
932 5425 1009 5481 latus
1061 5424 1190 5497 vulgatis
1205 5422 1424 5495 exemplaribus
1434 5421 1608 5489 Bibliorum,
1619 5420 1670 5478 ubl
1681 5420 1889 5495 insnpcrvera.

184 5490 398 5562 columnarum,
412 5497 442 5549 et
461 5494 653 5567 pendentium
664 5494 844 5553 cortinarum
855 5496 1008 5569 ingressus
1061 5498 1097 5553 :8
1111 5503 1255 5568 arpentum
1270 5512 1321 5568 pro
1337 5512 1409 5555 euro
1426 5494 1556 5568 ponitur,
1571 5496 1599 5552 et
1613 5493 1650 5551 ds
1668 5490 1820 5549 colomnis
1842 5488 1891 5547 dt·

187 5566 249 5616 arnt
262 5561 290 5616 io
307 5564 544 5623 tabernaculum.
561 5565 655 5622 Mser.
1063 5572 1181 5632 cuntur,
1197 5583 1262 5639 qus
1277 5568 1395 5641 proprie
1410 5565 1558 5643 pertinent
1568 5565 1604 5622 nd
1620 5578 1723 5622 earum
1737 5560 1890 5637 ospitalis.

217 5660 253 5673 -
268 5633 399 5708 Vulgati,
417 5640 493 5711 Quin
503 5640 578 5695 inter
592 5643 710 5712 utruque
725 5639 870 5698 introitum
884 5642 1012 5698 tabernu-
1063 5645 1155 5698 Mser.
