3870 6120
109 252 166 310 279
627 263 657 317 S.
677 259 883 317 erratorem
901 259 1029 315 nimae
1046 258 1298 316 elsnlorflms.
1761 257 1818 315 280

106 380 560 451 etinorsillius,etostendam
584 383 760 456 vobisquid
784 383 1266 455 egerem-ADeuellebreorum
1310 382 1424 440 vocavit
1451 399 1516 450 nos,
1547 386 1580 441 ut
1606 398 1710 442 minus
1735 383 1815 443 viem

109 470 446 544 beatislpseloquetur
467 489 520 544 pro
550 477 579 528 te
593 474 628 530 ed
659 473 813 545 populum,
839 470 937 528 eterit
991 471 1081 529 trium
1096 472 1211 529 dierum
1227 473 1257 529 in
1268 472 1469 541 solitudinem,
1498 472 1817 531 etsaaritteemueoo-

113 575 146 616 os
162 566 245 616 tuum
264 576 272 614 z
289 567 319 616 tu
335 567 430 616 eutem
447 560 505 617 eris
515 561 606 635 [l'alp.
622 561 686 618 edd.
702 561 740 633 ei]
755 561 785 617 in
811 560 858 617 his
872 577 935 631 que
990 560 1071 618 mino
1084 562 1138 618 Deo
1154 566 1254 619 nostro
1271 577 1278 618 ι
1293 578 1329 618 ue
1344 563 1416 619 lorte
1431 560 1544 619 accidat
1558 561 1645 618 nobis
1656 562 1749 633 pestis
1764 569 1817 621 eut

111 648 148 704 ad
176 648 268 705 Deum
292 648 446 720 pertinent.
463 648 581 719 virgam
605 666 721 723 quoque
746 650 936 707 henosumes
989 649 1116 723 gladius.
1132 650 1179 706 Ait
1188 652 1224 707 ad
1239 667 1288 709 eos
1304 668 1354 707 rex
1380 649 1496 724 AEgypti
1512 668 1518 707 :
1533 652 1638 719 Quare,
1665 651 1764 709 Moses
1788 658 1819 710 et

115 735 329 810 [Valp..sume]
355 737 384 792 iu
414 743 581 807 manutue,
612 740 641 795 iu
670 756 731 812 que
758 739 937 795 lacturuees
990 740 1281 811 Aaron,e0llicitatis
1298 740 1486 813 populumeb
1515 739 1656 812 operibus
1671 740 1818 799 suislite

113 826 208 898 signa.
223 825 264 897 [G.
281 824 344 897 IX.]
360 825 440 883 obiit
464 827 572 895 Moses,
587 833 616 885 et
629 845 763 886 reversus
778 832 823 885 est
837 827 871 882 ed
888 827 936 884 Je-
991 826 1027 883 ed
1043 842 1132 882 onera
1143 833 1261 884 vestre:
1279 828 1415 899 Dixitque
1431 827 1563 885 l’harec:
1582 828 1751 887 Multusest
1765 847 1819 903 po·

115 914 181 969 thro
196 918 354 986 cognatum
384 916 479 989 [Vatp.
503 918 649 989 socerum]
674 933 773 987 suum,
807 916 937 988 dixitque
992 912 1079 986 pulus
1107 920 1210 972 terre:
1247 916 1352 973 videtis
1390 917 1468 989 quod
1509 917 1596 973 turbe
1619 919 1819 976 succreverit:

110 1002 297 1067 obvanam,
313 1007 341 1059 et
364 1012 494 1062 reverter
510 1007 547 1061 ad
577 1007 683 1063 iratres
715 1005 939 1078 meosinAEgy·
991 1009 1102 1075 quanto
1113 1005 1209 1076 magis
1220 1005 1244 1061 si
1260 1004 1461 1062 dederitis⁸eis
1473 1005 1604 1076 requiem
1617 1005 1654 1061 ab
1665 1005 1822 1080 operibus?

111 1096 195 1163 ptum
210 1097 242 1147 ut
255 1091 383 1161 videam,
398 1093 424 1149 si
439 1094 536 1151 adhuc
555 1097 670 1152 vivunt.
686 1095 738 1152 Cui
759 1096 801 1151 ait
813 1093 936 1151 letheo:
992 1093 1129 1164 Praecepit
1143 1109 1211 1164 ergo
1227 1095 1256 1150 in
1272 1094 1319 1150 dio
1336 1092 1389 1150 illo
1409 1092 1556 1166 praelectis
1571 1110 1694 1166 operum
1708 1101 1738 1152 et
1752 1112 1821 1153 exe·

112 1179 191 1238 Vade
202 1181 232 1236 in
244 1197 314 1253 pace
326 1182 372 1254 [T.
388 1183 438 1251 lll,
457 1187 488 1240 C.
504 1185 555 1256 X.]
573 1184 650 1240 Dixit
664 1200 732 1257 ergo
749 1183 890 1240 Dominus
900 1182 936 1239 ad
992 1179 1122 1237 ctoribus
1138 1180 1250 1253 populi,
1265 1182 1367 1238 dicens
1384 1181 1598 1255 :Nequaquam
1615 1182 1694 1240 ultre
1711 1184 1820 1241 dabitis

115 1270 215 1327 Mosen
238 1270 268 1326 in
284 1270 423 1328 Madian:
439 1272 527 1341 Vade,
540 1273 936 1345 strevertereinAEgyptum,
991 1268 1090 1341 paleas
1107 1269 1215 1342 populo
1225 1271 1261 1327 ad
1278 1269 1473 1328 conficiendos
1485 1270 1602 1342 lateres,
1618 1271 1697 1330 sicut
1710 1273 1793 1346 prius
1810 1288 1819 1332 t

115 1359 224 1415 mortui
239 1360 318 1415 enim
333 1365 404 1416 suut
419 1376 522 1417 omues
542 1361 592 1434 qui
623 1362 792 1434 querebant
806 1362 937 1417 enimam
991 1359 1043 1414 sed
1058 1358 1115 1430 ipsi
1131 1359 1248 1429 vadent,
1258 1358 1434 1433 etcolligant
1446 1358 1583 1432 stipulas.
1596 1361 1630 1416 lit
1640 1376 1813 1420 mensurans

112 1452 208 1505 tuem.
223 1447 305 1505 Tulit
314 1465 382 1522 ergo
390 1452 484 1507 llcses
492 1466 610 1508 uxorem
620 1467 718 1519 suam,
729 1454 759 1507 et
770 1449 846 1507 lilios
855 1465 936 1514 euos,
992 1445 1129 1519 laterum,
1145 1464 1220 1519 quos
1231 1448 1321 1522 [Vale.
1338 1451 1439 1521 quam]
1452 1447 1535 1521 prius
1551 1449 1711 1522 iaciebant,
1727 1451 1821 1524 impo-

113 1539 143 1592 et
155 1536 298 1608 imposuit
312 1553 362 1595 eos
376 1555 467 1611 super
481 1539 610 1608 asinum,
639 1554 833 1611 reversusque
847 1541 892 1594 est
907 1538 937 1593 in
991 1536 1068 1593 netis
1083 1552 1174 1609 super
1186 1552 1247 1607 eos,
1261 1553 1314 1594 nec
1341 1537 1481 1594 minuetis
1509 1537 1673 1610 quidquem
1688 1557 1699 1603 ‚·
1713 1543 1821 1597 vacant

111 1628 281 1698 AEgpptum,
297 1635 416 1698 portans
431 1627 544 1700 virgam
559 1628 609 1684 Dei
624 1629 757 1686 inmane
772 1626 937 1685 sue.Dixit·
991 1624 1079 1695 enim,
1094 1630 1123 1683 et
1151 1626 1260 1683 ideirco
1290 1626 1635 1696 vociferantur,dicentee
1649 1627 1770 1699 Eamus,
1788 1632 1821 1687 et

114 1729 172 1787 que
186 1714 213 1770 ei
228 1715 371 1773 Dominus
385 1717 538 1773 revertenti
559 1718 589 1773 iu
612 1717 789 1792 AEgyptum:
818 1715 891 1773 Vide
906 1720 939 1771 ut
953 1746 978 1813 B
992 1714 1195 1771 sacrificemus
1224 1715 1287 1773 Deo
1304 1720 1415 1773 nosue.
1430 1714 1642 1788 Opprimantur
1665 1717 1821 1790 operibus,

113 1803 215 1860 omnia
237 1806 363 1875 ostenta,
379 1821 443 1876 quae
459 1806 543 1878 posui
559 1805 590 1862 in
605 1821 695 1863 manu
709 1811 770 1874 tua,
781 1805 873 1863 iacias
888 1820 938 1861 co·
993 1804 1026 1860 ot
1037 1803 1172 1875 expleant
1186 1819 1231 1872 ea,
1247 1809 1280 1860 ut
1291 1820 1349 1861 non
1364 1805 1554 1877 acquiescant
1577 1805 1673 1863 verbis
1695 1807 1822 1864 mende-

115 1907 179 1948 ram
193 1891 346 1949 Pharaone
362 1910 369 1950 :
386 1908 439 1967 ego
454 1893 599 1951 indurabo
615 1909 665 1951 cor
689 1897 765 1966 eius,
781 1898 810 1951 et
822 1909 880 1951 non
894 1893 939 1949 di·
993 1891 1086 1951 cibus.
1103 1892 1196 1965 Igitur
1211 1893 1321 1965 egressi
1338 1890 1466 1965 prefecti
1480 1908 1602 1965 operum
1614 1896 1644 1949 et
1659 1898 1823 1967 exactores,

115 1982 212 2037 mittet
237 1980 389 2054 populum.
417 1982 560 2054 Dicesque
576 1983 612 2040 ed
641 1999 710 2040 eum
738 2000 746 2039 ε
775 1988 842 2041 Herc
868 1982 940 2039 dicit
995 1980 1031 2036 ed
1046 1980 1188 2055 populum
1204 1981 1341 2039 dixerunt
1357 1998 1364 2039 t
1381 1981 1427 2037 Sic
1449 1981 1522 2037 dixit
1549 1981 1661 2039 l'harao
1678 1999 1685 2038 :
1701 1981 1764 2040 Non
1781 1987 1821 2041 do

114 2069 276 2125 Dominus:
293 2069 940 2143 liliusprimogenitusmeusestlsrasl.Dixi
994 2069 1192 2142 vobispelees
1212 2069 1263 2142 ite,
1291 2074 1320 2127 et
1342 2069 1471 2143 colligite
1485 2070 1580 2127 sicubi
1613 2071 1744 2128 iuvenire
1768 2089 1824 2146 pc·

114 2156 192 2214 tibi:
209 2158 327 2214 Dimitte
347 2157 441 2215 lilium
457 2165 609 2226 meum,ut
622 2161 730 2218 serviet
745 2160 830 2230 mihi,
845 2166 874 2217 et
888 2177 940 2217 uc·
994 2158 1101 2225 teritis.
1117 2174 1171 2215 nec
1183 2161 1333 2216 minuetur
1358 2159 1521 2233 quidquem
1545 2160 1582 2216 de
1597 2176 1683 2232 opere
1711 2166 1825 2221 vostro.

111 2243 194 2303 luisti
209 2246 356 2304 dimittere
366 2264 543 2307 eum:ecce
558 2265 611 2322 ego
640 2249 815 2307 interficiam
845 2250 940 2306 lilium
994 2246 1269 2320 Dispersusqueest
1283 2248 1409 2321 populus
1423 2264 1603 2320 peromnem
1618 2257 1724 2307 terrem
1739 2254 1826 2326 AEgy·

114 2340 200 2392 tuum
216 2335 458 2409 primogenitum.
475 2337 607 2410 Cumque
629 2342 709 2396 esset
735 2340 765 2395 in
781 2339 894 2406 itinere,
910 2339 940 2394 in
994 2336 1037 2410 pti
1051 2337 1087 2393 ed
1104 2335 1284 2410 colligendas
1309 2337 1417 2409 paleas.
1441 2337 1572 2394 Praefecti
1600 2353 1717 2411 quoque
1747 2354 1824 2410 ope·

116 2423 277 2481 diversorio
292 2427 420 2482 occurrit
433 2427 458 2484 si
475 2428 627 2499 Dominus,
639 2433 668 2485 et
686 2428 941 2486 volebatoccidere
995 2440 1062 2481 rum
1077 2425 1240 2494 instabant,
1256 2426 1388 2483 cicentes
1404 2443 1412 2486 ι
1437 2425 1586 2498 Complete
1600 2442 1674 2498 opus
1688 2431 1823 2484 vestrum

118 2528 197 2570 eum.
213 2514 294 2569 Tulit
308 2513 386 2572 illico
397 2515 527 2589 sephora
552 2516 755 2574 acutissimam
775 2522 899 2590 petram,
914 2525 941 2573 et
996 2514 1272 2588 quotidia,utprius
1284 2517 1378 2572 lacere
1388 2513 1660 2589 solebatis,quendo
1672 2515 1826 2573 debentur

118 2601 304 2660 circumcidit
319 2604 494 2676 preputium
523 2604 647 2673 liliisui‚
678 2605 828 2678 tetigitque
853 2607 941 2678 pedes
995 2602 1550 2678 vobiepalee.Flagellatiquesuntqui
1573 2606 1825 2677 preerantopcri·

116 2690 311 2763 ojus,eteit:
341 2696 470 2764 Sponsus
499 2693 680 2767 sanguinum
709 2699 742 2751 tu
757 2694 885 2752 mihies.
907 2696 942 2752 lit
996 2691 1194 2749 hostiliorum
1214 2692 1823 2762 lsrael,ebexectoribusPhareonis,di·

3 2786 6 2793 '
116 2778 304 2837 dimisiteum
316 2784 941 2857 postquemdixerebsspousussenguinum,
996 2782 1153 2839 centibus:
1170 2782 1263 2847 Quare
1278 2798 1336 2839 non
1352 2781 1481 2853 impletis
1507 2797 1679 2838 mensuram
1695 2780 1825 2839 laterum

17 2930 25 2943 ⁸
117 2868 784 2944 obcircnmcisionem¹.[c.lll.]Dixitautem
799 2873 942 2929 Dominus
996 2870 1074 2927 sicut
1088 2871 1180 2942 prius,
1196 2887 1249 2927 nee
1264 2871 1328 2927 heri
1342 2887 1394 2927 nec
1410 2870 1513 2928 hodie?
1526 2870 1733 2943 veneruntque
1749 2888 1826 2945 pres·

116 2956 154 3015 ed
169 2960 265 3014 Aaron
280 2975 290 3014 :
306 2958 383 3016 liade
409 2958 439 3015 in
468 2977 622 3018 occursum
635 2963 707 3019 llosi
723 2962 753 3017 iu
781 2962 940 3017 desertum.
997 2959 1084 3030 positi
1098 2959 1226 3015 filiorum
1243 2958 1343 3026 lsrael,
1358 2965 1388 3016 ct
1401 2959 1550 3016 vociferati
1565 2964 1637 3016 sunt
1649 2959 1687 3016 ed
1698 2957 1827 3018 Pherec-

116 3044 172 3109 Oui
189 3047 316 3117 perrexit
329 3048 354 3102 ei
364 3048 482 3105 obviam
495 3049 525 3104 in
536 3049 665 3106 Mentem
678 3051 738 3120 Dei,
747 3053 777 3107 et
791 3050 942 3107 osculatus
997 3064 1063 3103 uem
1079 3047 1405 3119 dieenteszcmitaagis
1416 3053 1622 3105 contrascrvos
1631 3053 1698 3105 tuos
1709 3046 1826 3106 iPeleae

118 3139 163 3190 est
180 3149 261 3190 eum.
276 3133 469 3207 Narravitque
484 3136 580 3194 Moses
607 3145 701 3197 aaron
734 3139 835 3196 omnia
857 3102 978 3194 uerbaC
999 3152 1056 3193 non
1070 3137 1180 3193 dentur
1191 3136 1287 3205 nohis,
1311 3142 1340 3194 et
1367 3137 1473 3195 lateres
1487 3137 1625 3194 similiter
1638 3136 1829 3210 imperentur

118 3222 248 3291 Domini,
264 3222 375 3293 quibus
391 3224 512 3282 miseret
525 3242 604 3295 eum,
620 3227 809 3299 etsignaque
818 3228 944 3285 manda·
998 3241 1034 3281 en
1049 3224 1152 3282 famuli
1167 3225 1211 3282 tui
1232 3225 1356 3298 llagellis
1371 3225 1522 3296 rodimur,
1538 3230 1567 3283 et
1594 3226 1706 3299 injuste
1721 3227 1822 3299 agitem

118 3316 209 3368 voret.
226 3311 433 3384 veneruntque
447 3314 549 3384 simul,
563 3319 593 3372 et
607 3323 857 3387 congregaverunt
871 3334 943 3373 cun·
997 3319 1099 3371 contra
1122 3312 1264 3388 populum
1291 3320 1386 3372 tuom.
1407 3314 1461 3380 Qui
1478 3315 1520 3372 eit
1534 3331 1542 3371 t
1558 3314 1677 3372 venatis
1705 3315 1780 3386 otio,
1795 3320 1826 3374 et

118 3406 182 3456 etos
196 3399 327 3457 seniores
340 3401 468 3457 tiliorum
479 3403 578 3459 lsrael.
595 3403 783 3476 hocutueque
794 3409 944 3464 estAaron
998 3403 1106 3461 idcirco
1129 3403 1227 3459 dicitis
1249 3418 1257 3459 ι
1277 3403 1397 3470 Demus,
1413 3407 1442 3461 et
1470 3402 1668 3461 sacrificemus
1683 3403 1822 3463 Domino.

118 3487 220 3545 omnia
233 3489 331 3557 verbe,
353 3505 418 3561 que
439 3490 553 3548 dixerat
569 3492 710 3548 Dominus
725 3493 760 3548 ed
785 3493 895 3564 Mosen,
915 3500 945 3551 et
998 3495 1041 3549 lte
1056 3508 1135 3565 ergo,
1151 3492 1368 3564 etoperemini,
1384 3491 1472 3566 pales
1489 3509 1548 3550 non
1562 3493 1714 3549 dabuntur
1730 3493 1828 3563 vobis,

119 3575 189 3633 fecit
206 3575 291 3649 signe
305 3593 403 3635 coram
415 3578 536 3651 populo,
551 3586 580 3635 et
595 3580 720 3637 credidit
734 3581 870 3653 populus·
884 3588 944 3639 Au·
998 3586 1027 3636 et
1041 3580 1171 3637 reddetis
1193 3585 1369 3637 consuetum
1396 3597 1553 3638 numerum
1582 3580 1721 3637 laterum.
1738 3582 1829 3638 Vide·

119 3666 308 3738 tlieruntque,
325 3669 403 3740 quod
418 3668 567 3726 visitasset
587 3670 729 3728 Dominus
753 3671 828 3727 filios
845 3671 945 3739 lsrael,
999 3670 1128 3741 bantque
1143 3685 1175 3727 ee
1200 3669 1349 3742 prepositi
1375 3669 1511 3742 liliorum,
1536 3669 1625 3727 lsrael
1639 3669 1671 3726 in
1686 3671 1778 3741 malo,
1792 3687 1829 3729 co

118 3759 147 3812 et
161 3755 240 3827 quod
253 3756 432 3828 respexisset
458 3756 645 3816 alllictionem
672 3775 785 3830 eorum,
806 3765 836 3816 et
860 3760 945 3832 proni
999 3759 1077 3830 quod
1092 3758 1240 3818 diceretur
1258 3758 1326 3816 eis:
1354 3758 1417 3814 Non
1436 3758 1586 3815 minuetur
1600 3757 1767 3830 quidquam
1792 3759 1830 3816 de

118 3843 325 3901 adoraverunt
998 3846 1142 3902 lateribus
1156 3861 1208 3918 per
1226 3846 1360 3919 singulos
1383 3846 1456 3904 dies.
1481 3846 1740 3919 Oeourreruntque
1753 3848 1829 3904 lloei

174 3933 215 4006 [G.
231 3935 296 4008 ΧΠ]
312 3935 455 3993 Posthac
471 3936 597 4009 ingressi
607 3942 780 3994 suntllcses
795 3943 824 3995 ot
838 3943 944 4008 Aaron,
999 3940 1028 3991 et
1043 3935 1208 4007 aamn,qci
1222 3935 1341 3992 stabant
1351 3935 1523 4003 exadverso,
1535 3934 1719 4008 egredientes
1730 3936 1741 4009 [
1753 3937 1828 4009 Vale.

118 4022 300 4079 etdixerunt
340 4024 591 4081 Pharaouitflec
602 4025 675 4082 dixit
705 4027 846 4083 Dominus
872 4032 947 4083 Deus
999 4023 1264 4096 egredientibusla
1289 4024 1453 4096 Pharaone,
1480 4029 1508 4082 et
1536 4024 1673 4081 (luerunt
1700 4025 1826 4083 edeoe:

118 4110 210 4169 isreel
224 4111 236 4147 ¹
252 4125 260 4167 t
277 4113 395 4169 Dimitte
406 4114 550 4186 populum
561 4119 707 4170 meumst
721 4115 947 4172 sacriticetmihi
999 4112 1103 4168 Videat
1117 4111 1272 4179 Dominus,
1282 4112 1586 4184 etjudicst,quoniem
1599 4113 1700 4170 laetere
1715 4112 1828 4171 lecistis

120 4200 150 4256 in
167 4200 292 4258 deserto.
305 4205 342 4258 nt
356 4201 405 4258 ille
420 4203 590 4277 respoudit:
608 4203 679 4270 Quis
692 4208 738 4260 est
748 4203 902 4274 Dominus,
915 4209 948 4262 ut
1000 4201 1118 4256 odorem
1134 4203 1270 4256 nostrum
1286 4216 1386 4258 cerem
1399 4200 1553 4259 Pharaone
1566 4200 1829 4276 obsorduisset

121 4288 241 4345 eudiem
255 4306 355 4346 vocem
380 4292 455 4361 eius,
472 4296 501 4348 et
527 4292 674 4349 dimittam
704 4293 822 4349 isreel?
849 4293 947 4351 nescio
1000 4287 1166 4361 prebuistis
1180 4289 1207 4345 ei
1235 4288 1377 4361 gladium,
1407 4298 1439 4346 ut
1453 4289 1600 4349 occideret
1627 4305 1691 4349 nos.
1724 4294 1828 4348 Reser-

121 4378 291 4450 Dcminum,
306 4383 335 4436 et
362 4379 452 4437 lsrael
467 4396 527 4436 non
556 4380 714 4438 dimittam.
731 4381 946 4455 Dixeruntque:
1000 4382 1166 4449 susqueeet
1180 4377 1276 4435 Moses
1291 4378 1327 4436 ed
1355 4378 1524 4448 Dominum,
1553 4382 1584 4437 et
1599 4378 1663 4435 sit:
1689 4380 1826 4449 Domine,

158 4575 281 4631 ¹Cauon
296 4574 382 4631 liebr.
407 4591 465 4631 ver.
491 4592 525 4632 ac
541 4592 612 4632 mse.
629 4575 811 4648 antiquiores
835 4575 949 4632 addunt
964 4581 988 4646 Ι)
1004 4589 1109 4630 nomeu
1126 4575 1225 4641 isreel,
1253 4577 1283 4630 et
1298 4590 1349 4647 pro
1378 4588 1412 4631 ec
1439 4573 1607 4648 appositum
1638 4573 1764 4632 verbum
1777 4575 1828 4631 lle·

141 4651 380 4715 ostvocem‚aca
402 4649 947 4719 cinamutinprecendentivereicu-
1003 4646 1142 4702 tenorem
1165 4662 1233 4702 cum
1251 4647 1309 4703 isto
1329 4646 1547 4718 signcltinmar
1568 4647 1626 4712 ine,
1669 4646 1829 4702 uodocsre

119 4662 160 4785 fo,
175 4720 206 4772 tc
220 4718 294 4774 mibi
308 4734 345 4774 ea.
392 4719 426 4774 ed
443 4719 553 4777 absunt
566 4720 626 4775 hec
645 4720 736 4776 verbe
751 4720 780 4775 iu
795 4719 875 4776 fonte
892 4720 946 4776 lle·
1005 4734 1058 4772 nos
1074 4716 1165 4773 voluit
1180 4718 1222 4774 ita
1235 4718 1378 4791 scriptum
1406 4717 1462 4791 legi
1477 4718 1557 4774 inHe
1580 4661 1763 4774 reroffteetat
1774 4716 1826 4790 igi·

120 4787 231 4859 braiao,
248 4795 277 4844 et
289 4790 469 4845 notariorum
484 4790 596 4847 incuria
610 4791 640 4846 iu
653 4807 724 4847 mss.
738 4790 812 4848 libro
825 4790 944 4847 lluxiese
1002 4793 1051 4844 tur
1066 4803 1100 4843 ex
1114 4789 1169 4844 hac
1180 4790 1391 4855 observatione,
1408 4789 1436 4844 in
1466 4788 1579 4862 aliquot
1593 4787 1700 4845 saltem
1724 4804 1824 4845 exem·

121 4876 179 4916 non
196 4860 320 4916 dubium
335 4865 390 4919 est.
408 4862 501 4917 Mser.
1003 4859 1135 4932 pleribus
1159 4860 1308 4917 Hebraicis
1333 4859 1402 4916 clim
1419 4861 1563 4932 scriptum
1580 4875 1587 4914 ε
1603 4860 1741 4917 Dominae
1755 4860 1824 4916 Deae

170 4961 205 4974 -
218 4932 308 4988 addit
323 4932 413 4989 Palat.
431 4950 487 4990 ms.
513 4933 671 5005 pluresque
699 4932 750 4990 elii
765 4947 853 5004 penes
867 4936 945 4988 llar-
1003 4931 1177 4988 llebroeorum
1199 4950 1205 4989 :
1229 4932 1408 4989 contrarium
1433 4937 1530 4988 temen
1546 4933 1706 4989 manifeste
1721 4931 1826 4989 suadet

122 5002 303 5060 tienhicut
324 5005 353 5060 in
383 5002 726 5077 precedentiversiculc,
756 5013 786 5060 te
810 5003 881 5059 mihi
909 5020 946 5059 er.
1003 5002 1688 5076 unusomniuminterprestumeumhodierno
1706 5002 1827 5060 Hebraeo

120 5082 161 5131 Ac
175 5084 244 5131 eunt
260 5076 311 5148 qui
332 5075 431 5143 velint,
451 5093 485 5133 aa
498 5080 649 5133 censuisse
664 5075 874 5150 Hieronymum
898 5091 944 5131 re·
1001 5091 1181 5131 consensus:
1200 5091 1311 5132 necnon
1326 5075 1485 5132 Pharaonis
1508 5091 1554 5132 res
1575 5074 1659 5131 onsic
1674 5077 1826 5133 subnexa:

120 5148 258 5219 peteuda,
275 5149 392 5204 tametsi
417 5147 448 5204 iu
477 5148 620 5204 Hebraico
646 5147 801 5220 archetypo
829 5145 943 5203 deside·
999 5146 1094 5203 Nescio
1127 5148 1285 5215 Dominum,
1313 5155 1340 5203 ct
1375 5147 1461 5203 larnct
1475 5094 1694 5203 constructam.
1727 5147 1827 5221 ltaque

121 5223 234 5274 rentur.
1001 5217 1062 5274 hec
1077 5234 1127 5275 sus
1149 5235 1238 5275 susus
1254 5219 1358 5275 hereo.
1375 5218 1468 5275 Mans.

173 5289 314 5346 ⁸l’rodeo
339 5290 435 5355 lecet,
465 5289 496 5345 in
521 5289 639 5345 Cannae
662 5288 748 5345 Hebr.
778 5304 834 5344 ser.
851 5304 885 5344 ec
915 5288 944 5344 in
1035 5290 1092 5345 ⁸ln
1109 5235 1330 5360 pforibusmse.
1356 5289 1509 5346 codicibus
1532 5288 1826 5361 scriptumestpide·

120 5358 435 5433 elterooptimencte
451 5376 506 5417 tus.
531 5361 629 5416 codice
643 5365 671 5416 Β.
687 5360 822 5416 Germani
847 5365 945 5415 aPra-
1000 5358 1132 5416 desimus.
1162 5362 1221 5419 Hoc
1250 5377 1316 5419 vero
1341 5365 1510 5418 mutuatum
1538 5360 1689 5418 rideture
1707 5360 1816 5419 Grecis

120 5431 677 5504 tis,num.3,legiturDominaaDeca
706 5431 946 5499 Hebraeorum,ut
1000 5431 1166 5504 quilegunt
1186 5433 1216 5488 iu
1247 5433 1343 5505 prima
1375 5449 1511 5505 persona,
1533 5428 1768 5505 aarenedeupas,
1795 5404 1825 5488 id

122 5503 684 5574 pluriesinfradiciturintotolleodo.
704 5502 860 5559 ldveroin
885 5504 945 5574 pri·
999 5508 1053 5572 est,
1096 5507 1274 5562 cenationem
1300 5504 1406 5575 ἀειηιιι,
1434 5503 1480 5561 vel
1507 5506 1648 5578 quiescere
1673 5506 1822 5577 Ῐιιοίιιιιιιιι.

122 5573 179 5630 mis
193 5576 367 5646 notandum,
384 5575 439 5635 hoe
463 5577 524 5633 toto
538 5576 570 5632 in
585 5589 696 5633 canone
710 5574 801 5631 luisse
816 5573 944 5631 deletum
999 5578 1090 5631 ilaar.
