3870 6120
66 291 130 353 137

777 292 1085 361 Pnobnuonnrm.

1727 308 1787 374 lid

63 424 207 485 tentiolis
231 429 263 486 et
289 425 381 486 lineis
420 426 665 488 constituuntur.
711 432 747 490 In
790 447 896 489 exem·
911 429 1090 499 Acutianis
1104 437 1172 492 arte
1186 433 1384 509 traduntur;
1414 444 1447 499 et
1465 437 1580 500 iterum
1607 440 1703 519 paulo
1732 441 1783 502 in·

62 521 210 601 pleribus
249 523 401 584 Cononis>
422 523 584 586 Hebraicae
638 525 777 587 veritatis
829 525 898 585 cola
952 524 1076 590 larius:
1091 528 1310 592 Porroautem
1335 534 1503 613 quinovit,
1528 537 1676 617 agriasait
1696 538 1782 618 quod

63 637 191 698 semper
216 619 375 699 incipiunt
403 620 444 682 ab
471 640 535 683 una
562 621 669 685 littera
707 622 897 702 majuscula,

62 718 292 796 saepiusetiam
321 717 476 780 miniato:
506 716 598 792 στίχοι
629 740 684 782 seu
714 740 822 783 versus
850 722 897 783 in·

62 813 306 876 discriminatim
322 834 342 876 a
357 816 480 878 minuta
505 818 611 879 littera
634 820 685 879 vel
708 819 896 899 majuscula,

61 909 152 990 juxta
193 932 314 975 morem
343 915 527 996 quorumvis
554 916 755 997 scriptorum,
786 923 817 979 et
846 936 896 979 eo-

60 1028 131 1071 rum
157 1017 354 1090 temporum,
393 1013 507 1092 quibus
532 1014 604 1076 libri
631 1015 782 1095 descripti
809 1023 893 1078 sunt.

59 1111 95 1169 ln
120 1108 280 1171 Psalterio
307 1129 337 1171 v.
364 1130 396 1190 g.
427 1114 610 1174 monasterii
650 1113 892 1187 San-Germani,

952 643 987 682 ea
1001 644 1089 700 crasa,
1107 647 1173 708 quse
1198 631 1327 702 κόμματα
1353 630 1461 694 Graeci
1483 640 1604 706 occant,
1633 641 1664 695 et
1692 656 1785 698 mem·

951 721 1021 796 bra,
1049 729 1079 784 el
1093 725 1259 800 circuitus,
1275 728 1314 789 a'e
1328 729 1444 810 quibus
1468 731 1566 813 paulo
1594 738 1666 793 aule
1679 734 1781 796 disse·
1896 778 1902 785 -

951 820 1015 892 rui,
1059 829 1118 884 etc.
1136 826 1224 886 Caesa
1273 844 1348 907 ergo
1402 835 1561 908 snntquae
1588 837 1775 895 commatau

951 919 1067 980 Graecis
1095 928 1249 983 vocantur
1275 944 1283 984 :
1313 925 1382 986 cala
1415 926 1558 987 membra
1584 926 1719 1008 integra,
1750 934 1783 991 et

950 1016 1072 1095 maj0re
1098 1021 1332 1083 commatibus:
1364 1022 1485 1103 periodi
1512 1041 1599 1098 vero,
1627 1024 1778 1089 circuitus

948 1115 1004 1193 qui
1030 1115 1174 1193 pluribus
1217 1121 1367 1181 membris
1409 1127 1616 1201 peraguntur,
1660 1122 1706 1184 ita
1744 1128 1780 1186 ut
1892 1112 1900 1119 ⁵

58 1209 149 1290 cujus
179 1229 310 1271 usuram
339 1209 487 1273 babuisse
528 1212 644 1274 dicitur
679 1214 895 1275 sanctissimus
948 1211 1097 1274 circuitus
1124 1216 1156 1275 in
1173 1212 1264 1291 κῶλα,
1290 1219 1360 1281 cola
1386 1219 1418 1279 in
1445 1216 1577 1291 κόμματα
1600 1219 1778 1284 dirisasint

59 1307 195 1368 antistes
224 1308 422 1381 parisiensis,
451 1328 489 1371 ac
516 1317 670 1390 patronus
694 1318 811 1386 noster,
847 1311 893 1372 lit·
946 1319 978 1379 in
994 1310 1148 1386 oratione,
1170 1313 1265 1391 juxta
1289 1317 1478 1378 elocutionis
1502 1323 1616 1392 artem,
1646 1316 1686 1380 de
1713 1335 1779 1398 qua

57 1410 133 1466 terre
178 1424 291 1467 omnes
333 1407 558 1469 versiculorum
596 1408 733 1470 initiales
775 1409 893 1488 ubique
946 1405 1063 1472 ibidem
1079 1413 1220 1492 disputat
1247 1423 1376 1478 sanctus
1401 1419 1606 1497 Augustinus,
1633 1418 1689 1497 qui
1716 1423 1780 1482 tres

56 1503 206 1565 nsuntnr
248 1505 399 1583 aequales,
441 1505 517 1585 qaia
553 1506 706 1568 universae
751 1507 892 1569 unciales
946 1505 1183 1572 distinctionum
1240 1514 1361 1592 species
1424 1515 1561 1595 propriis
1615 1514 1779 1580 vocabulis
1901 1550 1908 1557 -

57 1608 130 1663 sunt
144 1600 216 1663 sive
232 1603 417 1681 majuscula
432 1621 489 1682 per
504 1608 606 1666 totum
624 1610 808 1666 contextum
825 1605 892 1667 :sic
944 1607 1082 1666 ostendit
1111 1607 1142 1668 in
1171 1628 1235 1671 uua
1258 1612 1292 1672 B.
1331 1613 1423 1674 Pauli
1451 1610 1599 1685 repulsu.
1629 1614 1687 1674 His
1715 1632 1779 1676 non

58 1698 449 1778 animlegimusPsal.1:
520 1730 525 1739 ·

95 1841 171 1886 mo
201 1841 263 1887 m
291 1843 329 1886 Μ,
358 1841 474 1886 ΜΝ
510 1842 586 1887 m„
625 1843 657 1887 ,N
685 1843 812 1900 tommo,
841 1806 929 1888 NEJ}
945 1796 1160 1863 distinctiones
1191 1821 1198 1863 :
1228 1805 1292 1866 duo
1321 1806 1405 1867 enim
1434 1824 1551 1886 genera
1584 1807 1776 1869 divisionum

57 1921 114 1973 put
148 1922 345 1968 pgccuroggs
380 1922 409 1966 ιιι
446 1921 584 1967 coucam
614 1923 779 1980 wspofflffl’
816 1923 891 1976 000.
945 1896 978 1956 in
1003 1900 1173 1978 scripturis
1209 1902 1312 1963 dolum
1355 1911 1510 1966 memorat
1550 1903 1772 1984 Hieronymus,

945 1718 984 1761 ex
1008 1720 1100 1782 aequo
1122 1707 1315 1785 respondent
1345 1709 1600 1790 Hieronymianae
1629 1728 1778 1773 vanuum
1894 1771 1897 1775 ,

56 2001 131 2045 arna
166 2001 260 2048 soris
288 2002 421 2048 notamus
456 2003 531 2047 stau
566 2001 719 2049 tosroaorr
750 2005 788 2049 ar
822 2004 891 2051 naa
945 1993 1014 2073 ejus
1027 1997 1145 2060 scilicet
1160 2017 1230 2077 quse
1245 2000 1283 2061 nt
1296 2019 1352 2081 per
1365 1997 1446 2055 κῶλα
1473 2002 1608 2082 integra,
1633 2007 1665 2064 et
1692 2001 1774 2064 alte·
1880 2044 1881 2049 κ

56 2081 212 2127 rarionmr
234 2083 366 2128 ramera.
945 2095 1010 2156 rius
1038 2116 1109 2176 quae
1131 2117 1188 2178 per
1215 2096 1294 2154 κῶλα
1322 2109 1354 2162 ut
1379 2098 1509 2175 κόμματα
1536 2103 1685 2163 distincta
1713 2106 1773 2165 est.

88 2192 212 2252 Contra
240 2198 379 2271 quatuor
398 2190 457 2253 bos
484 2187 609 2265 στίχους,
646 2191 678 2252 id
708 2196 764 2266 est,
782 2211 891 2255 versos
944 2195 988 2252 De
1017 2194 1114 2272 priori
1140 2196 1340 2260 distinctione
1368 2216 1518 2260 versuum
1555 2217 1611 2278 per
1647 2199 1772 2279 integra

51 2289 81 2350 in
109 2289 241 2351 duobus
269 2290 347 2351 colis
370 2289 545 2369 exscriptos
576 2291 715 2352 retinent
755 2293 890 2354 canonis
944 2284 1022 2342 κῶλα
1046 2293 1190 2354 meminit
1226 2312 1373 2375 expresse
1401 2296 1433 2356 in
1461 2296 1651 2358 Praelatione
1678 2290 1774 2358 libross

53 2387 267 2467 exemplaria,
283 2387 323 2449 ad
339 2386 425 2448 banc
441 2387 571 2449 modum
589 2405 596 2446 ε
944 2405 1013 2448 rum
1038 2390 1317 2470 Paralipomenon,
1348 2411 1427 2473 qnos
1450 2412 1489 2457 ex
1512 2395 1645 2456 neuras
1661 2393 1771 2456 Latine

943 2486 1105 2548 reddidit:
1135 2486 1179 2548 Et
1205 2489 1290 2569 quad
1317 2511 1410 2564 nunc,
1436 2491 1550 2570 inquit,
1580 2507 1771 2552 nssnsats·

943 2599 1014 2656 rtttt,
1055 2583 1091 2643 id
1126 2590 1183 2654 est,
1228 2588 1334 2649 Verba
1373 2588 1507 2658 dierum,
1549 2588 1772 2670 interpretatus

943 2700 1012 2740 sum
1027 2704 1038 2740 .·
1068 2681 1274 2759 idairaafeci,
1299 2689 1334 2743 ut
1361 2683 1596 2745 inextricabiles
1610 2703 1726 2761 moras,
1742 2689 1774 2744 et

942 2777 1056 2838 silvam
1088 2779 1259 2852 nominum,
1303 2799 1371 2861 quae
1407 2781 1596 2862 scriptorum
1638 2784 1771 2858 constasa

92 2882 179 2943 luter
189 2878 304 2953 στίχους
332 2880 430 2960 igitur
457 2887 487 2944 ut
514 2885 597 2947 intur
622 2880 702 2942 κῶλα
743 2882 887 2944 eumdem
942 2881 1017 2936 sunt
1043 2876 1130 2950 vitia,
1161 2897 1365 2958 sensuumque
1401 2876 1590 2953 barbariem,
1629 2878 1770 2960 apertius

55 2979 291 3040 distinctionem
307 2979 459 3043 adbibere
473 2983 582 3045 debuit
609 2981 763 3048 Valesius,
790 2998 887 3058 quam
941 2977 971 3033 et
989 2981 1051 3056 per
1078 2994 1221 3035 versuum
1249 2974 1319 3035 cola
1347 2975 1535 3056 digererem.
1552 2976 1671 3038 Eadem
1695 2993 1768 3037 vcr-

84 2531 247 2602 Propterea
262 2547 321 2586 non
337 2535 495 2614 resurgent
509 2529 593 2601 impii
610 2529 638 2585 in
651 2531 777 2603 judicio,

120 2619 221 2676 neque
238 2609 406 2675 peccatores
421 2620 451 2658 m
477 2603 705 2674 congregatione
726 2604 887 2673 Justorum.

86 2676 235 2738 Quoniam
255 2675 335 2731 novit
348 2673 492 2731 Dominus
505 2673 585 2730 viam
601 2675 764 2746 justorum,

121 2752 153 2802 et
168 2747 249 2802 siam
266 2746 424 2817 impiorum
441 2744 558 2818 peribit.

55 3095 164 3138 omnes
208 3076 411 3156 agnoscimus
447 3078 478 3139 in
516 3081 682 3143 circuitum
712 3079 886 3158 perlectum
941 3090 1032 3133 sunm
1061 3072 1140 3146 ecla,
1185 3074 1328 3135 membra
1368 3080 1461 3135 vocat
1503 3074 1694 3136 Praelatione
1733 3073 1767 3135 in
1887 3081 1890 3085 ’

55 3174 220 3247 orationis,
251 3178 283 3234 et
310 3173 394 3237 inter
421 3178 565 3240 membra
593 3178 735 3259 ejusdem
769 3168 1033 3240 circui-closae
1062 3186 1070 3229 :
1114 3172 1338 3250 Manemusque
1376 3169 1532 3245 lectorem,
1575 3176 1611 3232 ut
1654 3170 1767 3232 siloam

56 3279 114 3344 tus,
129 3271 165 3333 id
179 3277 241 3343 est,
258 3272 339 3333 inter
360 3270 487 3350 περίοδον
524 3283 554 3339 ar
578 3277 661 3338 inter
686 3270 775 3334 κῶλα,
810 3276 885 3341 Quae
939 3263 1169 3327 Hebraiaarum
1198 3268 1369 3343 nominum,
1399 3274 1429 3327 et
1466 3268 1687 3329 distinctiones
1707 3276 1770 3350 per

55 3376 139 3430 atax
152 3369 336 3447 Augustino
365 3371 581 3435 manifestiora
607 3373 696 3446 flant,
726 3371 758 3430 in
787 3369 887 3431 consi·
939 3363 1073 3426 membra
1102 3365 1224 3426 divisas
1251 3366 1396 3448 diligens
1425 3367 1562 3448 scriptam
1597 3371 1766 3430 conservet.

56 3473 346 3535 derationecorum
361 3471 597 3550 quaeleguntur
627 3489 697 3550 cap.
727 3473 758 3542 7,
788 3467 832 3529 lib
856 3484 886 3530 ιν
938 3463 1180 3524 Praetationibus
1209 3472 1316 3525 autem
1360 3465 1392 3525 in
1433 3465 1547 3527 lsaiam
1576 3470 1607 3526 et
1634 3465 1666 3525 in
1696 3465 1769 3526 llae-

56 3571 92 3633 de
118 3570 274 3634 Doctrina
302 3567 490 3643 Christiana,
534 3568 697 3649 paulisper
734 3567 885 3627 immore-
939 3559 1071 3622 cbielem
1101 3579 1163 3622 non
1192 3561 1295 3622 solam
1325 3581 1383 3642 per
1408 3562 1489 3636 cola,
1520 3561 1573 3623 sed
1603 3580 1661 3641 per
1697 3562 1769 3624 cola

58 3685 148 3729 mor:
181 3665 329 3728 nonnihil
358 3664 441 3727 enim
482 3666 562 3728 lucis
591 3664 720 3728 accedet
747 3663 773 3724 si
800 3668 884 3725 recte
938 3662 969 3718 et
1010 3665 1170 3720 commata
1210 3676 1299 3720 suam
1341 3659 1516 3720 versionem
1570 3677 1684 3720 novam
1727 3677 1767 3719 ex

57 3766 254 3844 intelligatur
267 3762 351 3843 qnod
368 3762 408 3823 de
435 3763 584 3843 periodis,
609 3762 699 3835 colis,
729 3767 760 3823 et
802 3779 885 3822 com.
937 3754 1071 3816 llebraeo
1099 3756 1277 3816 distinctam
1309 3757 1415 3831 luisse,
1446 3757 1538 3818 docet
1565 3756 1604 3818 ad
1644 3773 1764 3821 morem

59 3864 194 3924 natibus
211 3861 267 3923 ubi
279 3861 436 3941 reperitur
458 3861 611 3941 scriptum
636 3879 644 3923 :
672 3859 882 3940 Amissum,
937 3848 1090 3913 librorum
1120 3853 1340 3914 Demosthenis
1369 3861 1401 3915 et
1428 3854 1584 3916 Ciceronis
1614 3871 1621 3913 :
1652 3851 1763 3924 Nemo,

58 3961 156 4040 inquit
185 3958 397 4036 Augustinus,
424 3963 454 4018 et
481 3957 574 4019 aliud
601 3958 707 4031 decus,
736 3955 884 4037 quoniam
937 3948 1051 4028 inquit,
1079 3969 1148 4010 eum
1168 3950 1341 4034 propbetas
1370 3950 1511 4012 versibus
1548 3949 1666 4010 viderit
1699 3967 1767 4009 esse

55 4065 120 4140 pust
161 4056 278 4138 ulique
322 4055 595 4137 pronuntiationis
645 4075 715 4115 voce
755 4052 885 4134 singula
938 4043 1121 4128 descriptas,
1152 4053 1248 4109 metro
1266 4068 1317 4109 eas
1348 4048 1479 4110 estimet
1504 4048 1589 4130 apud
1616 4045 1767 4107 Hebraeos

58 4156 160 4225 finita,
177 4172 250 4236 qun
262 4152 366 4214 nostri
380 4152 558 4214 membran
579 4172 670 4227 cusu,
698 4151 805 4214 Graeci
832 4172 886 4212 uu.
938 4141 1053 4224 ligari,
1078 4150 1108 4204 et
1135 4145 1261 4227 aliquid
1288 4145 1393 4206 simile
1419 4144 1531 4206 habere
1558 4145 1597 4206 de
1624 4143 1767 4206 Psalmis

59 4260 109 4314 uu
123 4249 252 4312 autaut
265 4249 396 4322 κόμματα
425 4256 543 4324 vocant,
572 4251 715 4331 sequitur
749 4249 885 4310 ambitus
938 4246 968 4301 et
986 4240 1144 4324 Operibus
1172 4243 1375 4305 Salomonis:
1402 4243 1458 4304 sed
1484 4243 1569 4324 quod
1592 4244 1625 4304 in
1652 4242 1768 4302 Demo·

60 4354 114 4412 siu
139 4348 313 4428 circuitus,
337 4368 427 4431 quem
452 4343 578 4423 περίοδον
619 4349 674 4410 illi
714 4347 884 4431 appellant,
938 4338 1045 4400 sthene
1072 4346 1101 4400 et
1130 4342 1162 4402 in
1197 4340 1225 4401 Τ
1221 4341 1302 4403 ullia
1330 4342 1410 4403 solet
1433 4343 1524 4418 fieri,
1554 4347 1590 4404 ut
1608 4350 1670 4425 per
1697 4339 1766 4402 cala

60 4451 142 4529 cerus
171 4446 312 4509 membra
352 4445 589 4528 suspenduntur
627 4466 698 4506 vace
736 4445 883 4519 dicentis,
939 4438 1130 4519 scribantur,
1156 4446 1185 4500 et
1212 4447 1374 4520 commata,
1404 4442 1460 4522 qui
1483 4443 1590 4523 utique
1609 4450 1711 4524 prosa
1737 4443 1768 4500 er

10 4540 12 4547 ’
60 4547 148 4607 donec
176 4544 293 4606 ultimo
310 4543 468 4622 finiatur.
499 4543 702 4605 Nemeorum
717 4562 784 4623 quae
802 4549 885 4623 pru·
901 4541 923 4605 D
939 4557 1001 4597 nan
1016 4537 1156 4599 versibus
1184 4539 1446 4623 conscripserunt.
1463 4539 1531 4600 Nos
1560 4559 1680 4621 quaque
1708 4537 1768 4601 uti·

59 4646 179 4716 cedurrt,
208 4641 378 4704 circuitum
408 4640 578 4703 membrum
621 4641 708 4703 illud
743 4644 790 4699 est
809 4639 886 4722 pri·
940 4634 1029 4696 litati
1069 4636 1241 4718 legentium
1276 4637 1490 4719 providentes,
1538 4637 1769 4720 interpretatio·

59 4762 149 4818 mum,
181 4741 334 4821 quoniam
361 4740 526 4803 tribulatio
555 4739 740 4819 patientiam
772 4756 883 4817 opera·
940 4754 1007 4794 nem
1045 4755 1154 4795 novam
1182 4756 1259 4797 noco
1286 4735 1446 4796 scribendi
1470 4757 1581 4818 genere
1617 4735 1769 4797 distinxi·

59 4839 227 4913 turlRom.
255 4856 285 4913 v,
302 4838 363 4919 dl:
393 4837 575 4910 secundum,
606 4835 757 4917 patientia
779 4842 884 4897 autem
940 4852 1021 4895 mus.
1050 4835 1098 4895 lta
1120 4835 1330 4914 Hieronymus
1357 4834 1548 4896 Praelatione
1579 4834 1612 4894 io
1637 4835 1766 4910 Isaiam,

57 4939 280 5019 probationem
310 4934 408 5016 (Ibid.
445 4936 478 5015 l)
510 4953 518 4996 :
562 4935 700 5012 tertium,
741 4933 886 5013 probatio
940 4934 1017 4994 etin
1043 4935 1236 4996 Ezechielem
1266 4935 1306 4996 de
1335 4936 1466 4998 Hebraeo
1495 4936 1639 4998 similiter
1664 4936 1705 4998 ab
1729 4953 1768 4999 eo

55 5054 127 5098 vero
156 5053 250 5114 spem
278 5032 403 5113 (lbra).
431 5031 558 5093 Deinde
589 5030 800 5113 subjungitur
822 5030 887 5112 ipse
940 5048 1076 5105 versum,
1096 5031 1155 5093 hoc
1183 5034 1277 5093 modo
1306 5033 1419 5095 invitat
1446 5035 1578 5096 Paulam
1601 5041 1633 5095 et
1658 5037 1770 5096 Eusto·

52 5135 224 5205 circuitus,
267 5131 324 5212 qui
376 5127 478 5191 tribus
512 5131 682 5212 peragitur
727 5128 884 5201 membris,
940 5128 1046 5190 chium
1088 5129 1129 5190 ad
1170 5129 1337 5193 lectionem
1380 5131 1522 5212 ejusdem
1562 5132 1728 5212 prophetae
1758 5148 1766 5193 t

47 5250 191 5314 qnorum
208 5227 352 5311 primum
377 5231 436 5306 est,
464 5245 536 5306 spes
564 5234 670 5288 autem
706 5245 770 5287 non
812 5244 887 5288 con·
941 5224 1050 5305 Legite
1079 5226 1179 5307 igitur
1207 5233 1237 5288 et
1278 5226 1362 5289 bunc
1394 5230 1492 5308 Juxta
1529 5228 1769 5290 translationem
1888 5228 1891 5232 ’

51 5330 160 5392 tandit
176 5325 276 5407 (Ibid.
291 5329 345 5407 5).·
360 5324 542 5398 secundum,
568 5325 643 5403 quia
670 5324 808 5385 ebaritas
832 5324 888 5385 Dei
942 5330 1081 5385 nostram
1098 5326 1265 5406 :quoniam
1283 5335 1340 5405 per
1366 5326 1435 5388 cala
1465 5327 1613 5408 scriptus,
1642 5330 1672 5419 et
1686 5344 1770 5385 aam-

53 5426 174 5489 dissoaa
202 5430 252 5486 est
276 5422 310 5484 in
339 5422 489 5485 cordibus
516 5421 630 5483 nostris
656 5419 795 5501 (Ibid.):
825 5426 887 5480 ter·
943 5428 1037 5500 mata,
1067 5424 1313 5502 manifestiorem
1341 5424 1519 5505 legentibus
1544 5441 1667 5483 sensum
1710 5421 1771 5482 tri·

53 5527 150 5598 ήκω,
185 5539 243 5601 par
271 5518 423 5600 spiritum
452 5525 608 5591 sanctam,
639 5518 693 5597 qui
725 5518 816 5580 datus
842 5524 890 5581 est
944 5519 1022 5582 buit.
1050 5522 1133 5584 Colis
1167 5523 1265 5601 igitur
1302 5529 1334 5584 et
1375 5521 1587 5584 commatibus
1624 5519 1776 5585 distincta

55 5616 280 5702 abiatlbid).
294 5616 344 5680 Ar
356 5614 420 5681 bac
441 5623 535 5699 atque
556 5614 742 5696 lrujrumadi
770 5616 803 5677 iu
826 5616 891 5679 eta*
944 5624 1014 5681 erat
1040 5638 1123 5683 nova
1159 5619 1405 5701 Hieronymisna
1446 5617 1671 5698 interpretatis
1702 5637 1777 5708 pro·

224 5756 360 5821 saraca
378 5752 517 5824 uult.
1602 5759 1623 5828 d
