3870 6120
16 272 21 279 ·
105 265 161 335 ccc
629 266 649 320 s
679 258 884 318 arenosam
903 253 1029 315 nurus
1046 249 1297 308 ersaaorssos.
1764 259 1821 321 530

110 391 175 450 cuit
191 390 391 466 quoquealter
402 389 638 447 addolasecusde
650 381 935 450 Beth-Leemluda1,
950 389 977 452 Α
993 375 1047 432 viri
1064 375 1187 432 accincti
1204 375 1296 432 armis
1312 374 1690 455 bellicie,acceudentesquc
1705 399 1825 443 manes·

110 499 146 540 ex
161 481 335 555 cognatione
349 479 414 551 ejus
427 481 548 549 oratque
565 478 627 550 ipse
647 479 658 512 ¹
683 475 803 538 Levites.
828 475 857 528 et
880 470 933 525 ha·
991 470 1059 522 runt
1075 466 1104 520 in
1121 465 1343 545 Cariath-ierim
1358 466 1440 524 dude
1459 484 1465 526 :
1481 469 1532 542 qui
1548 467 1642 543 locus,
1657 489 1692 530 eo
1708 477 1825 549 tempo-

110 570 224 628 hitabat
253 569 304 625 ibi.
330 569 531 641 Egressnsque
556 567 592 623 de
617 565 734 623 civitate
750 562 933 628 beth-Lecta,
990 572 1031 628 re,
1059 554 1227 612 Castrorum
1256 560 1318 612 Dan
1349 573 1453 614 nomen
1483 560 1606 632 accepit,
1632 566 1660 618 et
1684 569 1731 621 est
1756 569 1825 638 post

110 658 290 733 peregrinari
306 656 398 713 uoluit
413 656 582 728 ubicunque
598 655 653 712 sihi
674 653 862 712 commodum
887 665 934 704 re·
990 649 1104 718 tergum
1116 645 1395 703 Cariath-Jarimllt
1406 647 1474 704 inde
1488 651 1670 709 transierunt
1684 654 1714 710 in
1732 671 1819 713 mon·

110 747 245 822 perisset.
261 750 393 819 Cumque
416 747 544 802 venisset
567 745 596 802 in
625 749 755 801 montem
785 738 934 813 iiphraim,
990 736 1698 809 tomprraim.Cumquevenissentaddomum
1711 745 1822 815 Micha,

108 835 298 905 iterfaciens,
324 840 353 891 et
376 833 553 892 declinasset
577 849 735 908 parumper
758 831 787 888 iu
814 830 934 884 domum
990 824 1127 880 dixerunt
1141 825 1353 896 quinqueviri,
1367 826 1417 899 qui
1430 827 1513 900 prius
1529 829 1611 887 missi
1638 832 1758 890 fuerant
1782 837 1820 893 ad

107 924 212 995 Micha,
229 925 428 998 interrogatus
444 929 488 980 est
504 925 539 980 ab
559 941 593 981 eo
617 923 694 979 unde
717 921 854 977 venisset.
880 916 935 982 Qui
990 914 1234 970 considerandam
1246 919 1352 971 terram
1366 916 1440 986 Lais,
1451 919 1713 979 ceterislratribus
1729 925 1796 981 suis
1813 943 1821 981 ι

109 1013 263 1087 respondit
288 1031 294 1069 :
321 1013 418 1071 Levita
443 1029 508 1068 sum
536 1013 572 1068 dc
597 1009 879 1076 Beth-Laenium,
907 1010 935 1062 et
990 1002 1086 1059 Nostis
1101 1004 1177 1076 quod
1193 1004 1223 1058 in
1238 1004 1375 1062 domibus
1391 1006 1456 1063 istis
1471 1008 1511 1064 sit
1534 1008 1641 1082 ephod,
1663 1017 1693 1068 et
1716 1013 1821 1072 thera·

107 1104 181 1162 vado
195 1110 226 1158 ut
241 1103 371 1159 habitem
397 1101 446 1158 ubi
470 1105 603 1175 potuero,
629 1106 658 1157 et
682 1098 752 1155 utile
777 1097 847 1154 mibi
871 1111 935 1152 esse
991 1092 1084 1165 phim,
1101 1092 1291 1166 etseulptils,
1314 1100 1402 1168 atque
1426 1097 1570 1155 coailatile
1596 1117 1602 1156 :
1627 1101 1725 1160 videte
1750 1104 1821 1177 quid

111 1209 297 1265 perspexero,
318 1191 408 1264 [iulg.
432 1191 498 1247 add.
524 1190 661 1262 Dixitque
684 1187 816 1258 uictas]
842 1190 935 1256 Mane,
990 1180 1072 1237 vobis
1087 1181 1209 1255 placeat.
1226 1183 1339 1240 Etcum
1355 1185 1509 1257 paululum
1534 1188 1744 1261 declinassent,
1773 1194 1822 1250 in·

112 1280 220 1354 inquit,
237 1281 313 1353 apud
331 1297 388 1350 me,
399 1284 428 1336 ot
442 1285 504 1337 esto
518 1278 589 1334 mihi
606 1295 712 1351 parens
727 1293 761 1334 ac
776 1276 910 1332 sacerdos
927 1289 934 1328 :
991 1270 1083 1343 gressi
1099 1275 1169 1327 sunt
1183 1273 1303 1328 doraum
1320 1273 1513 1331 adolescentis
1539 1277 1650 1346 Levitae,
1678 1281 1731 1352 qui
1756 1288 1822 1341 erat

110 1370 244 1442 daboque
260 1370 311 1425 tibi
328 1387 379 1442 per
395 1386 487 1424 nanos
503 1366 635 1439 singulos
652 1368 752 1423 decem
770 1369 935 1438 argenteos,
991 1359 1021 1415 in
1037 1361 1124 1415 demo
1141 1360 1247 1429 Micha,
1263 1360 1523 1438 salutaveruntque
1548 1383 1616 1423 eum
1640 1370 1740 1427 verbis
1767 1390 1821 1445 pa·

111 1462 270 1516 acveetem
287 1459 447 1531 duplicem,
464 1463 492 1513 et
508 1457 619 1529 quaed
637 1456 746 1511 victum
771 1454 937 1511 necessaria
992 1448 1093 1505 cilicis.
1113 1449 1247 1507 Sescenti
1268 1456 1365 1509 autem
1388 1452 1442 1508 viri
1467 1455 1507 1510 ita
1532 1460 1565 1512 nt
1586 1463 1668 1514 crant
1698 1463 1822 1532 armati,

111 1552 192 1604 sunt.
207 1546 361 1619 Aequievit
376 1552 404 1604 et
419 1545 529 1602 mansit
545 1546 622 1617 apud
640 1544 801 1612 hominem,
823 1542 937 1614 luitque
992 1539 1108 1595 stabam
1122 1543 1189 1596 ante
1204 1540 1322 1596 ostium.
1348 1545 1384 1598 At
1406 1542 1448 1599 illi
1473 1544 1524 1616 qui
1548 1545 1673 1620 ingressi
1700 1550 1824 1608 lucrant

54 1644 59 1657 '
109 1635 398 1709 illiquasiunusde
416 1633 936 1707 liliislmplevitquetliohamanum
992 1628 1112 1684 domum
1137 1629 1264 1699 juvenis,
1295 1631 1439 1704 sculptile,
1466 1638 1494 1690 et
1524 1635 1630 1708 ephod,
1660 1641 1689 1694 et
1719 1639 1824 1698 thera-

1 1734 4 1739 ·
111 1724 440 1798 eju„et1„buiqapud
457 1741 487 1781 50
503 1740 626 1795 puerum
644 1724 835 1779 sacerdotem.
853 1721 937 1777 Nunc
992 1716 1085 1789 phim,
1100 1722 1189 1789 atque
1204 1719 1349 1776 conflatile
1363 1720 1465 1779 tollere
1481 1723 1661 1795 nitebantur,
1677 1733 1706 1784 et
1721 1728 1822 1787 sacer·

109 1814 180 1882 scio,
197 1813 307 1886 dicens,
324 1815 399 1886 quod
414 1814 488 1871 hene
504 1813 576 1868 mihi
602 1813 690 1870 saciat
716 1813 791 1869 heus
814 1810 936 1868 habenti
952 1769 975 1835 B
991 1807 1045 1861 dos
1060 1807 1156 1862 stabat
1171 1812 1238 1864 ante
1251 1809 1361 1865 ostium
1381 1813 1527 1870 sexcentis
1550 1813 1620 1873 viris
1646 1817 1822 1876 fortissimis

109 1902 229 1960 Levitici
245 1903 360 1977 generis
375 1903 567 1960 sacerdotem.
990 1893 1069 1951 hund
1093 1897 1195 1968 procul
1219 1900 1467 1971 exspectantibus.
1489 1902 1629 1960 Tolerunt
1651 1905 1746 1981 igitur
1770 1909 1824 1981 qui

145 1993 222 2066 JCnp.
239 1991 350 2063 xviia]
368 1993 396 2048 la
413 1992 517 2048 diebus
533 1990 592 2047 illis
606 2007 663 2046 non
681 1994 744 2047 crat
760 2007 809 2047 rex
834 1989 862 2043 in
891 1989 936 2044 Is·
991 1984 1180 2053 intraverant,
1197 1986 1343 2060 sculptile,
1359 1989 1466 2061 ephod,
1482 1996 1510 2047 st
1526 1992 1614 2063 idola,
1633 1999 1724 2068 atque
1750 2015 1823 2055 con-

111 2082 183 2153 rasi,
199 2085 227 2137 et
247 2080 258 2116 ⁸
281 2081 376 2136 tribus
396 2081 456 2136 Dan
474 2079 621 2153 querebat
634 2078 850 2153 possessionem
867 2077 936 2148 sibi,
991 2073 1090 2130 ilatile.
1107 2074 1218 2139 Quibus
1234 2077 1306 2132 dixit
1330 2079 1466 2136 sacerdos
1492 2098 1498 2137 :
1523 2081 1597 2149 Quid
1623 2083 1743 2140 tacitis?
1768 2086 1820 2143 Cui

111 2168 350 2225 athabitaretin
374 2185 407 2224 ca
435 2186 441 2224 ι
466 2185 560 2241 usque
585 2170 620 2224 ed
644 2168 727 2224 illum
753 2167 829 2223 enim
861 2166 937 2222 diem
992 2164 1207 2234 responderunt
1231 2183 1238 2221 :
1262 2167 1338 2223 Tace
1362 2171 1391 2222 et
1413 2185 1488 2241 pone
1513 2170 1636 2243 digitum
1668 2191 1820 2246 superos

111 2256 189 2312 inter
212 2259 331 2311 ceteras
354 2256 448 2312 tribus
473 2261 581 2312 sortem
616 2273 673 2312 non
707 2259 867 2328 acceperut.
894 2254 934 2325 [C.
991 2255 1816 2336 tuumtveniquenobiscum,uthaheamustepatrem

113 2342 207 2408 cvii]
222 2343 365 2400 illiserunt
379 2361 447 2418 ergo
465 2344 516 2400 lilii
541 2350 613 2411 Dan,
640 2345 744 2417 stirpis
768 2349 796 2400 et
819 2344 936 2400 familie
992 2344 1307 2412 aegsacerdotemnuid
1322 2346 1376 2402 tihi
1392 2348 1496 2405 melius
1512 2354 1603 2417 estut
1618 2351 1659 2407 sie
1677 2355 1818 2410 sacerdos

111 2450 171 2489 sue
202 2433 334 2506 quinque
362 2434 440 2490 viros
475 2435 652 2491 fortissimos
677 2435 713 2490 ds
737 2434 827 2490 Sarna
851 2438 879 2489 et
902 2435 936 2489 de
991 2432 1572 2502 indomouniusviri,aniauaetribu
1596 2443 1625 2496 ol
1648 2440 1762 2498 familia
1786 2442 1817 2498 in

112 2518 241 2591 liethaol,
266 2527 297 2578 ut
321 2521 506 2595 explorarent
529 2528 638 2579 terram
662 2525 691 2579 et
714 2521 869 2598 diligenter
891 2521 935 2578 iu·
992 2522 1104 2578 lsrael?
1120 2524 1200 2591 Quod
1217 2542 1284 2582 carm
1300 2527 1443 2594 audisset,
1459 2528 1604 2600 acquievit
1626 2533 1815 2590 sermonibus

110 2610 258 2684 spicereat
285 2628 292 2666 ι
318 2612 514 2685 dixeruntque
529 2611 571 2668 eis
590 2628 597 2668 :
624 2611 676 2679 lto,
702 2615 731 2666 at
754 2612 937 2668 considerate
991 2627 1103 2681 eorum,
1117 2619 1146 2668 et
1158 2613 1225 2670 tulit
1239 2614 1343 2686 ephod.
1360 2620 1388 2671 et
1402 2615 1479 2673 idola
1494 2633 1527 2674 ec
1542 2617 1687 2691 sculptile,
1704 2624 1817 2679 etcum

110 2705 231 2756 terram.
248 2699 301 2767 Qui
316 2717 383 2758 cum
398 2705 552 2775 pergentes
575 2701 727 2758 venissent
751 2703 780 2757 in
807 2704 936 2757 mantem
991 2701 1034 2757 eis
1049 2702 1196 2774 proiectus
1210 2707 1264 2760 est.
1281 2703 1335 2769 Qui
1359 2721 1426 2761 eum
1454 2711 1616 2779 pergerent,
1641 2712 1670 2765 ct
1693 2716 1762 2767 ente
1787 2727 1819 2768 se

110 2788 261 2862 Ephraim,
277 2793 307 2846 et
321 2787 483 2847 intrassent
505 2791 627 2847 domum
652 2789 760 2860 Micha,
784 2790 935 2862 requieve-
990 2789 1033 2846 ire
1050 2790 1187 2848 iecissent
1201 2791 1338 2865 purvulos
1355 2795 1545 2867 acjumenta,
1570 2800 1599 2853 et
1623 2812 1710 2853 omne
1737 2799 1817 2872 quod

110 2885 181 2936 ruat
195 2881 234 2938 ibi
251 2899 259 2935 ε
275 2885 304 2938 ct
320 2885 513 2954 agnoscentes
538 2898 638 2938 vocem
663 2880 859 2939 adolescentis
883 2882 937 2938 Le·
991 2880 1237 2952 eratpretiosum,
1247 2880 1370 2955 jamque
1383 2883 1497 2939 adomo
1517 2882 1617 2940 bilche
1629 2891 1731 2944 essent
1746 2904 1815 2959 pro·

110 2969 196 3039 vitae,
223 2974 400 3043 utentesque
425 2970 507 3026 illius
532 2971 713 3040 diversorio,
739 2972 876 3027 dixerunt
899 2972 936 3028 ad
992 2968 1049 3038 eal,
1066 2968 1120 3024 viri
1136 2970 1186 3042 qui
1202 2969 1375 3027 habitabant
1389 2971 1419 3026 in
1435 2973 1547 3029 aedibus
1571 2972 1673 3030 Miehae
1697 2975 1819 3034 concla-

114 3075 181 3115 eum
199 3076 206 3114 ι
222 3060 292 3127 Quis
307 3064 336 3116 te
349 3060 406 3118 huc
418 3061 561 3117 adduxit?
576 3061 646 3132 quid
667 3060 714 3116 hic
735 3060 822 3132 agis‘l
845 3077 934 3133 quam
992 3062 1106 3114 mantes
1124 3060 1216 3115 secuti
1230 3063 1310 3131 sunt,
1326 3065 1355 3116 et
1377 3065 1442 3133 post
1466 3067 1579 3134 tergum
1605 3061 1735 3120 clamare
1759 3082 1818 3122 εω-

114 3148 151 3204 oh
167 3164 286 3205 eausam
301 3149 358 3206 huc
369 3148 465 3205 uenire
484 3149 625 3206 voluisti?
641 3150 694 3218 Qui
713 3150 864 3222 respondit
878 3150 936 3207 eis:
954 3145 975 3212 C
991 3147 1241 3218 pernoctantem
1258 3149 1456 3220 respexissent
1469 3150 1607 3207 dixerunt
1621 3153 1656 3207 ad
1675 3152 1817 3210 Micham:

20 3286 23 3291 .
110 3241 178 3293 Hac
192 3242 219 3293 et
236 3236 297 3293 hac
313 3237 447 3310 praestitit
464 3237 537 3294 mihi
552 3238 674 3311 Michas,
689 3243 718 3294 et
733 3254 778 3294 me
804 3240 936 3297 mercede
991 3234 1065 3301 outa
1081 3235 1133 3290 tibi
1150 3235 1194 3292 vic
1209 3234 1221 3290 ?
1236 3252 1288 3292 ccc
1302 3236 1432 3294 clcfflcc‘?
1445 3237 1499 3303 Qci
1525 3240 1677 3312 respondit
1705 3258 1712 3297 τ
1740 3247 1817 3300 Dens

113 3331 298 3398 conduxit,ut
312 3331 366 3385 sim
382 3331 407 3387 ei
425 3332 572 3388 sacerdos.
591 3333 832 3406 Rogaveruntque
856 3349 935 3419 eum,
991 3340 1082 3392 111008,
1099 3341 1173 3396 ‘1⁰⁰⁸
1187 3324 1260 3380 mihi
1276 3326 1340 3397 ieci,
1367 3325 1488 3393 illiciis·
1513 3331 1542 3383 ci
1565 3330 1762 3398 cccccccccc,
1788 3337 1818 3389 ci

113 3423 145 3476 ut,
160 3417 325 3475 consuleret
342 3419 506 3489 Dominum,
524 3419 642 3477 uincire
662 3425 781 3493 possent
805 3438 842 3477 qn
867 3437 935 3494 pro.
990 3413 1089 3469 omnia
1104 3429 1167 3486 quae
1183 3413 1287 3482 habeo,
1304 3420 1330 3471 ei
1346 3414 1442 3471 dicitis
1459 3432 1466 3472 Ξ
1482 3416 1624 3481 Quidtibi
1640 3419 1708 3475 esi?
1727 3419 1816 3478 Dixe-

116 3523 202 3580 spero
219 3506 322 3564 itinere
338 3513 502 3581 pergerent,
520 3513 548 3564 et
573 3525 619 3565 res
642 3508 764 3565 haberet
787 3508 934 3566 ellectum.
990 3505 1118 3574 ccciccc
1133 3503 1159 3559 ci
1176 3503 1227 3559 filii
1245 3505 1306 3560 Dan
1332 3520 1338 3560 τ
1364 3505 1436 3561 Ccvc
1461 3523 1497 3562 ne
1520 3505 1596 3563 ultra
1620 3506 1755 3580 loquaris
1779 3512 1815 3568 ed

110 3595 412 3669 Quiregpondit2152
430 3596 471 3653 110
486 3613 551 3653 cum
568 3613 638 3669 paco
654 3614 661 3653 :
680 3598 820 3654 pominus
843 3598 935 3672 respa.
992 3606 1055 3661 nos,
1072 3595 1099 3647 et
1115 3591 1231 3648 veniant
1246 3592 1282 3648 ad
1298 3597 1326 3648 te
1337 3592 1390 3649 viri
1406 3593 1505 3649 aninlo
1527 3595 1674 3666 concitati,
1698 3602 1728 3654 et
1752 3600 1818 3671 ipse

110 3685 149 3742 cit
163 3685 240 3742 viam
257 3691 394 3754 rostram,
410 3691 439 3742 et
455 3686 510 3742 iter
524 3703 583 3759 quo
599 3686 730 3760 pergitis.
747 3691 859 3744 Runtes
878 3687 935 3761 igi·
989 3696 1055 3736 cum
1073 3681 1152 3736 omni
1168 3682 1255 3738 domo
1270 3686 1321 3738 ccc
1336 3699 1446 3755 peccca-
1465 3683 1505 3740 Et
1526 3684 1569 3740 cic
1593 3690 1685 3758 coepto
1711 3687 1818 3745 itinera

109 3779 158 3832 tur
170 3775 301 3848 quiaque
314 3774 368 3831 uiri
384 3779 527 3833 venerunt
544 3775 607 3832 tais
633 3793 639 3831 :
665 3776 859 3848 videruntque
882 3793 935 3850 po·
990 3775 1189 3844 perrexerant.
1205 3771 1315 3828 Videas
1330 3776 1427 3829 autem
1442 3772 1564 3845 Michas,
1577 3776 1653 3846 quod
1679 3775 1817 3837 fortiores

109 3863 212 3938 pulum
228 3863 408 3922 habitantem
424 3865 453 3921 in
469 3882 503 3921 ea
516 3865 627 3938 absque
643 3864 703 3922 ullo
718 3870 832 3936 timore,
852 3867 937 3938 juxta
990 3875 1022 3916 cc
1037 3865 1147 3929 essent,
1164 3875 1296 3919 reversus
1312 3862 1400 3918 estin
1418 3863 1536 3920 domum
1560 3881 1655 3922 suam.
1680 3868 1817 3931 sexcenti

109 3952 295 4012 Sidoniorum
311 3954 568 4024 consuetudinem,
585 3971 723 4012 securum
739 3960 768 4012 ct
789 3956 934 4029 quietum,
990 3953 1087 4006 cclccc
1101 3950 1154 4006 vici
1169 3950 1301 4008 iclcccnt
1315 3952 1494 4009 sacerdotem
1517 3957 1546 4011 ol
1570 3970 1633 4026 qus
1658 3972 1751 4028 supra
1775 3956 1819 4015 dl·

15 4038 18 4043 ’
109 4042 190 4099 nullo
206 4043 363 4116 eipeaitus
379 4043 546 4114 resistente,
572 4061 808 4118 magnarumque
833 4062 933 4119 opum,
988 4038 1113 4097 ximus:
1129 4045 1329 4114 cencncniqcc
1355 4042 1384 4097 in
1411 4041 1476 4097 Lcin
1501 4045 1537 4098 cd
1561 4043 1704 4116 populum
1731 4045 1817 4118 quie·

108 4135 137 4187 et
162 4132 262 4204 procul
288 4149 304 4188 a
327 4131 435 4191 Sidone
466 4142 592 4205 atquae
618 4134 731 4190 cunctis
763 4134 934 4192 hominibus
989 4134 1117 4186 soantem
1134 4133 1222 4202 atque
1237 4133 1416 4202 securumet
1428 4136 1637 4202 percusserunt
1651 4149 1704 4189 eos
1720 4133 1750 4189 in
1768 4150 1819 4193 ors

108 4227 288 4292 separatum.
307 4222 485 4296 Reversique
506 4225 541 4280 ad
568 4224 672 4280 tratres
696 4241 766 4280 suos
790 4224 820 4280 in
845 4226 935 4282 Sarna
988 4211 1257 4292 gudinurhemqua
1273 4219 1407 4276 inccndio
1423 4220 1616 4294 tradiderunt,
1633 4221 1716 4278 nulio
1732 4223 1817 4296 peni-

108 4315 136 4367 et
149 4310 278 4378 Bethsol,
294 4312 409 4384 etquid
426 4314 553 4385 egissent
568 4313 788 4371 sciscitantibus
813 4331 934 4388 respen—
989 4312 1039 4363 icc
1055 4308 1164 4365 iccccic
1180 4308 1359 4382 pcaecidictc,
1377 4324 1410 4365 cc
1426 4310 1504 4382 qccd
1520 4309 1621 4382 procul
1646 4309 1818 4369 habitarent

108 4400 215 4455 derunt
233 4417 239 4454 :
255 4401 382 4473 surgite,
398 4406 427 4457 et
441 4403 635 4460 ascendamus
656 4403 691 4459 ad
716 4419 778 4472 eos,
804 4405 933 4461 vidimus
989 4397 1140 4467 cSidcnc‚
1158 4403 1185 4454 ct
1200 4415 1267 4455 eum
1280 4397 1361 4454 ncllc
1381 4397 1535 4454 hominnm
1559 4397 1700 4455 habcrcnt
1726 4401 1817 4473 quid·

108 4489 188 4545 enim
204 4495 311 4546 terram
327 4489 408 4547 valde
424 4491 595 4562 opulentam
615 4496 643 4548 et
666 4492 784 4549 uberem
811 4509 818 4548 ς
846 4493 935 4551 nolite
950 4516 973 4582 D
989 4501 1078 4558 quam
1094 4487 1243 4545 societatis
1257 4504 1290 4545 ac
1306 4487 1423 4559 negotii.
1439 4487 1506 4542 Erat
1521 4493 1619 4544 autem
1634 4486 1739 4546 civitas
1759 4490 1819 4548 sita

110 4578 269 4652 negligere,
287 4579 375 4636 nolite
391 4596 516 4638 cessare.
536 4586 652 4653 Eamus,
678 4584 708 4637 et
732 4580 935 4654 possideamus
993 4576 1023 4633 in
1040 4578 1158 4652 regiona
1173 4580 1252 4635 Roob
1269 4597 1276 4635 :
1294 4596 1380 4652 quam
1397 4595 1514 4634 rursum
1531 4583 1714 4635 exstruentes
1731 4579 1819 4637 babi-

110 4683 188 4737 cum,
207 4667 306 4724 nullus
321 4669 376 4725 erit
392 4669 483 4726 labor.
500 4672 680 4727 intrabimus
704 4669 738 4725 ad
764 4687 883 4728 securos
906 4671 936 4728 in
991 4670 1127 4725 taverunt
1149 4667 1180 4722 in
1195 4684 1239 4733 es,
1256 4674 1356 4725 vocato
1371 4667 1490 4724 nomine
1505 4668 1628 4724 civitatis
1645 4673 1717 4737 Dan,
1732 4671 1820 4741 juxta

113 4757 262 4829 regionem
278 4756 620 4832 latissimam,tradotque
634 4758 719 4815 nohis
735 4758 878 4817 Dominus
893 4759 936 4816 lo·
990 4755 1166 4813 vocabulum
1182 4757 1346 4827 patrissui,
1365 4773 1450 4831 quem
1466 4762 1607 4829 genuerat
1624 4756 1725 4825 lsrael,
1750 4775 1819 4832 qua

114 4863 193 4916 cum,
210 4847 238 4903 in
253 4864 310 4920 quo
333 4847 443 4904 nullius
467 4849 507 4904 roi
532 4854 577 4905 est
601 4848 724 4921 penuria
747 4863 848 4905 eorum
872 4866 936 4922 qua
990 4846 1075 4916 prius
1101 4844 1165 4900 Lais
1190 4844 1352 4901 dicebatur.
1377 4847 1418 4918 [C.
1446 4845 1558 4916 LVlll.]
1591 4845 1820 4920 Posueruntque

14 4968 17 4973 ,
110 4936 278 5009 gignuntur
293 4937 322 4992 in
340 4942 427 4992 terra.
444 4937 567 4993 Profecti
584 4937 674 5010 igitur
697 4942 767 4992 sunt
782 4937 817 4994 ds
828 4954 937 5012 cogas·
990 4934 1046 4989 sibi
1059 4931 1205 5006 sculptile,
1222 4932 1404 4990 attonathan
1418 4936 1512 4990 filium
1523 4940 1642 4991 Gersom
1658 4932 1712 4991 lilii
1728 4935 1817 5008 Masi,

109 5023 188 5082 tione
204 5025 276 5095 ban,
293 5024 322 5080 id
347 5028 402 5096 est,
429 5023 464 5078 de
487 5024 577 5081 Sorae
600 5030 630 5080 et
653 5023 780 5098 dsthaol,
806 5026 934 5084 sexcenti
989 5039 1023 5081 ao
1034 5023 1112 5081 tilios
1122 5023 1185 5095 ejus
1202 5024 1367 5080 sacerdotes
1378 5025 1407 5079 in
1419 5024 1495 5081 tribu
1508 5025 1570 5081 Dea
1583 5041 1675 5096 usque
1685 5025 1723 5080 ed
1735 5027 1817 5084 diem

146 5169 155 5204 ¹
171 5166 320 5225 Jonathsa
337 5164 415 5221 filius
432 5164 543 5223 Gerson
559 5166 612 5222 tilii
641 5166 743 5240 Moysi.
768 5166 833 5224 Vid.
858 5167 935 5226 intra
1024 5166 1133 5239 tapud
1149 5166 1231 5237 Lxx,
1249 5166 1347 5224 Gerena
1363 5170 1518 5224 etcertum
1532 5167 1658 5241 legimus
1676 5183 1682 5222 :
1699 5167 1730 5223 in
1757 5168 1816 5225 La-

111 5256 176 5347 oap.
193 5257 273 5296 xvrrr.
988 5238 1057 5295 tiais
1072 5243 1169 5295 autem
1187 5240 1402 5313 exemplaribus
1417 5240 1522 5297 deson
1539 5248 1568 5297 et
1583 5239 1817 5299 corcomenon

170 5312 295 5369 Palatia.
312 5324 381 5376 ms,
393 5310 420 5362 ct
433 5307 502 5388 ipsc,
518 5307 604 5380 paulo
620 5324 736 5381 quoque
759 5311 837 5382 post,
862 5311 935 5368 uude
987 5311 1165 5367 Hebr.verit.
1176 5315 1270 5384 eripite
1286 5312 1457 5384 praecedenti
1473 5313 1502 5367 in
1518 5311 1628 5368 scholio
1644 5311 1817 5385 marginali,

110 5382 211 5439 ornis?
225 5399 276 5456 pro
288 5378 360 5437 unde
375 5384 500 5435 nentaset.
988 5388 1016 5438 et
1029 5383 1075 5438 hio
1089 5383 1119 5438 in
1135 5390 1270 5440 contextu
1285 5401 1367 5440 sacro
1383 5385 1487 5442 Gcrson
1502 5385 1590 5440 hahet
1609 5399 1616 5438 :
1642 5383 1694 5439 sed
1722 5383 1818 5440 mani·

147 5456 157 5490 ³
173 5455 286 5526 Repetit
300 5453 448 5519 Hebraeus,
465 5452 496 5507 la
508 5449 603 5507 diebus
628 5451 686 5507 iltis
707 5466 717 5504 .·
741 5449 859 5531 vulgati
884 5472 935 5511 au·
988 5455 1081 5511 leatus
1095 5455 1183 5526 est,ai
1199 5455 1294 5524 fallor,
1307 5457 1495 5528 exscriptoris
1510 5455 1621 5536 lapsus,
1633 5455 1684 5527 qui
1701 5456 1814 5527 promis

110 5528 169 5582 tem
186 5530 324 5599 praterea
349 5524 489 5581 omittunt
513 5523 611 5592 verbs,
636 5520 933 5584 stannaturam
987 5542 1056 5583 acue
1084 5527 1192 5600 accipit
1220 5529 1341 5585 nomina
1370 5527 1470 5585 Goracn
1487 5527 1538 5583 filii
1556 5532 1631 5595 herr,
1661 5530 1688 5584 et
1706 5524 1817 5586 Gcrsom

110 5611 151 5653 ea.
985 5597 1039 5655 dlii
1055 5595 1155 5668 Musis.
1175 5605 1262 5657 Porro
1277 5600 1397 5657 Gersom
1413 5599 1468 5657 iste
1482 5598 1512 5656 in
1527 5597 1655 5657 hebreis
1679 5614 1715 5656 ac
1738 5598 1815 5658 (ire-
