3878 6150
82 318 85 328 Ι
166 229 221 287 ⁶⁸³
684 241 714 295 s.
735 236 1347 296 arancarurnrvraaaran1orssca.
1815 232 1869 293 cet

163 355 217 426 illi,
232 357 413 428 quiesceret
426 358 463 415 ad
479 376 521 427 se,
545 360 612 417 tulit
627 378 710 420 ovem
725 363 778 418 viri
795 362 944 436 pauperis,
960 367 989 418 et
1002 365 1029 431 Α
1044 365 1090 418 est
1104 378 1176 435 puer
1189 363 1229 433 lh.
1242 361 1404 435 parvulos),
1417 377 1448 418 ae
1460 360 1592 434 affliget?
1606 361 1680 418 Cum
1692 376 1762 435 ergo
1776 358 1868 418 vidis·

164 446 336 518 preparavit
350 446 431 503 cibos
455 447 568 505 hornini
584 450 625 522 (h.
650 451 736 524 viro),
753 451 804 525 qui
818 450 988 508 venerated
1043 453 1108 508 set¹
1123 451 1213 510 David
1225 468 1325 509 servos
1335 467 1406 509 suos
1416 450 1620 522 mussitantes,
1630 447 1774 507 intellexit
1788 450 1868 523 quod

163 550 203 590 se.
221 537 315 592 Iratus
329 541 427 593 autem
442 536 647 611 indignatione
661 541 752 600 David
780 542 920 598 adversus
935 539 988 596 hc·
1043 545 1266 598 mortuusesset
1276 540 1442 597 infantulus
1457 540 1499 610 lh.
1511 540 1674 612 parvulus),
1686 539 1866 611 dixitquead

162 622 273 680 minem
296 623 336 696 (h.
360 624 465 698 virum)
481 627 565 684 illurn
589 631 690 700 nimis,
707 631 781 688 dixit
794 632 829 689 ad
845 630 986 687 Nathan:
1042 635 1324 687 serscssuostNum
1341 626 1867 702 mortuusestpuer(h.parvulusli

161 712 239 769 Vivit
254 711 409 785 Dominus,
423 717 563 788 quoniam
589 718 667 776 iilius
686 721 791 777 mortis
804 727 849 776 cst
862 719 918 788 vir,
935 720 986 792 qui
1041 717 1095 782 Qui
1110 719 1327 792 responderunt
1350 718 1397 775 ei:
1422 718 1556 774 Mortuus
1577 721 1632 775 est.
1648 717 1782 774 Surrexit
1797 732 1865 790 ergo

159 801 228 859 iecit
241 802 397 863 hoc.0vem
414 806 517 864 reddet
531 807 561 864 in
578 810 791 882 quadruplum,
807 826 841 866 eo
856 807 986 881 quodie·
1043 808 1130 864 David
1158 809 1193 865 de
1218 813 1305 881 terra,
1331 813 1359 865 et
1374 807 1452 864 lctus
1474 812 1640 882 unctusque
1661 810 1716 864 est.
1731 807 1864 879 Cumque

159 891 230 948 cerit
242 893 364 950 verbum
380 894 470 965 istud,
488 899 516 954 et
530 913 588 954 non
602 899 774 972 pepercerit.
791 898 871 955 Dixit
885 901 984 955 autem
1040 902 1185 954 mutasset
1197 901 1303 966 vestes,
1320 896 1474 969 ingressus
1497 901 1542 953 est
1557 896 1677 953 domum
1693 894 1823 962 Domini,
1836 898 1864 952 ct

158 979 274 1039 Nathan
289 982 326 1039 ad
345 983 434 1040 David
449 1001 455 1040 :
470 985 514 1042 'lu
531 1003 563 1043 es
578 986 628 1043 ille
643 988 706 1043 vir:
723 992 790 1044 Hac
805 987 876 1044 dicit
890 986 986 1043 Domi·
1039 985 1181 1052 adoravit,
1199 990 1228 1042 et
1250 986 1330 1042 venit
1347 987 1377 1041 in
1399 986 1521 1042 domum
1544 1000 1639 1052 suam,
1656 984 1820 1057 petivitque
1834 990 1864 1041 ut

156 1085 214 1127 nus
239 1075 316 1127 Deus
339 1071 448 1129 Israel:
477 1075 535 1147 ligo
565 1077 635 1132 unxi
665 1082 695 1134 te
718 1077 748 1132 in
773 1092 870 1149 regern
896 1092 985 1149 super
1039 1078 1180 1146 ponerent
1195 1073 1220 1131 ei
1237 1090 1354 1146 panem,
1370 1079 1399 1130 et
1413 1073 1550 1130 comedit.
1568 1073 1706 1129 Dixerunt
1722 1076 1823 1129 autem
1837 1072 1863 1130 ei

158 1158 258 1231 lsrael,
273 1164 302 1216 et
325 1176 378 1233 ego
394 1163 503 1219 eruite
525 1165 562 1220 de
585 1181 675 1222 manu
700 1165 782 1224 Saul.
798 1166 833 1222 Et
848 1165 915 1221 dedi
930 1165 984 1222 tibi
1039 1162 1113 1219 servi
1139 1164 1205 1219 sui:
1230 1163 1302 1229 Quis
1325 1166 1371 1219 est
1394 1179 1503 1234 sermo,
1532 1178 1620 1234 quem
1636 1162 1758 1218 iecisti?
1774 1176 1862 1234 prop·

157 1248 279 1306 domum
295 1249 409 1306 domini
430 1252 484 1322 tui,
501 1257 531 1309 et
555 1271 659 1312 uxores
683 1254 796 1313 domini
808 1255 852 1311 tui
868 1255 898 1310 in
915 1255 982 1311 sinu
1037 1256 1081 1306 ter
1095 1250 1238 1307 ini'antem
1255 1251 1296 1322 (h.
1314 1251 1495 1324 parvulum),
1507 1249 1681 1307 cumadbuo
1693 1250 1864 1323 viveretis·

155 1342 217 1406 tuo,
229 1338 356 1411 dedique
365 1340 418 1396 tibi
430 1342 551 1398 domum
563 1344 652 1401 lsrael
665 1353 694 1401 et
704 1345 779 1401 luda
791 1363 798 1413 ς
810 1349 839 1401 et
853 1343 878 1400 si
893 1360 983 1416 parva
1034 1340 1149 1411 junasti
1164 1345 1193 1396 et
1207 1340 1310 1408 liebus,
1333 1345 1449 1396 mortuo
1474 1343 1573 1396 autem
1588 1355 1678 1413 puero
1693 1337 1733 1410 (h.
1753 1354 1862 1410 parvu-

155 1430 226 1484 sont
237 1427 303 1499 ista,
320 1429 457 1501 adjiciam
471 1430 523 1488 tibi
536 1433 701 1506 maj0ra(h,
718 1433 870 1506 duplicia).
888 1435 982 1500 Quare
1036 1430 1075 1501 lo)
1092 1431 1256 1501 surrexisti,
1272 1433 1301 1485 et
1312 1430 1466 1486 comedisti
1483 1428 1613 1502 panem?
1627 1429 1681 1497 Qui
1698 1429 1758 1486 ait:
1772 1427 1861 1502 Prop-

154 1531 224 1589 ergo
236 1519 443 1590 contempsisti
459 1521 581 1577 verbum
600 1522 729 1593 Domini,
747 1527 779 1579 ut
794 1523 904 1580 faceres
919 1538 981 1580 ma·
1036 1523 1081 1574 ter
1095 1518 1237 1575 infantem
1263 1521 1304 1592 (h.
1330 1518 1509 1592 parvulum),
1534 1520 1605 1575 dum
1628 1519 1725 1575 adhuc
1740 1518 1861 1585 viveret,

153 1604 214 1663 lum
231 1605 262 1664 ln
277 1612 435 1680 conspectu
452 1626 517 1667 mco
538 1611 580 1683 (h.
597 1611 627 1668 in
643 1612 738 1670 oculis
764 1612 865 1684 ojusll
879 1612 980 1670 Urium
1031 1606 1161 1678 jejunavi
1178 1613 1206 1665 et
1228 1608 1304 1680 flevi,
1325 1607 1459 1664 dicebam
1473 1607 1574 1664 enirn:
1591 1608 1660 1675 Quis
1674 1607 1731 1665 soit
1746 1607 1772 1665 si
1787 1606 1861 1666 icrte

154 1695 319 1753 Hetthaum
342 1699 516 1770 percussisti
533 1700 641 1773 gladio,
658 1706 687 1758 et
701 1718 821 1759 uxorem
834 1701 916 1758 lilius
931 1717 979 1758 ac·
1035 1697 1124 1753 donet
1137 1713 1204 1753 eum
1224 1696 1297 1753 mihi
1309 1696 1464 1764 Dominus,
1476 1704 1503 1752 et
1514 1696 1715 1754 vivat³tnrans
1730 1696 1774 1769 (h.
1789 1696 1860 1762 Qui!

994 1743 1019 1809 B

154 1785 258 1858 cepisti
273 1785 326 1843 tibi
341 1787 405 1858 (ms.
432 1797 502 1847 tacet
526 1790 592 1863 tibi)
614 1807 745 1861 uxorem,
766 1796 795 1848 et
806 1789 980 1848 interfecisti
1035 1786 1091 1842 scit
1105 1786 1130 1842 si
1146 1786 1219 1844 icrte
1235 1786 1410 1843 misereatur
1424 1785 1481 1844 mei
1497 1785 1642 1843 Dominus
1656 1790 1685 1843 et
1699 1787 1777 1844 vivet
1792 1802 1860 1859 par·

33 1880 37 1885 ’
154 1890 222 1931 eum
237 1874 473 1948 gladiolllicram
487 1880 624 1938 Ammon.
645 1881 842 1946 Quamobrem
859 1897 917 1936 noa
933 1896 978 1936 re·
1033 1874 1859 1949 salust?Nuncautemquiamortuusestquarejqn·

153 1966 365 2040 cedetgladius
376 1969 411 2026 de
430 1970 517 2026 domo
537 1975 589 2028 tua
605 1973 738 2043 usquein
755 1973 977 2045 sempiternum,
1033 1963 1125 2019 nem?
1142 1963 1279 2035 Nunquid
1296 1968 1394 2036 potero
1409 1980 1476 2020 eum
1488 1980 1623 2021 revocare
1637 1963 1790 2037 emplius?
1804 1978 1858 2039 ego

152 2071 187 2112 eo
215 2056 293 2126 quod
319 2057 487 2130 despexeris
511 2075 567 2128 me,
591 2064 620 2116 et
638 2059 743 2117 tuleris
767 2076 887 2117 uxorem
903 2059 977 2117 Uria
1031 2057 1136 2112 vadam
1149 2057 1243 2128 magis
1257 2057 1293 2113 ad
1311 2073 1378 2113 eum
1392 2081 1399 2124 t
1415 2055 1464 2112 ille
1488 2071 1555 2112 vero
1570 2073 1629 2112 non
1644 2059 1807 2112 revertetur
1821 2056 1857 2113 ed

151 2143 287 2213 Hetthai,
303 2150 337 2201 ut
361 2150 440 2202 esset
463 2163 537 2203 uxor
559 2152 621 2206 tua.
649 2151 750 2222 ltaque
770 2149 811 2224 (h.
826 2166 882 2207 aaa
897 2150 977 2209 babet
1032 2147 1141 2203 malit
1169 2144 1340 2202 consolatus
1368 2149 1414 2201 cst
1443 2144 1534 2208 David
1558 2144 1719 2202 bethsabee
1734 2160 1855 2203 uxorem

149 2230 260 2306 itaque)
286 2232 347 2290 bac
370 2234 443 2291 dicit
465 2234 628 2294 Dominus:
653 2241 735 2306 Ecce,
758 2255 811 2313 ego
826 2238 976 2298 suscitabo
1030 2251 1126 2292 suam.
1143 2235 1189 2305 (Τ.
1213 2234 1323 2302 CVlll.)
1344 2239 1558 2308 Ingressusque
1580 2235 1616 2290 ad
1638 2250 1703 2291 eam
1718 2232 1857 2303 dormivit

39 2314 42 2321 '
149 2337 241 2394 super
267 2322 422 2380 temalum
449 2325 485 2381 de
511 2326 599 2383 domo
624 2332 685 2399 tua,
708 2327 974 2386 attollamuxores
1029 2341 1095 2380 curn
1112 2339 1246 2396 eu3quae
1261 2323 1363 2396 genuit
1378 2323 1485 2390 lilium,
1499 2327 1528 2380 et
1542 2322 1654 2379 vocavit
1668 2338 1776 2379 nomen
1791 2323 1857 2394 ejus

149 2408 255 2464 tuaein
266 2408 360 2466 oeulis
371 2409 440 2479 tuis,
456 2415 485 2467 et
495 2411 570 2469 dabo
580 2412 712 2485 proximo
728 2419 788 2485 tuo,
803 2419 832 2471 et
847 2416 974 2474 dormiet
1028 2412 1210 2482 Salomon,et
1219 2412 1364 2468 Dominus
1375 2410 1475 2468 dilexit
1485 2411 1712 2484 eumblisitqoe
1721 2412 1752 2468 in
1763 2427 1853 2469 mana

27 2506 31 2511 '
149 2512 217 2555 cum
231 2498 372 2556 uxoribus
395 2499 456 2557 tuis
479 2501 508 2557 in
525 2500 619 2559 oculis
635 2503 706 2560 solis
720 2503 821 2576 hujus.
836 2509 877 2562 Τιι
893 2506 972 2563 enim
1030 2501 1145 2560 Nathan
1161 2501 1320 2575 propheta,
1335 2507 1364 2557 et
1378 2501 1492 2557 vocavit
1510 2517 1616 2557 nomen
1638 2500 1714 2571 ajua
1729 2500 1855 2558 Amabi-

147 2580 242 2643 iecisti
253 2587 586 2663 abscondite;egcvcrc
597 2591 835 2650 iaciamrerbum
848 2593 926 2651 istud
940 2596 971 2652 in
1026 2589 1211 2658 lisDomino,
1241 2606 1275 2646 eo
1301 2591 1378 2662 quod
1405 2588 1540 2662 diligeret
1564 2606 1632 2646 eum
1648 2588 1795 2647 Dominus
1809 2589 1852 2661 (h.

147 2680 306 2749 conspeetu
322 2677 419 2734 omnis
441 2679 540 2748 lsrael,
557 2684 586 2737 et
609 2680 639 2736 in
655 2687 812 2756 conspectu
829 2682 910 2740 solis.
927 2685 969 2755 (Τ.
1025 2678 1061 2734 ut
1074 2678 1187 2735 vocavit
1200 2694 1306 2735 nomen
1322 2677 1439 2734 Domini
1463 2682 1581 2750 propter
1595 2677 1776 2751 Dominum).
1793 2678 1854 2753 lgi-

146 2764 227 2836 cvtt
241 2765 277 2822 st
291 2766 364 2823 dixit
380 2767 467 2823 David
492 2769 528 2825 ad
544 2769 661 2826 Nathan
678 2787 685 2825 :
702 2771 819 2829 Peccavi
837 2772 969 2831 Domino.
1025 2768 1236 2841 turpugnabat
1249 2767 1321 2824 ioab
1337 2770 1438 2824 contra
1454 2767 1586 2823 Rabbath
1603 2767 1697 2824 lilium
1712 2770 1853 2837 ammon,

143 2851 281 2928 Dixitque
290 2855 405 2913 Nathan
418 2857 455 2913 ad
466 2856 556 2914 David
570 2874 578 2913 :
594 2859 735 2918 Dominus
746 2876 861 2934 quoque
876 2867 970 2920 trans·
1024 2862 1052 2914 et
1060 2859 1248 2930 expugnabat
1260 2857 1361 2913 urbem
1374 2855 1493 2928 regiam.
1502 2855 1718 2928 Misitqueloab
1730 2857 1855 2916 nuntios

143 2940 495 3017 tulitpaccatumtuum:
513 2949 730 3006 ncnmcrisris.
747 2949 966 3021 Verumtamen,
1024 2948 1059 3002 ad
1090 2947 1189 3017 David,
1220 2946 1340 3003 dicens:
1368 2944 1507 3001 Dimicavi
1536 2947 1690 3002 adversum
1714 2945 1853 3004 Rabbath

144 3034 284 3105 quoniam
308 3034 513 3108 blasphemare
535 3037 629 3094 iecisti
657 3037 794 3096 inimicos
818 3040 967 3111 Domini¹‚
1022 3035 1065 3108 (h.
1081 3035 1205 3106 Rabba),
1221 3039 1251 3091 et
1274 3035 1417 3107 capienda
1438 3037 1484 3090 cst
1499 3035 1569 3091 orbs
1586 3039 1748 3106 aquarum.
1765 3035 1854 3094 Nunc

143 3128 264 3195 propter
299 3125 420 3181 verbum
450 3123 516 3193 hoe,
547 3124 627 3183 illius
656 3127 698 3199 (h.
734 3113 1267 3202 blasphemandofligitureongrega
1287 3123 1429 3196 reliquam
1448 3128 1560 3196 partem
1576 3121 1688 3197 popuii,
1703 3128 1734 3181 et
1747 3124 1856 3183 obside

141 3209 353 3285 blasphemasti
381 3213 517 3272 inimicos
544 3215 673 3282 Domini,
701 3221 822 3289 propter
842 3219 966 3277 verbum
1023 3214 1184 3284 civitatem,
1202 3218 1231 3270 et
1251 3228 1322 3285 cape
1338 3229 1403 3270 sam
1428 3229 1464 3269 ne
1483 3228 1551 3270 cum
1564 3228 1580 3269 a
1594 3229 1641 3269 me
1656 3218 1773 3270 vastata
1786 3214 1854 3273 iue-

141 3296 208 3370 hoe,
223 3299 312 3356 etiam
327 3302 356 3357 et
370 3300 472 3373 lilius),
488 3302 538 3373 qui
554 3306 641 3359 natus
655 3309 699 3360 est
714 3304 779 3372 tibi,
796 3312 890 3364 morte
901 3324 965 3365 mo·
1020 3304 1059 3359 rit
1075 3304 1155 3374 urbs,
1173 3303 1285 3359 nomini
1301 3320 1364 3360 meo
1375 3303 1541 3359 ascribatur
1551 3302 1850 3378 victoriacougregc·

141 3386 279 3446 ristunllt
294 3404 429 3446 reversus
442 3391 613 3448 estll'athan
627 3391 656 3447 in
672 3393 793 3450 domum
809 3412 905 3453 suam.
917 3398 962 3469 (Τ.
1019 3393 1060 3448 vit
1076 3392 1173 3463 itaque
1188 3391 1278 3447 David
1290 3407 1408 3448 omnem
1427 3392 1582 3465 populum,
1598 3395 1627 3448 et
1644 3392 1847 3464 prolectusest

141 3475 233 3551 CVII.)
249 3477 455 3551 Percussitque
471 3478 613 3536 Dominus
629 3481 796 3553 parvulum,
812 3501 900 3557 quem
917 3502 964 3558 po·
1019 3482 1174 3538 adversum
1186 3481 1287 3538 Rabba
1299 3483 1320 3537 ⁸.
1333 3480 1466 3552 Cumque
1481 3480 1662 3546 dimicasset,
1678 3481 1759 3554 cepit
1769 3496 1843 3541 ean.

140 3569 256 3639 parerat
270 3567 427 3624 uxorUriae
438 3568 539 3638 David,
557 3573 585 3625 et
596 3569 769 3643 desperatus
784 3577 839 3629 est.
855 3579 962 3647 Depre·
1018 3570 1053 3626 lit
1068 3570 1136 3627 tulit
1149 3571 1287 3628 diadema
1310 3569 1387 3643 regis
1412 3585 1513 3626 eorum
1537 3569 1578 3642 (h.
1594 3569 1750 3641 Melchom,
1766 3570 1841 3644 quod

140 3660 342 3730 ratusqueest
365 3656 455 3713 David
473 3658 626 3714 Dominum
651 3675 703 3731 pro
720 3661 858 3733 parvulo:
875 3665 961 3736 etje.
1018 3660 1239 3732 interpretatur,
1268 3675 1318 3715 rea
1332 3658 1447 3730 eorum)
1477 3659 1622 3731 decapite
1649 3659 1840 3734 ejus,pondo

137 3744 252 3816 junavit
266 3745 357 3803 David
369 3745 484 3817 jejunio
503 3747 566 3817 (ms.
579 3747 750 3822 jejunium),
765 3755 794 3807 et
809 3751 961 3826 ingressus
1018 3750 1081 3806 auri
1096 3749 1249 3821 talentum,
1273 3747 1385 3804 habens
1409 3764 1539 3822 gemmas
1556 3748 1801 3820 pretiosissimas,
1815 3754 1841 3808 el

137 3835 383 3907 seorsum,jacuit
398 3841 620 3907 superterram.
637 3840 786 3895 Venerunt
801 3846 899 3899 autern
914 3860 961 3901 sa-
1016 3838 1188 3911 impositum
1204 3841 1249 3894 est
1273 3852 1363 3910 super
1377 3841 1465 3910 eaput
1479 3837 1581 3894 David.
1597 3836 1697 3894 Sedet
1712 3838 1839 3911 predam

137 3923 234 3981 nlores
250 3923 356 3980 domus
380 3923 455 3995 ejus,
480 3929 618 3997 cogentes
642 3943 709 3983 oum
725 3932 757 3984 ut
774 3935 908 4002 surgeret
922 3932 959 3989 de
1016 3926 1144 3983 civitatis
1157 3925 1318 3999 asportavit
1339 3926 1462 3983 multam
1483 3926 1585 3995 valde;
1611 3925 1757 4000 populum
1771 3942 1841 4002 quo-

135 4016 234 4083 terra;
250 4012 301 4085 qui
326 4011 431 4080 noluit,
447 4030 543 4086 neque
568 4017 694 4072 eomedit
715 4033 782 4074 cum
797 4018 841 4074 cis
856 4019 955 4077 cibum
1014 4033 1071 4089 que
1086 4017 1150 4088 ejus
1165 4016 1315 4072 adducens
1330 4014 1453 4072 serravit
1464 4021 1494 4072 et
1505 4014 1837 4090 circumegitsupereos

134 4101 177 4171 (b.
188 4101 431 4176 panem).Aecidit
441 4107 539 4160 antem
555 4104 602 4160 die
616 4104 783 4177 septimani
794 4114 956 4166 moreretur
1012 4107 1120 4162 serrata
1135 4109 1274 4176 carpenta
1290 4125 1297 4174 ;
1314 4104 1472 4176 divisitque
1487 4104 1599 4171 cultris,
1615 4109 1644 4161 et
1658 4105 1793 4162 traduxit
1806 4106 1835 4164 ln

131 4188 231 4247 inians
255 4190 295 4263 lh.
320 4190 470 4264 parvulus)
494 4209 501 4260 ;
520 4192 742 4267 timueruntque
765 4198 839 4252 servi
863 4197 953 4256 David
1010 4192 1239 4268 typolaterum:
1256 4192 1381 4251 sicleeit
1405 4194 1549 4251 universis
1571 4192 1738 4250 civitatibus
1758 4192 1834 4252 illic·

132 4279 268 4338 nuntiare
282 4281 309 4339 ei
324 4283 403 4355 quod
419 4288 554 4339 mortuus
565 4284 799 4357 essetparvulus.
812 4287 954 4346 Dixerunt
1010 4300 1077 4339 rum
1094 4287 1232 4340 Ammon·
1250 4284 1284 4338 El
1296 4299 1432 4340 reversus
1446 4288 1492 4341 etl
1507 4283 1595 4340 David
1608 4287 1638 4340 el
1651 4282 1835 4340 omnimor-

130 4370 209 4427 enim
222 4386 230 4427 ι
245 4370 396 4428 Decedam
406 4371 546 4446 parvulus
562 4373 657 4430 adhuc
673 4374 792 4442 viveret,
810 4375 951 4449 loqueba·
1008 4374 1084 4429 citus
1099 4371 1129 4428 in
1144 4371 1313 4429 Jerusalem·

128 4475 195 4516 mur
222 4460 351 4530 adeum,
380 4465 410 4518 et
437 4478 494 4518 non
517 4462 657 4519 audiebat
682 4471 989 4555 vocemnostram31)
1041 4463 1087 4534 (Τ.
1117 4461 1185 4533 Cili,
1215 4463 1282 4534 Cap.
1312 4460 1397 4535 Xlll.)
1425 4461 1547 4518 Factum
1576 4464 1621 4518 est
1647 4463 1747 4519 autem
1765 4464 1832 4534 post

126 4554 238 4622 quanto
254 4549 346 4624 magis
361 4550 386 4608 si
402 4549 464 4624 (aas.
481 4554 551 4608 taret
566 4550 603 4623 si)
620 4551 801 4610 dixerimus:
818 4557 948 4615 Mortuus
1004 4550 1097 4622 hec⁸,
1115 4555 1148 4607 ut
1174 4550 1300 4608 absalon
1330 4550 1382 4607 iiiii
1410 4550 1501 4608 David
1526 4566 1655 4608 sororem
1671 4549 1830 4624 speciosis·

160 4712 169 4747 ¹
185 4708 312 4768 Consule
335 4709 414 4767 hano
438 4710 535 4768 locum
551 4710 580 4766 in
597 4713 800 4781 Quastioaibaa
814 4716 897 4774 θεὸν.
915 4717 945 4774 in
1002 4711 1124 4769 Ahsdca
1141 4710 1199 4781 filio
1215 4709 1299 4766 David
1323 4715 1393 4767 esset
1415 4726 1492 4767 soror
1513 4711 1726 4780 speciosissima,
1745 4726 1826 4768 occa·

122 4779 214 4839 libros
228 4785 351 4909 Regum.
369 4783 462 4840 Maur.
1001 4783 1065 4843 baio
1081 4783 1217 4850 Thamar,
1235 4781 1432 4854 adamaretqae
1441 4798 1503 4839 eom
1516 4785 1625 4839 Amaoa
1638 4781 1716 4853 fitius
1726 4783 1824 4855 David,

157 4853 252 4911 'Ded
293 4871 427 4912 croceus.
453 4855 581 4924 audacer,
607 4855 726 4913 Hebraeo
749 4857 869 4930 propior
888 4859 945 4916 im·
998 4864 1024 4912 et
1040 4853 1171 4927 diligeret
1193 4854 1290 4921 calde;
1320 4854 1362 4910 ita
1376 4858 1686 4929 utaprotaretpropter
1700 4870 1824 4913 anconae

120 4940 224 4998 pressa
238 4930 284 4983 est
299 4925 395 4983 lectio.
996 4929 1113 4995 elaalta
1127 4927 1185 4982 iere
1196 4925 1266 4982 txx
1276 4926 1460 4998 interpretes,
1478 4927 1560 4983 etsie
1578 4925 1665 4983 Hehr.
1681 4921 1778 4998 Major
1790 4926 1822 4984 8.

153 4996 260 5055 ‘Idem
284 5015 352 5068 ms,
373 5002 406 5055 dt
429 4997 520 5056 viva:
545 4997 686 5055 llebraics
706 4999 795 5057 etiam
820 5005 865 5057 ost
884 5011 940 5061 itti.
995 4997 1224 5063 Germaninll,
1241 4999 1377 5055 eumdem
1391 5012 1511 5054 sensum
1524 4996 1677 5069 expressit,
1689 5001 1742 5054 sed
1754 4997 1822 5055 aliis

116 5069 206 5126 Paulo
221 5086 339 5143 quoque
362 5074 438 5142 post,
457 5071 558 5143 jeiuao
582 5087 633 5143 pro
651 5071 787 5143 jejunem,
808 5073 940 5146 pressius
995 5071 1091 5127 verbis
1115 5086 1123 5125 a
1147 5069 1262 5126 Factum
1285 5078 1326 5126 est
1351 5077 1443 5126 autem
1462 5079 1523 5139 port
1550 5071 1616 5138 berc,
1644 5074 1676 5125 ar
1700 5070 1823 5127 dicolos

115 5141 247 5211 liebraeo,
262 5146 291 5198 et
307 5141 428 5214 reliquis
443 5142 582 5198 textibus.
993 5142 1071 5213 filias
1096 5140 1194 5205 David,
1216 5140 1328 5198 baberet
1347 5158 1473 5199 sororem
1491 5141 1722 5214 speciosissimam
1737 5157 1819 5199 coca·

150 5213 208 5269 ‘ln
223 5214 343 5271 Hebraeo
358 5225 456 5283 mm
482 5214 600 5286 pratea
614 5213 777 5270 Veronens.
793 5230 849 5270 ms.
868 5214 936 5271 llat-
994 5215 1057 5270 bulo
1084 5213 1206 5268 Thamar
1226 5229 1234 5280 3
1256 5212 1450 5286 adamaretqoe
1467 5229 1530 5270 scra
1550 5214 1656 5270 Amaoa
1670 5212 1749 5283 filias
1764 5213 1818 5269 Da·

114 5283 190 5340 britii.
991 5284 1048 5353 vid,
1064 5288 1089 5341 et
1103 5284 1233 5353 diiiperet
1255 5299 1316 5340 eam
1337 5284 1435 5355 calde;
1455 5284 1497 5341 ita
1514 5292 1555 5350 at,
1570 5288 1625 5341 etc.
1642 5283 1819 5341 colbertina

147 5355 268 5414 'Multa
292 5360 451 5415 occurrunt
474 5355 608 5413 hocloco
630 5354 778 5413 variantes
793 5354 935 5415 lectiones
991 5356 1172 5412 bibliotheca
1188 5355 1256 5424 duc,
1271 5364 1298 5412 et
1320 5357 1350 5412 S.
1365 5356 1503 5414 Germani
1528 5355 1603 5413 alter
1616 5356 1720 5483 Ιοέιιιιῐ
1729 5356 1819 5429 juxta

110 5426 139 5480 in
156 5429 327 5487 msslibris.
343 5426 935 5503 Gancnlegitutncsedidimus3Regius
990 5428 1143 5501 vulgatam
1155 5427 1289 5483 Latinam
1312 5429 1476 5485 versionem
1486 5433 1629 5500 nostram,
1665 5426 1814 5487 oesolcm

107 5505 204 5556 atatem
219 5502 310 5560 codex
333 5517 402 5559 cum
425 5500 594 5559 Gorbeiensi
620 5515 720 5557 cnon.
735 5500 781 5570 22,
798 5501 933 5560 etaltera
988 5504 1118 5576 excepto,
1132 5501 1296 5573 etpeperiet
1311 5501 1420 5559 iaecm
1434 5500 1581 5574 ccide,prc
1594 5499 1815 5572 casinens·

106 5569 136 5626 S.
153 5572 292 5631 Germani
317 5589 346 5630 a.
370 5573 408 5630 5:
432 5572 546 5629 Factam
567 5578 607 5631 eat
630 5575 722 5630 autem
747 5576 807 5646 post
821 5572 887 5645 iac,
900 5579 933 5632 at
986 5571 1221 5645 remanentque
1246 5571 1529 5631 San-Germanensls
1552 5576 1664 5644 cesar,
1679 5586 1710 5630 n.
1724 5573 1756 5647 7,
1770 5571 1815 5633 le·
