<?xml version="1.0" encoding="UTF-8"?>
<!DOCTYPE html PUBLIC "-//W3C//DTD XHTML 1.0 Transitional//EN"
    "http://www.w3.org/TR/xhtml1/DTD/xhtml1-transitional.dtd">
<html xmlns="http://www.w3.org/1999/xhtml" xml:lang="en" lang="en">
 <head>
  <title>
</title>
<meta http-equiv="Content-Type" content="text/html;charset=utf-8" />
  <meta name='ocr-system' content='tesseract 3.04.00' />
  <meta name='ocr-capabilities' content='ocr_page ocr_carea ocr_par ocr_line ocrx_word'/>
</head>
<body>
  <div class='ocr_page' id='page_1' title='image "./patrologiaecurs13goog/patrologiaecurs13goog_0347.png"; bbox 0 0 3878 6150; ppageno 0'>
   <div class='ocr_carea' id='block_1_1' title="bbox 149 325 1336 392">
    <p class='ocr_par' dir='ltr' id='par_1_1' title="bbox 149 325 1336 392">
     <span class='ocr_line' id='line_1_1' title="bbox 149 325 1336 392; baseline 0.01 -12"><span class='ocrx_word' id='word_1_1' title='bbox 149 325 203 380; x_wconf 74' lang='lat'>687</span> <span class='ocrx_word' id='word_1_2' title='bbox 671 334 700 386; x_wconf 85' lang='lat' dir='ltr'>S.</span> <span class='ocrx_word' id='word_1_3' title='bbox 721 331 924 386; x_wconf 69' lang='lat' dir='ltr'>multentur</span> <span class='ocrx_word' id='word_1_4' title='bbox 943 329 1071 385; x_wconf 81' lang='lat' dir='ltr'>DIVINA</span> <span class='ocrx_word' id='word_1_5' title='bbox 1090 332 1336 392; x_wconf 75' lang='lat' dir='ltr'>etDbtorffltcn.</span> 
     </span>
    </p>
   </div>
   <div class='ocr_carea' id='block_1_2' title="bbox 48 452 1725 631">
    <p class='ocr_par' dir='ltr' id='par_1_2' title="bbox 48 452 1725 631">
     <span class='ocr_line' id='line_1_2' title="bbox 150 452 1725 536; baseline 0.011 -28"><span class='ocrx_word' id='word_1_6' title='bbox 150 454 276 509; x_wconf 87' lang='lat' dir='ltr'>aeetimet</span> <span class='ocrx_word' id='word_1_7' title='bbox 290 452 428 510; x_wconf 86' lang='lat' dir='ltr'>dominus</span> <span class='ocrx_word' id='word_1_8' title='bbox 449 469 532 510; x_wconf 90' lang='lat' dir='ltr'>meus</span> <span class='ocrx_word' id='word_1_9' title='bbox 556 470 606 511; x_wconf 87' lang='lat' dir='ltr'>rex</span> <span class='ocrx_word' id='word_1_10' title='bbox 621 457 643 525; x_wconf 89' lang='lat'>¹,</span> <span class='ocrx_word' id='word_1_11' title='bbox 667 456 744 528; x_wconf 89' lang='lat' dir='ltr'>quod</span> <span class='ocrx_word' id='word_1_12' title='bbox 764 472 867 512; x_wconf 85' lang='lat' dir='ltr'>ornnes</span> <span class='ocrx_word' id='word_1_13' title='bbox 888 454 970 528; x_wconf 90' lang='lat' dir='ltr'>pueri</span> <span class='ocrx_word' id='word_1_14' title='bbox 987 457 1014 523; x_wconf 73' lang='grc' dir='ltr'><strong>Α</strong></span> <span class='ocrx_word' id='word_1_15' title='bbox 1030 456 1207 515; x_wconf 78' lang='lat' dir='ltr'>interficient</span> <span class='ocrx_word' id='word_1_16' title='bbox 1222 460 1285 533; x_wconf 79' lang='lat' dir='ltr'>(ms.</span> <span class='ocrx_word' id='word_1_17' title='bbox 1298 461 1586 536; x_wconf 75' lang='lat' dir='ltr'>interficientliiiium</span> <span class='ocrx_word' id='word_1_18' title='bbox 1596 484 1725 527; x_wconf 79' lang='lat' dir='ltr'>mourmt</span> 
     </span>
     <span class='ocr_line' id='line_1_3' title="bbox 48 540 1715 631; baseline 0.013 -37"><span class='ocrx_word' id='word_1_19' title='bbox 48 612 51 619; x_wconf 33' lang='grc' dir='ltr'>Ι</span> <span class='ocrx_word' id='word_1_20' title='bbox 150 540 203 597; x_wconf 89' lang='lat' dir='ltr'>tilii</span> <span class='ocrx_word' id='word_1_21' title='bbox 219 541 296 614; x_wconf 79' lang='lat' dir='ltr'>regie</span> <span class='ocrx_word' id='word_1_22' title='bbox 311 542 399 598; x_wconf 88' lang='lat' dir='ltr'>oeoisi</span> <span class='ocrx_word' id='word_1_23' title='bbox 414 542 489 598; x_wconf 89' lang='lat' dir='ltr'>sint:</span> <span class='ocrx_word' id='word_1_24' title='bbox 505 544 622 600; x_wconf 77' lang='lat' dir='ltr'>Amnon</span> <span class='ocrx_word' id='word_1_25' title='bbox 645 543 727 602; x_wconf 89' lang='lat' dir='ltr'>solus</span> <span class='ocrx_word' id='word_1_26' title='bbox 755 549 890 601; x_wconf 85' lang='lat' dir='ltr'>mortuus</span> <span class='ocrx_word' id='word_1_27' title='bbox 917 548 972 615; x_wconf 84' lang='lat' dir='ltr'>est,</span> <span class='ocrx_word' id='word_1_28' title='bbox 1028 544 1105 602; x_wconf 80' lang='lat' dir='ltr'>vivit</span> <span class='ocrx_word' id='word_1_29' title='bbox 1120 548 1273 621; x_wconf 81' lang='lat' dir='ltr'>Dominus,</span> <span class='ocrx_word' id='word_1_30' title='bbox 1291 552 1360 624; x_wconf 86' lang='lat' dir='ltr'>quin</span> <span class='ocrx_word' id='word_1_31' title='bbox 1376 570 1433 610; x_wconf 93' lang='lat' dir='ltr'>non</span> <span class='ocrx_word' id='word_1_32' title='bbox 1449 556 1533 612; x_wconf 83' lang='lat' dir='ltr'>undet</span> <span class='ocrx_word' id='word_1_33' title='bbox 1548 557 1584 614; x_wconf 87' lang='lat' dir='ltr'>do</span> <span class='ocrx_word' id='word_1_34' title='bbox 1599 559 1715 631; x_wconf 88' lang='lat' dir='ltr'>oepillis</span> 
     </span>
    </p>
   </div>
   <div class='ocr_carea' id='block_1_3' title="bbox 42 631 1726 5351">
    <p class='ocr_par' dir='ltr' id='par_1_3' title="bbox 42 631 1726 5351">
     <span class='ocr_line' id='line_1_4' title="bbox 150 631 1725 720; baseline 0.012 -34"><span class='ocrx_word' id='word_1_35' title='bbox 150 632 290 704; x_wconf 85' lang='lat' dir='ltr'>quonium</span> <span class='ocrx_word' id='word_1_36' title='bbox 306 631 337 688; x_wconf 91' lang='lat' dir='ltr'>in</span> <span class='ocrx_word' id='word_1_37' title='bbox 353 648 401 688; x_wconf 88' lang='lat' dir='ltr'>ore</span> <span class='ocrx_word' id='word_1_38' title='bbox 418 632 557 690; x_wconf 75' lang='lat' dir='ltr'>xbsulom</span> <span class='ocrx_word' id='word_1_39' title='bbox 574 639 637 691; x_wconf 87' lang='lat' dir='ltr'>eret</span> <span class='ocrx_word' id='word_1_40' title='bbox 648 634 772 707; x_wconf 88' lang='lat' dir='ltr'>positus,</span> <span class='ocrx_word' id='word_1_41' title='bbox 796 651 831 691; x_wconf 87' lang='lat' dir='ltr'>ex</span> <span class='ocrx_word' id='word_1_42' title='bbox 845 635 892 690; x_wconf 90' lang='lat' dir='ltr'>die</span> <span class='ocrx_word' id='word_1_43' title='bbox 916 651 974 707; x_wconf 85' lang='lat' dir='ltr'>que</span> <span class='ocrx_word' id='word_1_44' title='bbox 1028 650 1119 707; x_wconf 79' lang='lat' dir='ltr'>super</span> <span class='ocrx_word' id='word_1_45' title='bbox 1134 641 1251 695; x_wconf 87' lang='lat' dir='ltr'>terrum.</span> <span class='ocrx_word' id='word_1_46' title='bbox 1268 639 1345 697; x_wconf 84' lang='lat' dir='ltr'>Dixit</span> <span class='ocrx_word' id='word_1_47' title='bbox 1359 658 1427 714; x_wconf 83' lang='lat' dir='ltr'>ergo</span> <span class='ocrx_word' id='word_1_48' title='bbox 1443 645 1561 703; x_wconf 88' lang='lat' dir='ltr'>mulier:</span> <span class='ocrx_word' id='word_1_49' title='bbox 1577 645 1725 720; x_wconf 78' lang='lat' dir='ltr'>loquutur</span> 
     </span>
     <span class='ocr_line' id='line_1_5' title="bbox 148 720 1702 806; baseline 0.01 -29"><span class='ocrx_word' id='word_1_50' title='bbox 148 720 296 793; x_wconf 88' lang='lat' dir='ltr'>oppressit</span> <span class='ocrx_word' id='word_1_51' title='bbox 309 720 438 778; x_wconf 80' lang='lat' dir='ltr'>Themer</span> <span class='ocrx_word' id='word_1_52' title='bbox 453 739 583 779; x_wconf 85' lang='lat' dir='ltr'>sororem</span> <span class='ocrx_word' id='word_1_53' title='bbox 597 723 670 794; x_wconf 76' lang='lat' dir='ltr'>eius.</span> <span class='ocrx_word' id='word_1_54' title='bbox 688 725 771 781; x_wconf 89' lang='lat' dir='ltr'>Nune</span> <span class='ocrx_word' id='word_1_55' title='bbox 783 740 851 798; x_wconf 82' lang='lat' dir='ltr'>ergo</span> <span class='ocrx_word' id='word_1_56' title='bbox 872 739 907 779; x_wconf 92' lang='lat' dir='ltr'>ne</span> <span class='ocrx_word' id='word_1_57' title='bbox 924 741 973 797; x_wconf 93' lang='lat' dir='ltr'>po·</span> <span class='ocrx_word' id='word_1_58' title='bbox 1028 725 1127 780; x_wconf 84' lang='lat' dir='ltr'>tuend</span> <span class='ocrx_word' id='word_1_59' title='bbox 1145 727 1298 785; x_wconf 88' lang='lat' dir='ltr'>dominum</span> <span class='ocrx_word' id='word_1_60' title='bbox 1315 746 1413 787; x_wconf 91' lang='lat' dir='ltr'>meum</span> <span class='ocrx_word' id='word_1_61' title='bbox 1440 748 1538 806; x_wconf 84' lang='lat' dir='ltr'>regem</span> <span class='ocrx_word' id='word_1_62' title='bbox 1568 736 1702 794; x_wconf 89' lang='lat' dir='ltr'>verbum.</span> 
     </span>
     <span class='ocr_line' id='line_1_6' title="bbox 151 810 1725 898; baseline 0.011 -33"><span class='ocrx_word' id='word_1_63' title='bbox 151 810 352 868; x_wconf 86' lang='lat' dir='ltr'>netdominns</span> <span class='ocrx_word' id='word_1_64' title='bbox 369 828 453 868; x_wconf 90' lang='lat' dir='ltr'>meus</span> <span class='ocrx_word' id='word_1_65' title='bbox 479 827 529 869; x_wconf 84' lang='lat' dir='ltr'>rex</span> <span class='ocrx_word' id='word_1_66' title='bbox 555 829 645 885; x_wconf 88' lang='lat' dir='ltr'>super</span> <span class='ocrx_word' id='word_1_67' title='bbox 668 829 718 870; x_wconf 86' lang='lat' dir='ltr'>eor</span> <span class='ocrx_word' id='word_1_68' title='bbox 740 829 828 869; x_wconf 84' lang='lat' dir='ltr'>suum</span> <span class='ocrx_word' id='word_1_69' title='bbox 852 813 973 870; x_wconf 86' lang='lat' dir='ltr'>verbum</span> <span class='ocrx_word' id='word_1_70' title='bbox 1029 813 1170 885; x_wconf 80' lang='lat' dir='ltr'>Loquere.</span> <span class='ocrx_word' id='word_1_71' title='bbox 1188 816 1322 890; x_wconf 75' lang='lat' dir='ltr'>Dixitque</span> <span class='ocrx_word' id='word_1_72' title='bbox 1337 820 1453 878; x_wconf 89' lang='lat' dir='ltr'>mulier:</span> <span class='ocrx_word' id='word_1_73' title='bbox 1475 824 1569 889; x_wconf 84' lang='lat' dir='ltr'>Dnsre</span> <span class='ocrx_word' id='word_1_74' title='bbox 1590 825 1725 898; x_wconf 80' lang='lat' dir='ltr'>cogitssti</span> 
     </span>
     <span class='ocr_line' id='line_1_7' title="bbox 150 898 1720 982; baseline 0.011 -27"><span class='ocrx_word' id='word_1_75' title='bbox 150 898 242 968; x_wconf 90' lang='lat' dir='ltr'>istud,</span> <span class='ocrx_word' id='word_1_76' title='bbox 254 899 368 957; x_wconf 87' lang='lat' dir='ltr'>dioene:</span> <span class='ocrx_word' id='word_1_77' title='bbox 382 900 492 958; x_wconf 85' lang='lat' dir='ltr'>Omnes</span> <span class='ocrx_word' id='word_1_78' title='bbox 507 900 560 957; x_wconf 85' lang='lat' dir='ltr'>filii</span> <span class='ocrx_word' id='word_1_79' title='bbox 578 902 656 975; x_wconf 81' lang='lat' dir='ltr'>regis</span> <span class='ocrx_word' id='word_1_80' title='bbox 670 903 759 959; x_wconf 89' lang='lat' dir='ltr'>oooiet</span> <span class='ocrx_word' id='word_1_81' title='bbox 782 907 853 959; x_wconf 87' lang='lat' dir='ltr'>sunt</span> <span class='ocrx_word' id='word_1_82' title='bbox 869 917 875 956; x_wconf 76' lang='grc' dir='ltr'><strong><em>ε</em></strong></span> <span class='ocrx_word' id='word_1_83' title='bbox 902 918 973 974; x_wconf 93' lang='lat' dir='ltr'>quo·</span> <span class='ocrx_word' id='word_1_84' title='bbox 1028 904 1107 958; x_wconf 91' lang='lat' dir='ltr'>modi</span> <span class='ocrx_word' id='word_1_85' title='bbox 1122 921 1183 961; x_wconf 89' lang='lat' dir='ltr'>rem</span> <span class='ocrx_word' id='word_1_86' title='bbox 1199 912 1302 963; x_wconf 80' lang='lat' dir='ltr'>contra</span> <span class='ocrx_word' id='word_1_87' title='bbox 1316 909 1458 982; x_wconf 89' lang='lat' dir='ltr'>populum</span> <span class='ocrx_word' id='word_1_88' title='bbox 1474 911 1534 981; x_wconf 87' lang='lat' dir='ltr'>Dei,</span> <span class='ocrx_word' id='word_1_89' title='bbox 1550 919 1579 970; x_wconf 88' lang='lat' dir='ltr'>et</span> <span class='ocrx_word' id='word_1_90' title='bbox 1601 912 1720 973; x_wconf 84' lang='lat' dir='ltr'>loeutus</span> 
     </span>
     <span class='ocr_line' id='line_1_8' title="bbox 149 986 1702 1070; baseline 0.01 -25"><span class='ocrx_word' id='word_1_91' title='bbox 149 986 230 1045; x_wconf 85' lang='lat' dir='ltr'>nium</span> <span class='ocrx_word' id='word_1_92' title='bbox 247 990 361 1045; x_wconf 83' lang='lat' dir='ltr'><strong>Amnon</strong></span> <span class='ocrx_word' id='word_1_93' title='bbox 377 988 457 1047; x_wconf 88' lang='lat' dir='ltr'>solue</span> <span class='ocrx_word' id='word_1_94' title='bbox 474 996 609 1048; x_wconf 89' lang='lat' dir='ltr'>mortuus</span> <span class='ocrx_word' id='word_1_95' title='bbox 624 996 680 1048; x_wconf 91' lang='lat' dir='ltr'>eet.</span> <span class='ocrx_word' id='word_1_96' title='bbox 697 992 784 1065; x_wconf 78' lang='lat' dir='ltr'>Fugit</span> <span class='ocrx_word' id='word_1_97' title='bbox 798 995 898 1050; x_wconf 85' lang='lat' dir='ltr'>sutem</span> <span class='ocrx_word' id='word_1_98' title='bbox 915 991 973 1046; x_wconf 80' lang='lat' dir='ltr'>Ab·</span> <span class='ocrx_word' id='word_1_99' title='bbox 1027 992 1148 1048; x_wconf 84' lang='lat' dir='ltr'>verbum</span> <span class='ocrx_word' id='word_1_100' title='bbox 1166 993 1257 1061; x_wconf 85' lang='lat' dir='ltr'>istud,</span> <span class='ocrx_word' id='word_1_101' title='bbox 1275 1001 1306 1052; x_wconf 93' lang='lat' dir='ltr'>nt</span> <span class='ocrx_word' id='word_1_102' title='bbox 1318 1002 1428 1070; x_wconf 87' lang='lat' dir='ltr'>peooet,</span> <span class='ocrx_word' id='word_1_103' title='bbox 1443 1005 1472 1057; x_wconf 90' lang='lat' dir='ltr'>et</span> <span class='ocrx_word' id='word_1_104' title='bbox 1496 1017 1554 1057; x_wconf 90' lang='lat' dir='ltr'>non</span> <span class='ocrx_word' id='word_1_105' title='bbox 1578 1004 1702 1061; x_wconf 81' lang='lat' dir='ltr'>rednoet</span> 
     </span>
     <span class='ocr_line' id='line_1_9' title="bbox 151 1077 1725 1164; baseline 0.01 -30"><span class='ocrx_word' id='word_1_106' title='bbox 151 1077 255 1135; x_wconf 83' lang='lat' dir='ltr'>selom:</span> <span class='ocrx_word' id='word_1_107' title='bbox 270 1083 300 1135; x_wconf 90' lang='lat' dir='ltr'>et</span> <span class='ocrx_word' id='word_1_108' title='bbox 317 1078 421 1136; x_wconf 79' lang='lat' dir='ltr'>levavit</span> <span class='ocrx_word' id='word_1_109' title='bbox 433 1096 506 1152; x_wconf 89' lang='lat' dir='ltr'>puer</span> <span class='ocrx_word' id='word_1_110' title='bbox 528 1080 697 1152; x_wconf 86' lang='lat' dir='ltr'>speoulntor</span> <span class='ocrx_word' id='word_1_111' title='bbox 721 1079 822 1138; x_wconf 85' lang='lat' dir='ltr'>oeulos</span> <span class='ocrx_word' id='word_1_112' title='bbox 847 1097 929 1149; x_wconf 85' lang='lat' dir='ltr'>snos,</span> <span class='ocrx_word' id='word_1_113' title='bbox 946 1083 975 1136; x_wconf 87' lang='lat' dir='ltr'>et</span> <span class='ocrx_word' id='word_1_114' title='bbox 1027 1096 1116 1137; x_wconf 86' lang='lat' dir='ltr'>enum</span> <span class='ocrx_word' id='word_1_115' title='bbox 1131 1082 1145 1137; x_wconf 80' lang='lat' dir='ltr'>‘l</span> <span class='ocrx_word' id='word_1_116' title='bbox 1160 1082 1269 1142; x_wconf 88' lang='lat' dir='ltr'>Omnes</span> <span class='ocrx_word' id='word_1_117' title='bbox 1280 1085 1434 1158; x_wconf 80' lang='lat' dir='ltr'>morimur,</span> <span class='ocrx_word' id='word_1_118' title='bbox 1451 1094 1479 1146; x_wconf 89' lang='lat' dir='ltr'>et</span> <span class='ocrx_word' id='word_1_119' title='bbox 1493 1092 1578 1161; x_wconf 84' lang='lat' dir='ltr'>qussi</span> <span class='ocrx_word' id='word_1_120' title='bbox 1594 1108 1676 1164; x_wconf 75' lang='lat' dir='ltr'>uque</span> <span class='ocrx_word' id='word_1_121' title='bbox 1687 1092 1725 1150; x_wconf 89' lang='lat' dir='ltr'>dil</span> 
     </span>
     <span class='ocr_line' id='line_1_10' title="bbox 150 1167 1726 1253; baseline 0.01 -29"><span class='ocrx_word' id='word_1_122' title='bbox 150 1167 275 1241; x_wconf 75' lang='lat' dir='ltr'>aspexit:</span> <span class='ocrx_word' id='word_1_123' title='bbox 291 1173 321 1225; x_wconf 90' lang='lat' dir='ltr'>et</span> <span class='ocrx_word' id='word_1_124' title='bbox 335 1184 401 1225; x_wconf 85' lang='lat' dir='ltr'>eece</span> <span class='ocrx_word' id='word_1_125' title='bbox 416 1168 545 1241; x_wconf 77' lang='lat' dir='ltr'>populus</span> <span class='ocrx_word' id='word_1_126' title='bbox 560 1169 673 1226; x_wconf 85' lang='lat' dir='ltr'>multus</span> <span class='ocrx_word' id='word_1_127' title='bbox 688 1169 822 1227; x_wconf 77' lang='lat' dir='ltr'>ueniebat</span> <span class='ocrx_word' id='word_1_128' title='bbox 844 1186 896 1243; x_wconf 87' lang='lat' dir='ltr'>per</span> <span class='ocrx_word' id='word_1_129' title='bbox 920 1169 974 1226; x_wconf 91' lang='lat' dir='ltr'>iter</span> <span class='ocrx_word' id='word_1_130' title='bbox 1027 1170 1056 1225; x_wconf 91' lang='lat' dir='ltr'>in</span> <span class='ocrx_word' id='word_1_131' title='bbox 1074 1175 1195 1240; x_wconf 85' lang='lat' dir='ltr'>terrem,</span> <span class='ocrx_word' id='word_1_132' title='bbox 1212 1190 1276 1245; x_wconf 80' lang='lat' dir='ltr'>quae</span> <span class='ocrx_word' id='word_1_133' title='bbox 1293 1191 1351 1231; x_wconf 92' lang='lat' dir='ltr'>non</span> <span class='ocrx_word' id='word_1_134' title='bbox 1368 1182 1553 1235; x_wconf 85' lang='lat' dir='ltr'>revertuntur</span> <span class='ocrx_word' id='word_1_135' title='bbox 1569 1181 1726 1253; x_wconf 63' lang='lat' dir='ltr'>[inurerer</span> 
     </span>
     <span class='ocr_line' id='line_1_11' title="bbox 51 1254 1725 1336; baseline 0.008 -23"><span class='ocrx_word' id='word_1_136' title='bbox 51 1254 54 1265; x_wconf 92' lang='lat'>&#39;</span> <span class='ocrx_word' id='word_1_137' title='bbox 150 1256 268 1314; x_wconf 89' lang='lat' dir='ltr'>devium</span> <span class='ocrx_word' id='word_1_138' title='bbox 283 1256 422 1314; x_wconf 69' lang='lat' dir='ltr'>exlatere</span> <span class='ocrx_word' id='word_1_139' title='bbox 435 1259 554 1314; x_wconf 88' lang='lat' dir='ltr'>montis.</span> <span class='ocrx_word' id='word_1_140' title='bbox 574 1258 649 1314; x_wconf 82' lang='lat' dir='ltr'>Dixit</span> <span class='ocrx_word' id='word_1_141' title='bbox 664 1265 763 1316; x_wconf 86' lang='lat' dir='ltr'>entem</span> <span class='ocrx_word' id='word_1_142' title='bbox 787 1259 920 1317; x_wconf 82' lang='lat' dir='ltr'>Jonndnb</span> <span class='ocrx_word' id='word_1_143' title='bbox 936 1259 971 1315; x_wconf 87' lang='lat' dir='ltr'>ed</span> <span class='ocrx_word' id='word_1_144' title='bbox 1027 1276 1081 1317; x_wconf 87' lang='lat' dir='ltr'>neo</span> <span class='ocrx_word' id='word_1_145' title='bbox 1097 1261 1157 1316; x_wconf 90' lang='lat' dir='ltr'>vult</span> <span class='ocrx_word' id='word_1_146' title='bbox 1172 1261 1249 1318; x_wconf 89' lang='lat' dir='ltr'>Deus</span> <span class='ocrx_word' id='word_1_147' title='bbox 1263 1264 1358 1336; x_wconf 77' lang='lat' dir='ltr'>purim</span> <span class='ocrx_word' id='word_1_148' title='bbox 1374 1266 1517 1334; x_wconf 81' lang='lat' dir='ltr'>animem,</span> <span class='ocrx_word' id='word_1_149' title='bbox 1529 1269 1579 1325; x_wconf 85' lang='lat' dir='ltr'>sed</span> <span class='ocrx_word' id='word_1_150' title='bbox 1595 1277 1725 1328; x_wconf 74' lang='lat' dir='ltr'>tetrante</span> 
     </span>
     <span class='ocr_line' id='line_1_12' title="bbox 150 1346 1721 1429; baseline 0.011 -27"><span class='ocrx_word' id='word_1_151' title='bbox 150 1360 261 1419; x_wconf 81' lang='lat' dir='ltr'>regem:</span> <span class='ocrx_word' id='word_1_152' title='bbox 276 1346 348 1403; x_wconf 81' lang='lat' dir='ltr'>Eece</span> <span class='ocrx_word' id='word_1_153' title='bbox 364 1346 416 1402; x_wconf 86' lang='lat' dir='ltr'>liiii</span> <span class='ocrx_word' id='word_1_154' title='bbox 433 1348 511 1420; x_wconf 83' lang='lat' dir='ltr'>regie</span> <span class='ocrx_word' id='word_1_155' title='bbox 528 1348 646 1405; x_wconf 81' lang='lat' dir='ltr'>adeunt:</span> <span class='ocrx_word' id='word_1_156' title='bbox 659 1349 746 1420; x_wconf 73' lang='lat' dir='ltr'>Juxta</span> <span class='ocrx_word' id='word_1_157' title='bbox 761 1350 880 1405; x_wconf 88' lang='lat' dir='ltr'>verbum</span> <span class='ocrx_word' id='word_1_158' title='bbox 897 1349 972 1405; x_wconf 81' lang='lat' dir='ltr'>servi</span> <span class='ocrx_word' id='word_1_159' title='bbox 1027 1353 1094 1407; x_wconf 85' lang='lat' dir='ltr'>lens</span> <span class='ocrx_word' id='word_1_160' title='bbox 1107 1369 1143 1407; x_wconf 93' lang='lat' dir='ltr'>ne</span> <span class='ocrx_word' id='word_1_161' title='bbox 1159 1353 1277 1424; x_wconf 83' lang='lat' dir='ltr'>penitus</span> <span class='ocrx_word' id='word_1_162' title='bbox 1293 1359 1392 1425; x_wconf 80' lang='lat' dir='ltr'>pereat</span> <span class='ocrx_word' id='word_1_163' title='bbox 1407 1356 1458 1427; x_wconf 89' lang='lat' dir='ltr'>qui</span> <span class='ocrx_word' id='word_1_164' title='bbox 1475 1358 1607 1429; x_wconf 84' lang='lat' dir='ltr'>objectus</span> <span class='ocrx_word' id='word_1_165' title='bbox 1622 1365 1679 1417; x_wconf 81' lang='lat' dir='ltr'>est.</span> <span class='ocrx_word' id='word_1_166' title='bbox 1696 1360 1721 1419; x_wconf 81' lang='grc' dir='ltr'><strong>Ν</strong></span> 
     </span>
     <span class='ocr_line' id='line_1_13' title="bbox 150 1436 1725 1523; baseline 0.009 -31"><span class='ocrx_word' id='word_1_167' title='bbox 150 1436 194 1492; x_wconf 84' lang='lat' dir='ltr'>tui</span> <span class='ocrx_word' id='word_1_168' title='bbox 210 1436 253 1492; x_wconf 87' lang='lat' dir='ltr'>eie</span> <span class='ocrx_word' id='word_1_169' title='bbox 265 1437 373 1492; x_wconf 83' lang='lat' dir='ltr'>loetum</span> <span class='ocrx_word' id='word_1_170' title='bbox 388 1439 443 1492; x_wconf 84' lang='lat' dir='ltr'>est.</span> <span class='ocrx_word' id='word_1_171' title='bbox 466 1437 599 1508; x_wconf 84' lang='lat' dir='ltr'>Cumque</span> <span class='ocrx_word' id='word_1_172' title='bbox 615 1443 762 1494; x_wconf 74' lang='lat' dir='ltr'>cessasset</span> <span class='ocrx_word' id='word_1_173' title='bbox 772 1437 864 1511; x_wconf 78' lang='lat' dir='ltr'>loqui,</span> <span class='ocrx_word' id='word_1_174' title='bbox 881 1455 972 1510; x_wconf 84' lang='lat' dir='ltr'>uppu-</span> <span class='ocrx_word' id='word_1_175' title='bbox 1027 1444 1075 1496; x_wconf 88' lang='lat' dir='ltr'>tur</span> <span class='ocrx_word' id='word_1_176' title='bbox 1088 1441 1164 1507; x_wconf 89' lang='lat' dir='ltr'>veni,</span> <span class='ocrx_word' id='word_1_177' title='bbox 1181 1445 1214 1497; x_wconf 89' lang='lat' dir='ltr'>ut</span> <span class='ocrx_word' id='word_1_178' title='bbox 1226 1441 1330 1513; x_wconf 88' lang='lat' dir='ltr'>loquor</span> <span class='ocrx_word' id='word_1_179' title='bbox 1345 1444 1381 1499; x_wconf 88' lang='lat' dir='ltr'>ud</span> <span class='ocrx_word' id='word_1_180' title='bbox 1398 1445 1552 1504; x_wconf 88' lang='lat' dir='ltr'>dominum</span> <span class='ocrx_word' id='word_1_181' title='bbox 1570 1464 1668 1505; x_wconf 87' lang='lat' dir='ltr'>meum</span> <span class='ocrx_word' id='word_1_182' title='bbox 1676 1466 1725 1523; x_wconf 76' lang='lat' dir='ltr'>rep</span> 
     </span>
     <span class='ocr_line' id='line_1_14' title="bbox 149 1527 1724 1605; baseline 0.006 -20"><span class='ocrx_word' id='word_1_183' title='bbox 149 1531 276 1585; x_wconf 85' lang='lat' dir='ltr'>ruerunt</span> <span class='ocrx_word' id='word_1_184' title='bbox 288 1531 318 1583; x_wconf 87' lang='lat' dir='ltr'>et</span> <span class='ocrx_word' id='word_1_185' title='bbox 332 1527 385 1581; x_wconf 84' lang='lat' dir='ltr'>filii</span> <span class='ocrx_word' id='word_1_186' title='bbox 402 1527 490 1599; x_wconf 84' lang='lat' dir='ltr'>regie:</span> <span class='ocrx_word' id='word_1_187' title='bbox 510 1533 539 1582; x_wconf 91' lang='lat' dir='ltr'>et</span> <span class='ocrx_word' id='word_1_188' title='bbox 564 1527 711 1584; x_wconf 78' lang='lat' dir='ltr'>intrantes</span> <span class='ocrx_word' id='word_1_189' title='bbox 732 1527 901 1585; x_wconf 78' lang='lat' dir='ltr'>levaverunt</span> <span class='ocrx_word' id='word_1_190' title='bbox 924 1546 972 1585; x_wconf 86' lang='lat' dir='ltr'>vo·</span> <span class='ocrx_word' id='word_1_191' title='bbox 1027 1531 1097 1585; x_wconf 91' lang='lat' dir='ltr'>bum</span> <span class='ocrx_word' id='word_1_192' title='bbox 1113 1529 1179 1600; x_wconf 89' lang='lat' dir='ltr'>hoc,</span> <span class='ocrx_word' id='word_1_193' title='bbox 1196 1537 1339 1602; x_wconf 76' lang='lat' dir='ltr'>praesente</span> <span class='ocrx_word' id='word_1_194' title='bbox 1354 1533 1473 1605; x_wconf 90' lang='lat' dir='ltr'>populo.</span> <span class='ocrx_word' id='word_1_195' title='bbox 1490 1539 1524 1591; x_wconf 83' lang='lat' dir='ltr'>Et</span> <span class='ocrx_word' id='word_1_196' title='bbox 1548 1536 1622 1594; x_wconf 86' lang='lat' dir='ltr'>dixit</span> <span class='ocrx_word' id='word_1_197' title='bbox 1645 1538 1724 1594; x_wconf 85' lang='lat' dir='ltr'>nnoil</span> 
     </span>
     <span class='ocr_line' id='line_1_15' title="bbox 149 1616 1706 1693; baseline 0.006 -21"><span class='ocrx_word' id='word_1_198' title='bbox 149 1632 212 1673; x_wconf 84' lang='lat' dir='ltr'>uem</span> <span class='ocrx_word' id='word_1_199' title='bbox 229 1631 326 1684; x_wconf 84' lang='lat' dir='ltr'>sunm,</span> <span class='ocrx_word' id='word_1_200' title='bbox 341 1621 371 1672; x_wconf 87' lang='lat' dir='ltr'>et</span> <span class='ocrx_word' id='word_1_201' title='bbox 382 1616 536 1672; x_wconf 81' lang='lat' dir='ltr'>deserunt:</span> <span class='ocrx_word' id='word_1_202' title='bbox 551 1616 602 1672; x_wconf 89' lang='lat' dir='ltr'>sed</span> <span class='ocrx_word' id='word_1_203' title='bbox 618 1621 647 1672; x_wconf 91' lang='lat' dir='ltr'>et</span> <span class='ocrx_word' id='word_1_204' title='bbox 662 1634 709 1674; x_wconf 83' lang='lat' dir='ltr'>rex</span> <span class='ocrx_word' id='word_1_205' title='bbox 727 1622 755 1673; x_wconf 85' lang='lat' dir='ltr'>et</span> <span class='ocrx_word' id='word_1_206' title='bbox 772 1634 873 1674; x_wconf 89' lang='lat' dir='ltr'>omnes</span> <span class='ocrx_word' id='word_1_207' title='bbox 897 1617 971 1674; x_wconf 87' lang='lat' dir='ltr'>servi</span> <span class='ocrx_word' id='word_1_208' title='bbox 1028 1619 1144 1690; x_wconf 85' lang='lat' dir='ltr'>Loquor</span> <span class='ocrx_word' id='word_1_209' title='bbox 1159 1619 1195 1674; x_wconf 85' lang='lat' dir='ltr'>sd</span> <span class='ocrx_word' id='word_1_210' title='bbox 1209 1635 1319 1691; x_wconf 85' lang='lat' dir='ltr'>regem,</span> <span class='ocrx_word' id='word_1_211' title='bbox 1335 1622 1360 1677; x_wconf 94' lang='lat' dir='ltr'>si</span> <span class='ocrx_word' id='word_1_212' title='bbox 1376 1638 1434 1693; x_wconf 90' lang='lat' dir='ltr'>quo</span> <span class='ocrx_word' id='word_1_213' title='bbox 1451 1624 1537 1679; x_wconf 88' lang='lat' dir='ltr'>modo</span> <span class='ocrx_word' id='word_1_214' title='bbox 1550 1625 1639 1681; x_wconf 75' lang='lat' dir='ltr'>[sciet</span> <span class='ocrx_word' id='word_1_215' title='bbox 1654 1642 1706 1682; x_wconf 88' lang='lat' dir='ltr'>rex</span> 
     </span>
     <span class='ocr_line' id='line_1_16' title="bbox 148 1704 1725 1780; baseline 0.006 -18"><span class='ocrx_word' id='word_1_216' title='bbox 148 1707 213 1778; x_wconf 89' lang='lat' dir='ltr'>ejus</span> <span class='ocrx_word' id='word_1_217' title='bbox 228 1706 370 1762; x_wconf 75' lang='lat' dir='ltr'>fleverunt</span> <span class='ocrx_word' id='word_1_218' title='bbox 381 1704 496 1778; x_wconf 82' lang='lat' dir='ltr'>ploratu</span> <span class='ocrx_word' id='word_1_219' title='bbox 508 1706 720 1777; x_wconf 82' lang='lat' dir='ltr'>mugnonimis.</span> <span class='ocrx_word' id='word_1_220' title='bbox 733 1712 821 1764; x_wconf 89' lang='lat' dir='ltr'>Porro</span> <span class='ocrx_word' id='word_1_221' title='bbox 832 1707 971 1764; x_wconf 81' lang='lat' dir='ltr'>Absoiom</span> <span class='ocrx_word' id='word_1_222' title='bbox 1026 1706 1138 1763; x_wconf 80' lang='lat' dir='ltr'>nnoillae</span> <span class='ocrx_word' id='word_1_223' title='bbox 1154 1725 1223 1764; x_wconf 81' lang='lat' dir='ltr'>eune.</span> <span class='ocrx_word' id='word_1_224' title='bbox 1246 1709 1280 1763; x_wconf 79' lang='lat' dir='ltr'>nt</span> <span class='ocrx_word' id='word_1_225' title='bbox 1296 1708 1408 1765; x_wconf 85' lang='lat' dir='ltr'>endivit</span> <span class='ocrx_word' id='word_1_226' title='bbox 1423 1726 1484 1780; x_wconf 87' lang='lat' dir='ltr'>rex,</span> <span class='ocrx_word' id='word_1_227' title='bbox 1501 1722 1530 1767; x_wconf 87' lang='lat' dir='ltr'>nt</span> <span class='ocrx_word' id='word_1_228' title='bbox 1553 1711 1692 1771; x_wconf 77' lang='lat' dir='ltr'>liberaret</span> <span class='ocrx_word' id='word_1_229' title='bbox 1713 1732 1725 1772; x_wconf 85' lang='lat' dir='ltr'>e</span> 
     </span>
     <span class='ocr_line' id='line_1_17' title="bbox 147 1794 1724 1897; baseline 0.005 -45"><span class='ocrx_word' id='word_1_230' title='bbox 147 1795 274 1869; x_wconf 76' lang='lat' dir='ltr'>fugiens,</span> <span class='ocrx_word' id='word_1_231' title='bbox 303 1795 428 1853; x_wconf 85' lang='lat' dir='ltr'>ubiitsb</span> <span class='ocrx_word' id='word_1_232' title='bbox 457 1794 612 1852; x_wconf 72' lang='lat' dir='ltr'>‘tholomei</span> <span class='ocrx_word' id='word_1_233' title='bbox 639 1795 681 1868; x_wconf 83' lang='lat' dir='ltr'>(h.</span> <span class='ocrx_word' id='word_1_234' title='bbox 703 1796 848 1869; x_wconf 82' lang='lat' dir='ltr'>Tbulrnui)</span> <span class='ocrx_word' id='word_1_235' title='bbox 878 1794 970 1851; x_wconf 86' lang='lat' dir='ltr'>lilium</span> <span class='ocrx_word' id='word_1_236' title='bbox 989 1832 1010 1897; x_wconf 75' lang='lat' dir='ltr'>B</span> <span class='ocrx_word' id='word_1_237' title='bbox 1029 1797 1267 1853; x_wconf 86' lang='lat' dir='ltr'>suuurdemnnu</span> <span class='ocrx_word' id='word_1_238' title='bbox 1284 1798 1567 1873; x_wconf 79' lang='lat' dir='ltr'>omnium(b.viri),</span> <span class='ocrx_word' id='word_1_239' title='bbox 1584 1802 1634 1872; x_wconf 88' lang='lat' dir='ltr'>qui</span> <span class='ocrx_word' id='word_1_240' title='bbox 1658 1803 1724 1861; x_wconf 90' lang='lat' dir='ltr'>vole</span> 
     </span>
     <span class='ocr_line' id='line_1_18' title="bbox 145 1884 1725 1964; baseline 0.006 -22"><span class='ocrx_word' id='word_1_241' title='bbox 145 1886 326 1956; x_wconf 75' lang='lat' dir='ltr'>Amiud1ms.</span> <span class='ocrx_word' id='word_1_242' title='bbox 339 1884 687 1957; x_wconf 70' lang='lat' dir='ltr'>dmiur]regemGessur.</span> <span class='ocrx_word' id='word_1_243' title='bbox 701 1885 787 1941; x_wconf 87' lang='lat' dir='ltr'>Luxit</span> <span class='ocrx_word' id='word_1_244' title='bbox 799 1902 868 1959; x_wconf 83' lang='lat' dir='ltr'>ergo</span> <span class='ocrx_word' id='word_1_245' title='bbox 881 1884 971 1941; x_wconf 80' lang='lat' dir='ltr'>David</span> <span class='ocrx_word' id='word_1_246' title='bbox 1028 1885 1196 1942; x_wconf 77' lang='lat' dir='ltr'>hereditate</span> <span class='ocrx_word' id='word_1_247' title='bbox 1213 1887 1261 1942; x_wconf 92' lang='lat' dir='ltr'>Dei</span> <span class='ocrx_word' id='word_1_248' title='bbox 1278 1886 1374 1943; x_wconf 87' lang='lat' dir='ltr'>delere</span> <span class='ocrx_word' id='word_1_249' title='bbox 1389 1887 1430 1961; x_wconf 88' lang='lat' dir='ltr'>(b.</span> <span class='ocrx_word' id='word_1_250' title='bbox 1447 1889 1627 1962; x_wconf 86' lang='lat' dir='ltr'>disperdere)</span> <span class='ocrx_word' id='word_1_251' title='bbox 1640 1908 1699 1964; x_wconf 89' lang='lat' dir='ltr'>me,</span> <span class='ocrx_word' id='word_1_252' title='bbox 1714 1910 1725 1951; x_wconf 84' lang='lat' dir='ltr'>t</span> 
     </span>
     <span class='ocr_line' id='line_1_19' title="bbox 146 1972 1722 2049; baseline 0.005 -18"><span class='ocrx_word' id='word_1_253' title='bbox 146 1975 242 2032; x_wconf 86' lang='lat' dir='ltr'>fllium</span> <span class='ocrx_word' id='word_1_254' title='bbox 258 1992 345 2031; x_wconf 90' lang='lat' dir='ltr'>sunm</span> <span class='ocrx_word' id='word_1_255' title='bbox 362 1974 477 2031; x_wconf 85' lang='lat' dir='ltr'>cunetis</span> <span class='ocrx_word' id='word_1_256' title='bbox 489 1972 603 2030; x_wconf 88' lang='lat' dir='ltr'>diebue.</span> <span class='ocrx_word' id='word_1_257' title='bbox 627 1973 766 2030; x_wconf 76' lang='lat' dir='ltr'>Abselom</span> <span class='ocrx_word' id='word_1_258' title='bbox 782 1979 880 2030; x_wconf 85' lang='lat' dir='ltr'>eutem</span> <span class='ocrx_word' id='word_1_259' title='bbox 906 1991 972 2030; x_wconf 86' lang='lat' dir='ltr'>cum</span> <span class='ocrx_word' id='word_1_260' title='bbox 1005 1985 1007 1989; x_wconf 84' lang='lat'>&#39;</span> <span class='ocrx_word' id='word_1_261' title='bbox 1027 1990 1126 2031; x_wconf 91' lang='lat' dir='ltr'>meum</span> <span class='ocrx_word' id='word_1_262' title='bbox 1143 1974 1241 2032; x_wconf 89' lang='lat' dir='ltr'>simul.</span> <span class='ocrx_word' id='word_1_263' title='bbox 1260 1977 1340 2032; x_wconf 85' lang='lat' dir='ltr'>Dieut</span> <span class='ocrx_word' id='word_1_264' title='bbox 1354 1994 1421 2049; x_wconf 81' lang='lat' dir='ltr'>ergo</span> <span class='ocrx_word' id='word_1_265' title='bbox 1432 1978 1540 2036; x_wconf 80' lang='lat' dir='ltr'>ancille</span> <span class='ocrx_word' id='word_1_266' title='bbox 1553 1987 1612 2049; x_wconf 84' lang='lat' dir='ltr'>tun,</span> <span class='ocrx_word' id='word_1_267' title='bbox 1625 1981 1722 2040; x_wconf 74' lang='lat' dir='ltr'>uruat</span> 
     </span>
     <span class='ocr_line' id='line_1_20' title="bbox 145 2062 1725 2144; baseline 0.004 -24"><span class='ocrx_word' id='word_1_268' title='bbox 145 2063 282 2137; x_wconf 77' lang='lat' dir='ltr'>fugisset,</span> <span class='ocrx_word' id='word_1_269' title='bbox 299 2069 328 2120; x_wconf 92' lang='lat' dir='ltr'>et</span> <span class='ocrx_word' id='word_1_270' title='bbox 342 2063 471 2120; x_wconf 86' lang='lat' dir='ltr'>venisset</span> <span class='ocrx_word' id='word_1_271' title='bbox 485 2063 515 2119; x_wconf 92' lang='lat' dir='ltr'>in</span> <span class='ocrx_word' id='word_1_272' title='bbox 531 2062 651 2133; x_wconf 82' lang='lat' dir='ltr'>Gessur,</span> <span class='ocrx_word' id='word_1_273' title='bbox 668 2062 722 2118; x_wconf 83' lang='lat' dir='ltr'>luit</span> <span class='ocrx_word' id='word_1_274' title='bbox 737 2062 777 2118; x_wconf 92' lang='lat' dir='ltr'>ibi</span> <span class='ocrx_word' id='word_1_275' title='bbox 799 2064 894 2119; x_wconf 88' lang='lat' dir='ltr'>tribue</span> <span class='ocrx_word' id='word_1_276' title='bbox 920 2080 971 2118; x_wconf 86' lang='lat' dir='ltr'>en·</span> <span class='ocrx_word' id='word_1_277' title='bbox 1027 2065 1139 2121; x_wconf 92' lang='lat' dir='ltr'>domini</span> <span class='ocrx_word' id='word_1_278' title='bbox 1155 2066 1211 2121; x_wconf 80' lang='lat' dir='ltr'>inei</span> <span class='ocrx_word' id='word_1_279' title='bbox 1236 2068 1312 2138; x_wconf 81' lang='lat' dir='ltr'>rogis</span> <span class='ocrx_word' id='word_1_280' title='bbox 1335 2066 1419 2138; x_wconf 84' lang='lat' dir='ltr'>qussi</span> <span class='ocrx_word' id='word_1_281' title='bbox 1441 2067 1618 2125; x_wconf 77' lang='lat' dir='ltr'>sucrificium</span> <span class='ocrx_word' id='word_1_282' title='bbox 1643 2070 1687 2140; x_wconf 91' lang='lat' dir='ltr'>[b.</span> <span class='ocrx_word' id='word_1_283' title='bbox 1710 2087 1725 2144; x_wconf 88' lang='lat' dir='ltr'>q</span> 
     </span>
     <span class='ocr_line' id='line_1_21' title="bbox 149 2151 1725 2228; baseline 0.005 -18"><span class='ocrx_word' id='word_1_284' title='bbox 149 2153 208 2210; x_wconf 87' lang='lat' dir='ltr'>nis.</span> <span class='ocrx_word' id='word_1_285' title='bbox 224 2152 412 2224; x_wconf 70' lang='lat' dir='ltr'>cessavitque</span> <span class='ocrx_word' id='word_1_286' title='bbox 427 2152 516 2208; x_wconf 87' lang='lat' dir='ltr'>Duvid</span> <span class='ocrx_word' id='word_1_287' title='bbox 533 2168 583 2208; x_wconf 90' lang='lat' dir='ltr'>rex</span> <span class='ocrx_word' id='word_1_288' title='bbox 597 2152 734 2224; x_wconf 84' lang='lat' dir='ltr'>persequi</span> <span class='ocrx_word' id='word_1_289' title='bbox 750 2152 791 2224; x_wconf 90' lang='lat' dir='ltr'>[b.</span> <span class='ocrx_word' id='word_1_290' title='bbox 807 2151 884 2208; x_wconf 84' lang='lat' dir='ltr'>exire</span> <span class='ocrx_word' id='word_1_291' title='bbox 895 2157 972 2224; x_wconf 85' lang='lat' dir='ltr'>poet]</span> <span class='ocrx_word' id='word_1_292' title='bbox 1026 2155 1171 2226; x_wconf 75' lang='lat' dir='ltr'>requierit.</span> <span class='ocrx_word' id='word_1_293' title='bbox 1189 2154 1270 2211; x_wconf 85' lang='lat' dir='ltr'>Siout</span> <span class='ocrx_word' id='word_1_294' title='bbox 1285 2154 1363 2211; x_wconf 85' lang='lat' dir='ltr'>enim</span> <span class='ocrx_word' id='word_1_295' title='bbox 1379 2156 1501 2228; x_wconf 79' lang='lat' dir='ltr'>angelus</span> <span class='ocrx_word' id='word_1_296' title='bbox 1513 2157 1574 2224; x_wconf 87' lang='lat' dir='ltr'>Dei,</span> <span class='ocrx_word' id='word_1_297' title='bbox 1590 2159 1633 2216; x_wconf 87' lang='lat' dir='ltr'>sie</span> <span class='ocrx_word' id='word_1_298' title='bbox 1647 2165 1696 2217; x_wconf 87' lang='lat' dir='ltr'>est</span> <span class='ocrx_word' id='word_1_299' title='bbox 1709 2160 1725 2218; x_wconf 90' lang='lat' dir='ltr'>d</span> 
     </span>
     <span class='ocr_line' id='line_1_22' title="bbox 146 2240 1725 2315; baseline 0.005 -16"><span class='ocrx_word' id='word_1_300' title='bbox 146 2242 284 2300; x_wconf 83' lang='lat' dir='ltr'>dbsslom</span> <span class='ocrx_word' id='word_1_301' title='bbox 296 2243 318 2312; x_wconf 81' lang='lat'>²,</span> <span class='ocrx_word' id='word_1_302' title='bbox 334 2258 367 2299; x_wconf 91' lang='lat' dir='ltr'>eo</span> <span class='ocrx_word' id='word_1_303' title='bbox 383 2242 461 2314; x_wconf 90' lang='lat' dir='ltr'>quod</span> <span class='ocrx_word' id='word_1_304' title='bbox 476 2240 645 2298; x_wconf 77' lang='lat' dir='ltr'>consolatus</span> <span class='ocrx_word' id='word_1_305' title='bbox 660 2245 736 2298; x_wconf 87' lang='lat' dir='ltr'>esset</span> <span class='ocrx_word' id='word_1_306' title='bbox 751 2257 841 2315; x_wconf 87' lang='lat' dir='ltr'>super</span> <span class='ocrx_word' id='word_1_307' title='bbox 856 2246 971 2299; x_wconf 77' lang='lat' dir='ltr'>Amnon</span> <span class='ocrx_word' id='word_1_308' title='bbox 1028 2262 1112 2300; x_wconf 86' lang='lat' dir='ltr'>moue</span> <span class='ocrx_word' id='word_1_309' title='bbox 1128 2261 1188 2314; x_wconf 85' lang='lat' dir='ltr'>rex,</span> <span class='ocrx_word' id='word_1_310' title='bbox 1205 2249 1236 2299; x_wconf 95' lang='lat' dir='ltr'>ut</span> <span class='ocrx_word' id='word_1_311' title='bbox 1252 2261 1304 2300; x_wconf 88' lang='lat' dir='ltr'>neo</span> <span class='ocrx_word' id='word_1_312' title='bbox 1331 2246 1541 2314; x_wconf 83' lang='lat' dir='ltr'>benedictione,</span> <span class='ocrx_word' id='word_1_313' title='bbox 1566 2264 1620 2304; x_wconf 90' lang='lat' dir='ltr'>neo</span> <span class='ocrx_word' id='word_1_314' title='bbox 1645 2249 1725 2307; x_wconf 71' lang='lat' dir='ltr'>mele</span> 
     </span>
     <span class='ocr_line' id='line_1_23' title="bbox 151 2331 1714 2411; baseline 0.003 -22"><span class='ocrx_word' id='word_1_315' title='bbox 151 2331 283 2390; x_wconf 85' lang='lat' dir='ltr'>interitu.</span> <span class='ocrx_word' id='word_1_316' title='bbox 1028 2338 1178 2391; x_wconf 81' lang='lat' dir='ltr'>moventur</span> <span class='ocrx_word' id='word_1_317' title='bbox 1192 2333 1234 2403; x_wconf 86' lang='lat' dir='ltr'>[b.</span> <span class='ocrx_word' id='word_1_318' title='bbox 1253 2339 1284 2389; x_wconf 89' lang='lat' dir='ltr'>ut</span> <span class='ocrx_word' id='word_1_319' title='bbox 1297 2334 1399 2390; x_wconf 78' lang='lat' dir='ltr'>audini</span> <span class='ocrx_word' id='word_1_320' title='bbox 1415 2336 1518 2392; x_wconf 81' lang='lat' dir='ltr'>bmrum</span> <span class='ocrx_word' id='word_1_321' title='bbox 1533 2341 1559 2393; x_wconf 82' lang='lat' dir='ltr'>et</span> <span class='ocrx_word' id='word_1_322' title='bbox 1572 2338 1714 2411; x_wconf 74' lang='lat' dir='ltr'>materni:</span> 
     </span>
     <span class='ocr_line' id='line_1_24' title="bbox 187 2418 1725 2495; baseline 0.005 -17"><span class='ocrx_word' id='word_1_323' title='bbox 187 2422 232 2495; x_wconf 84' lang='lat' dir='ltr'>[T.</span> <span class='ocrx_word' id='word_1_324' title='bbox 247 2420 335 2490; x_wconf 83' lang='lat' dir='ltr'>CXII,</span> <span class='ocrx_word' id='word_1_325' title='bbox 351 2420 415 2493; x_wconf 84' lang='lat' dir='ltr'>Cep.</span> <span class='ocrx_word' id='word_1_326' title='bbox 427 2418 688 2491; x_wconf 79' lang='lat' dir='ltr'>lillilluteliigene</span> <span class='ocrx_word' id='word_1_327' title='bbox 700 2423 797 2476; x_wconf 86' lang='lat' dir='ltr'>eutem</span> <span class='ocrx_word' id='word_1_328' title='bbox 808 2419 881 2477; x_wconf 86' lang='lat' dir='ltr'>Jonb</span> <span class='ocrx_word' id='word_1_329' title='bbox 893 2418 971 2476; x_wconf 87' lang='lat' dir='ltr'>filius</span> <span class='ocrx_word' id='word_1_330' title='bbox 1026 2422 1170 2479; x_wconf 83' lang='lat' dir='ltr'>Dominus</span> <span class='ocrx_word' id='word_1_331' title='bbox 1188 2424 1261 2478; x_wconf 88' lang='lat' dir='ltr'>Deus</span> <span class='ocrx_word' id='word_1_332' title='bbox 1278 2427 1347 2479; x_wconf 84' lang='lat' dir='ltr'>tuus</span> <span class='ocrx_word' id='word_1_333' title='bbox 1364 2422 1403 2495; x_wconf 89' lang='lat' dir='ltr'>(h.</span> <span class='ocrx_word' id='word_1_334' title='bbox 1420 2427 1449 2480; x_wconf 87' lang='lat' dir='ltr'>et</span> <span class='ocrx_word' id='word_1_335' title='bbox 1463 2423 1619 2495; x_wconf 90' lang='lat' dir='ltr'>Dominus)</span> <span class='ocrx_word' id='word_1_336' title='bbox 1634 2432 1682 2484; x_wconf 90' lang='lat' dir='ltr'>est</span> <span class='ocrx_word' id='word_1_337' title='bbox 1696 2434 1725 2486; x_wconf 87' lang='lat' dir='ltr'>to</span> 
     </span>
     <span class='ocr_line' id='line_1_25' title="bbox 149 2507 1725 2583; baseline 0.002 -14"><span class='ocrx_word' id='word_1_338' title='bbox 149 2511 256 2569; x_wconf 78' lang='lat' dir='ltr'>Sersiae</span> <span class='ocrx_word' id='word_1_339' title='bbox 272 2511 349 2583; x_wconf 91' lang='lat' dir='ltr'>quod</span> <span class='ocrx_word' id='word_1_340' title='bbox 364 2526 415 2567; x_wconf 89' lang='lat' dir='ltr'>cor</span> <span class='ocrx_word' id='word_1_341' title='bbox 429 2508 507 2579; x_wconf 74' lang='lat' dir='ltr'>regis</span> <span class='ocrx_word' id='word_1_342' title='bbox 523 2524 639 2564; x_wconf 85' lang='lat' dir='ltr'>versum</span> <span class='ocrx_word' id='word_1_343' title='bbox 659 2513 737 2564; x_wconf 84' lang='lat' dir='ltr'>esset</span> <span class='ocrx_word' id='word_1_344' title='bbox 761 2508 797 2565; x_wconf 85' lang='lat' dir='ltr'>nd</span> <span class='ocrx_word' id='word_1_345' title='bbox 823 2507 971 2579; x_wconf 81' lang='lat' dir='ltr'>dbsulum,</span> <span class='ocrx_word' id='word_1_346' title='bbox 1027 2510 1209 2580; x_wconf 77' lang='lat' dir='ltr'>respondeus</span> <span class='ocrx_word' id='word_1_347' title='bbox 1226 2525 1287 2578; x_wconf 81' lang='lat' dir='ltr'>rex,</span> <span class='ocrx_word' id='word_1_348' title='bbox 1303 2508 1376 2565; x_wconf 86' lang='lat' dir='ltr'>dixit</span> <span class='ocrx_word' id='word_1_349' title='bbox 1387 2511 1422 2566; x_wconf 87' lang='lat' dir='ltr'>ud</span> <span class='ocrx_word' id='word_1_350' title='bbox 1438 2510 1602 2568; x_wconf 88' lang='lat' dir='ltr'>mulierem:</span> <span class='ocrx_word' id='word_1_351' title='bbox 1619 2512 1662 2570; x_wconf 87' lang='lat' dir='ltr'>Ne</span> <span class='ocrx_word' id='word_1_352' title='bbox 1687 2515 1725 2572; x_wconf 73' lang='lat' dir='ltr'>nb</span> 
     </span>
     <span class='ocr_line' id='line_1_26' title="bbox 150 2596 1722 2676; baseline 0.002 -18"><span class='ocrx_word' id='word_1_353' title='bbox 150 2601 232 2659; x_wconf 85' lang='lat' dir='ltr'>misit</span> <span class='ocrx_word' id='word_1_354' title='bbox 245 2599 405 2666; x_wconf 82' lang='lat' dir='ltr'>Tbeouum,</span> <span class='ocrx_word' id='word_1_355' title='bbox 421 2603 451 2655; x_wconf 87' lang='lat' dir='ltr'>et</span> <span class='ocrx_word' id='word_1_356' title='bbox 465 2596 531 2654; x_wconf 88' lang='lat' dir='ltr'>tulit</span> <span class='ocrx_word' id='word_1_357' title='bbox 546 2596 613 2653; x_wconf 93' lang='lat' dir='ltr'>inde</span> <span class='ocrx_word' id='word_1_358' title='bbox 629 2596 780 2654; x_wconf 88' lang='lat' dir='ltr'>mulierem</span> <span class='ocrx_word' id='word_1_359' title='bbox 796 2596 969 2669; x_wconf 84' lang='lat' dir='ltr'>eapientem,</span> <span class='ocrx_word' id='word_1_360' title='bbox 1026 2616 1043 2655; x_wconf 85' lang='lat' dir='ltr'>e</span> <span class='ocrx_word' id='word_1_361' title='bbox 1059 2615 1104 2654; x_wconf 90' lang='lat' dir='ltr'>me</span> <span class='ocrx_word' id='word_1_362' title='bbox 1120 2599 1252 2665; x_wconf 80' lang='lat' dir='ltr'>verbum,</span> <span class='ocrx_word' id='word_1_363' title='bbox 1268 2600 1346 2671; x_wconf 90' lang='lat' dir='ltr'>quod</span> <span class='ocrx_word' id='word_1_364' title='bbox 1362 2604 1390 2655; x_wconf 90' lang='lat' dir='ltr'>to</span> <span class='ocrx_word' id='word_1_365' title='bbox 1405 2599 1564 2674; x_wconf 71' lang='lat' dir='ltr'>Interrogo.</span> <span class='ocrx_word' id='word_1_366' title='bbox 1580 2602 1722 2676; x_wconf 78' lang='lat' dir='ltr'>Dixitque</span> 
     </span>
     <span class='ocr_line' id='line_1_27' title="bbox 148 2683 1725 2763; baseline 0.001 -15"><span class='ocrx_word' id='word_1_367' title='bbox 148 2690 279 2763; x_wconf 84' lang='lat' dir='ltr'>dixitque</span> <span class='ocrx_word' id='word_1_368' title='bbox 308 2689 345 2745; x_wconf 85' lang='lat' dir='ltr'>ed</span> <span class='ocrx_word' id='word_1_369' title='bbox 364 2704 441 2745; x_wconf 84' lang='lat' dir='ltr'>eum:</span> <span class='ocrx_word' id='word_1_370' title='bbox 470 2687 623 2758; x_wconf 81' lang='lat' dir='ltr'>Lugerete</span> <span class='ocrx_word' id='word_1_371' title='bbox 652 2683 773 2757; x_wconf 78' lang='lat' dir='ltr'>simule,</span> <span class='ocrx_word' id='word_1_372' title='bbox 791 2690 819 2742; x_wconf 85' lang='lat' dir='ltr'>et</span> <span class='ocrx_word' id='word_1_373' title='bbox 847 2685 969 2742; x_wconf 89' lang='lat' dir='ltr'>induere</span> <span class='ocrx_word' id='word_1_374' title='bbox 1026 2687 1169 2759; x_wconf 84' lang='lat' dir='ltr'>Loquere,</span> <span class='ocrx_word' id='word_1_375' title='bbox 1185 2687 1303 2744; x_wconf 91' lang='lat' dir='ltr'>domine</span> <span class='ocrx_word' id='word_1_376' title='bbox 1328 2689 1366 2744; x_wconf 90' lang='lat' dir='ltr'>mi</span> <span class='ocrx_word' id='word_1_377' title='bbox 1397 2705 1456 2746; x_wconf 87' lang='lat' dir='ltr'>rex.</span> <span class='ocrx_word' id='word_1_378' title='bbox 1486 2690 1577 2748; x_wconf 75' lang='lat' dir='ltr'>nteit</span> <span class='ocrx_word' id='word_1_379' title='bbox 1605 2708 1679 2748; x_wconf 88' lang='lat' dir='ltr'>rex:</span> <span class='ocrx_word' id='word_1_380' title='bbox 1709 2697 1725 2749; x_wconf 74' lang='lat' dir='ltr'>i</span> 
     </span>
     <span class='ocr_line' id='line_1_28' title="bbox 146 2774 1725 2853; baseline 0.003 -17"><span class='ocrx_word' id='word_1_381' title='bbox 146 2787 224 2838; x_wconf 85' lang='lat' dir='ltr'>veste</span> <span class='ocrx_word' id='word_1_382' title='bbox 238 2778 367 2853; x_wconf 78' lang='lat' dir='ltr'>lugubri,</span> <span class='ocrx_word' id='word_1_383' title='bbox 383 2794 420 2834; x_wconf 91' lang='lat' dir='ltr'>ne</span> <span class='ocrx_word' id='word_1_384' title='bbox 435 2775 556 2849; x_wconf 79' lang='lat' dir='ltr'>ungeris</span> <span class='ocrx_word' id='word_1_385' title='bbox 571 2774 644 2845; x_wconf 89' lang='lat' dir='ltr'>oleo;</span> <span class='ocrx_word' id='word_1_386' title='bbox 662 2779 694 2832; x_wconf 85' lang='lat' dir='ltr'>ul</span> <span class='ocrx_word' id='word_1_387' title='bbox 708 2776 749 2832; x_wconf 88' lang='lat' dir='ltr'>sie</span> <span class='ocrx_word' id='word_1_388' title='bbox 764 2774 849 2848; x_wconf 85' lang='lat' dir='ltr'>qussi</span> <span class='ocrx_word' id='word_1_389' title='bbox 865 2774 970 2830; x_wconf 89' lang='lat' dir='ltr'>mulier</span> <span class='ocrx_word' id='word_1_390' title='bbox 1025 2794 1131 2833; x_wconf 87' lang='lat' dir='ltr'>munus</span> <span class='ocrx_word' id='word_1_391' title='bbox 1146 2776 1218 2833; x_wconf 89' lang='lat' dir='ltr'>Juub</span> <span class='ocrx_word' id='word_1_392' title='bbox 1235 2781 1331 2833; x_wconf 86' lang='lat' dir='ltr'>tecum</span> <span class='ocrx_word' id='word_1_393' title='bbox 1348 2783 1391 2834; x_wconf 85' lang='lat' dir='ltr'>est</span> <span class='ocrx_word' id='word_1_394' title='bbox 1406 2777 1435 2833; x_wconf 91' lang='lat' dir='ltr'>in</span> <span class='ocrx_word' id='word_1_395' title='bbox 1452 2778 1588 2837; x_wconf 86' lang='lat' dir='ltr'>omnibus</span> <span class='ocrx_word' id='word_1_396' title='bbox 1603 2780 1725 2840; x_wconf 78' lang='lat' dir='ltr'>istis‘llle</span> 
     </span>
     <span class='ocr_line' id='line_1_29' title="bbox 146 2864 1725 2945; baseline -0.001 -18"><span class='ocrx_word' id='word_1_397' title='bbox 146 2870 345 2945; x_wconf 84' lang='lat' dir='ltr'>piurimojnm</span> <span class='ocrx_word' id='word_1_398' title='bbox 365 2864 844 2939; x_wconf 81' lang='lat' dir='ltr'>temporelugensmortuurn;et</span> <span class='ocrx_word' id='word_1_399' title='bbox 869 2864 967 2936; x_wconf 82' lang='lat' dir='ltr'>ingre·</span> <span class='ocrx_word' id='word_1_400' title='bbox 1024 2866 1130 2922; x_wconf 86' lang='lat' dir='ltr'>mulier</span> <span class='ocrx_word' id='word_1_401' title='bbox 1145 2872 1173 2922; x_wconf 87' lang='lat' dir='ltr'>et</span> <span class='ocrx_word' id='word_1_402' title='bbox 1195 2868 1245 2922; x_wconf 76' lang='lat' dir='ltr'>sit:</span> <span class='ocrx_word' id='word_1_403' title='bbox 1261 2871 1315 2922; x_wconf 84' lang='lat' dir='ltr'>Der</span> <span class='ocrx_word' id='word_1_404' title='bbox 1339 2865 1463 2922; x_wconf 89' lang='lat' dir='ltr'>sulutem</span> <span class='ocrx_word' id='word_1_405' title='bbox 1494 2867 1598 2924; x_wconf 81' lang='lat' dir='ltr'>enimn</span> <span class='ocrx_word' id='word_1_406' title='bbox 1628 2875 1687 2926; x_wconf 77' lang='lat' dir='ltr'>tue</span> <span class='ocrx_word' id='word_1_407' title='bbox 1717 2872 1725 2945; x_wconf 88' lang='grc'><strong>[</strong></span> 
     </span>
     <span class='ocr_line' id='line_1_30' title="bbox 146 2952 1722 3029; baseline 0.001 -13"><span class='ocrx_word' id='word_1_408' title='bbox 146 2959 237 3016; x_wconf 82' lang='lat' dir='ltr'>diesis</span> <span class='ocrx_word' id='word_1_409' title='bbox 252 2959 411 3029; x_wconf 70' lang='lat' dir='ltr'>adingem,</span> <span class='ocrx_word' id='word_1_410' title='bbox 425 2959 454 3012; x_wconf 87' lang='lat' dir='ltr'>et</span> <span class='ocrx_word' id='word_1_411' title='bbox 468 2953 600 3026; x_wconf 91' lang='lat' dir='ltr'>loqueris</span> <span class='ocrx_word' id='word_1_412' title='bbox 615 2954 650 3010; x_wconf 87' lang='lat' dir='ltr'>ed</span> <span class='ocrx_word' id='word_1_413' title='bbox 665 2969 732 3009; x_wconf 91' lang='lat' dir='ltr'>eum</span> <span class='ocrx_word' id='word_1_414' title='bbox 749 2968 898 3010; x_wconf 86' lang='lat' dir='ltr'>sermones</span> <span class='ocrx_word' id='word_1_415' title='bbox 916 2952 968 3007; x_wconf 91' lang='lat' dir='ltr'>bu·</span> <span class='ocrx_word' id='word_1_416' title='bbox 1023 2955 1099 3026; x_wconf 64' lang='lat' dir='ltr'>tunel,</span> <span class='ocrx_word' id='word_1_417' title='bbox 1116 2955 1233 3011; x_wconf 89' lang='lat' dir='ltr'>domine</span> <span class='ocrx_word' id='word_1_418' title='bbox 1249 2954 1289 3010; x_wconf 90' lang='lat' dir='ltr'>mi</span> <span class='ocrx_word' id='word_1_419' title='bbox 1306 2972 1363 3020; x_wconf 81' lang='lat' dir='ltr'>rex,</span> <span class='ocrx_word' id='word_1_420' title='bbox 1381 2972 1433 3012; x_wconf 88' lang='lat' dir='ltr'>nee</span> <span class='ocrx_word' id='word_1_421' title='bbox 1444 2956 1479 3011; x_wconf 88' lang='lat' dir='ltr'>ud</span> <span class='ocrx_word' id='word_1_422' title='bbox 1492 2956 1655 3025; x_wconf 86' lang='lat' dir='ltr'>sinistrum,</span> <span class='ocrx_word' id='word_1_423' title='bbox 1665 2975 1722 3017; x_wconf 82' lang='lat' dir='ltr'>nen</span> 
     </span>
     <span class='ocr_line' id='line_1_31' title="bbox 142 3042 1725 3120; baseline 0.001 -15"><span class='ocrx_word' id='word_1_424' title='bbox 142 3046 320 3120; x_wconf 80' lang='lat' dir='ltr'>jussemodi.</span> <span class='ocrx_word' id='word_1_425' title='bbox 337 3044 438 3102; x_wconf 85' lang='lat' dir='ltr'>Posuit</span> <span class='ocrx_word' id='word_1_426' title='bbox 466 3042 622 3115; x_wconf 78' lang='lat' dir='ltr'>ergoloeb</span> <span class='ocrx_word' id='word_1_427' title='bbox 651 3042 784 3098; x_wconf 82' lang='lat' dir='ltr'>vorbuin</span> <span class='ocrx_word' id='word_1_428' title='bbox 815 3058 863 3098; x_wconf 91' lang='lat' dir='ltr'>ore</span> <span class='ocrx_word' id='word_1_429' title='bbox 890 3042 965 3113; x_wconf 85' lang='lat' dir='ltr'>ejus.</span> <span class='ocrx_word' id='word_1_430' title='bbox 1023 3049 1113 3099; x_wconf 80' lang='lat' dir='ltr'>terum</span> <span class='ocrx_word' id='word_1_431' title='bbox 1130 3048 1175 3100; x_wconf 89' lang='lat' dir='ltr'>eet</span> <span class='ocrx_word' id='word_1_432' title='bbox 1189 3061 1222 3100; x_wconf 91' lang='lat' dir='ltr'>ex</span> <span class='ocrx_word' id='word_1_433' title='bbox 1234 3044 1372 3100; x_wconf 91' lang='lat' dir='ltr'>omnibus</span> <span class='ocrx_word' id='word_1_434' title='bbox 1388 3044 1434 3101; x_wconf 90' lang='lat' dir='ltr'>bis</span> <span class='ocrx_word' id='word_1_435' title='bbox 1456 3061 1521 3117; x_wconf 80' lang='lat' dir='ltr'>quus</span> <span class='ocrx_word' id='word_1_436' title='bbox 1543 3045 1660 3105; x_wconf 87' lang='lat' dir='ltr'>loeutus</span> <span class='ocrx_word' id='word_1_437' title='bbox 1681 3053 1725 3107; x_wconf 84' lang='lat' dir='ltr'>est</span> 
     </span>
     <span class='ocr_line' id='line_1_32' title="bbox 145 3130 1722 3212; baseline 0.001 -18"><span class='ocrx_word' id='word_1_438' title='bbox 145 3139 246 3209; x_wconf 81' lang='lat' dir='ltr'>ltaque</span> <span class='ocrx_word' id='word_1_439' title='bbox 262 3151 329 3193; x_wconf 91' lang='lat' dir='ltr'>oum</span> <span class='ocrx_word' id='word_1_440' title='bbox 346 3136 479 3206; x_wconf 84' lang='lat' dir='ltr'>ingressu</span> <span class='ocrx_word' id='word_1_441' title='bbox 494 3131 598 3189; x_wconf 84' lang='lat' dir='ltr'>inisset</span> <span class='ocrx_word' id='word_1_442' title='bbox 622 3131 729 3187; x_wconf 88' lang='lat' dir='ltr'>mulier</span> <span class='ocrx_word' id='word_1_443' title='bbox 752 3130 903 3188; x_wconf 81' lang='lat' dir='ltr'>Theouitis</span> <span class='ocrx_word' id='word_1_444' title='bbox 929 3131 964 3188; x_wconf 85' lang='lat' dir='ltr'>nd</span> <span class='ocrx_word' id='word_1_445' title='bbox 1024 3152 1079 3191; x_wconf 83' lang='lat' dir='ltr'>nus</span> <span class='ocrx_word' id='word_1_446' title='bbox 1096 3151 1180 3190; x_wconf 88' lang='lat' dir='ltr'>rneus</span> <span class='ocrx_word' id='word_1_447' title='bbox 1195 3150 1253 3189; x_wconf 84' lang='lat' dir='ltr'>rex:</span> <span class='ocrx_word' id='word_1_448' title='bbox 1271 3150 1372 3190; x_wconf 78' lang='lat' dir='ltr'>serene</span> <span class='ocrx_word' id='word_1_449' title='bbox 1387 3133 1465 3190; x_wconf 86' lang='lat' dir='ltr'>eninr</span> <span class='ocrx_word' id='word_1_450' title='bbox 1482 3139 1552 3191; x_wconf 86' lang='lat' dir='ltr'>tuus</span> <span class='ocrx_word' id='word_1_451' title='bbox 1565 3135 1641 3193; x_wconf 83' lang='lat' dir='ltr'>Joeb</span> <span class='ocrx_word' id='word_1_452' title='bbox 1656 3137 1722 3212; x_wconf 87' lang='lat' dir='ltr'>ipse</span> 
     </span>
     <span class='ocr_line' id='line_1_33' title="bbox 145 3192 1725 3299; baseline 0.002 -16"><span class='ocrx_word' id='word_1_453' title='bbox 145 3242 255 3299; x_wconf 80' lang='lat' dir='ltr'>regem,</span> <span class='ocrx_word' id='word_1_454' title='bbox 271 3224 376 3281; x_wconf 82' lang='lat' dir='ltr'>eeoidit</span> <span class='ocrx_word' id='word_1_455' title='bbox 391 3239 489 3279; x_wconf 85' lang='lat' dir='ltr'>corum</span> <span class='ocrx_word' id='word_1_456' title='bbox 505 3238 539 3278; x_wconf 94' lang='lat' dir='ltr'>eo</span> <span class='ocrx_word' id='word_1_457' title='bbox 554 3238 644 3293; x_wconf 87' lang='lat' dir='ltr'>super</span> <span class='ocrx_word' id='word_1_458' title='bbox 658 3225 779 3288; x_wconf 85' lang='lat' dir='ltr'>terrem,</span> <span class='ocrx_word' id='word_1_459' title='bbox 791 3230 817 3277; x_wconf 85' lang='lat' dir='ltr'>et</span> <span class='ocrx_word' id='word_1_460' title='bbox 832 3222 965 3278; x_wconf 79' lang='lat' dir='ltr'>adoravit</span> <span class='ocrx_word' id='word_1_461' title='bbox 981 3192 1003 3260; x_wconf 74' lang='lat' dir='ltr'><strong>c</strong></span> <span class='ocrx_word' id='word_1_462' title='bbox 1023 3222 1067 3296; x_wconf 93' lang='lat' dir='ltr'>pit</span> <span class='ocrx_word' id='word_1_463' title='bbox 1083 3221 1166 3293; x_wconf 89' lang='lat' dir='ltr'>mibi,</span> <span class='ocrx_word' id='word_1_464' title='bbox 1182 3227 1209 3278; x_wconf 90' lang='lat' dir='ltr'>et</span> <span class='ocrx_word' id='word_1_465' title='bbox 1225 3222 1287 3294; x_wconf 84' lang='lat' dir='ltr'>ipse</span> <span class='ocrx_word' id='word_1_466' title='bbox 1302 3223 1401 3294; x_wconf 84' lang='lat' dir='ltr'>posuit</span> <span class='ocrx_word' id='word_1_467' title='bbox 1418 3223 1446 3278; x_wconf 90' lang='lat' dir='ltr'>iu</span> <span class='ocrx_word' id='word_1_468' title='bbox 1472 3240 1504 3280; x_wconf 89' lang='lat' dir='ltr'>os</span> <span class='ocrx_word' id='word_1_469' title='bbox 1526 3223 1641 3283; x_wconf 81' lang='lat' dir='ltr'>nnoillse</span> <span class='ocrx_word' id='word_1_470' title='bbox 1665 3231 1725 3286; x_wconf 76' lang='lat' dir='ltr'>tus</span> 
     </span>
     <span class='ocr_line' id='line_1_34' title="bbox 145 3310 1719 3389; baseline 0.003 -19"><span class='ocrx_word' id='word_1_471' title='bbox 145 3315 188 3389; x_wconf 90' lang='lat' dir='ltr'>[b.</span> <span class='ocrx_word' id='word_1_472' title='bbox 205 3314 310 3373; x_wconf 87' lang='lat' dir='ltr'>oeoidit</span> <span class='ocrx_word' id='word_1_473' title='bbox 322 3330 404 3386; x_wconf 78' lang='lat' dir='ltr'>super</span> <span class='ocrx_word' id='word_1_474' title='bbox 417 3314 523 3384; x_wconf 78' lang='lat' dir='ltr'>sociem</span> <span class='ocrx_word' id='word_1_475' title='bbox 537 3327 617 3367; x_wconf 77' lang='lat' dir='ltr'>suom</span> <span class='ocrx_word' id='word_1_476' title='bbox 633 3312 662 3366; x_wconf 85' lang='lat' dir='ltr'>in</span> <span class='ocrx_word' id='word_1_477' title='bbox 677 3314 793 3383; x_wconf 88' lang='lat' dir='ltr'>terrum,</span> <span class='ocrx_word' id='word_1_478' title='bbox 809 3317 839 3367; x_wconf 88' lang='lat' dir='ltr'>et</span> <span class='ocrx_word' id='word_1_479' title='bbox 860 3311 965 3367; x_wconf 83' lang='lat' dir='ltr'>edoru-</span> <span class='ocrx_word' id='word_1_480' title='bbox 1019 3313 1107 3369; x_wconf 85' lang='lat' dir='ltr'>verbu</span> <span class='ocrx_word' id='word_1_481' title='bbox 1123 3312 1192 3367; x_wconf 73' lang='lat' dir='ltr'>brec.</span> <span class='ocrx_word' id='word_1_482' title='bbox 1210 3310 1246 3367; x_wconf 90' lang='lat' dir='ltr'>Ut</span> <span class='ocrx_word' id='word_1_483' title='bbox 1261 3316 1402 3368; x_wconf 85' lang='lat' dir='ltr'>verterem</span> <span class='ocrx_word' id='word_1_484' title='bbox 1419 3312 1545 3385; x_wconf 82' lang='lat' dir='ltr'>figurem</span> <span class='ocrx_word' id='word_1_485' title='bbox 1570 3316 1719 3375; x_wconf 87' lang='lat' dir='ltr'>sermonie</span> 
     </span>
     <span class='ocr_line' id='line_1_35' title="bbox 143 3399 1725 3478; baseline 0.002 -17"><span class='ocrx_word' id='word_1_486' title='bbox 143 3405 208 3478; x_wconf 79' lang='lat' dir='ltr'>vit]‚</span> <span class='ocrx_word' id='word_1_487' title='bbox 225 3409 253 3460; x_wconf 87' lang='lat' dir='ltr'>et</span> <span class='ocrx_word' id='word_1_488' title='bbox 267 3403 349 3459; x_wconf 87' lang='lat' dir='ltr'>dixit:</span> <span class='ocrx_word' id='word_1_489' title='bbox 366 3408 453 3458; x_wconf 77' lang='lat' dir='ltr'>Serve</span> <span class='ocrx_word' id='word_1_490' title='bbox 469 3417 525 3471; x_wconf 78' lang='lat' dir='ltr'>ine,</span> <span class='ocrx_word' id='word_1_491' title='bbox 541 3417 599 3456; x_wconf 83' lang='lat' dir='ltr'>rex.</span> <span class='ocrx_word' id='word_1_492' title='bbox 620 3403 654 3454; x_wconf 85' lang='lat' dir='ltr'>Et</span> <span class='ocrx_word' id='word_1_493' title='bbox 676 3399 716 3456; x_wconf 86' lang='lat' dir='ltr'>eit</span> <span class='ocrx_word' id='word_1_494' title='bbox 738 3401 773 3456; x_wconf 89' lang='lat' dir='ltr'>ud</span> <span class='ocrx_word' id='word_1_495' title='bbox 798 3416 861 3456; x_wconf 82' lang='lat' dir='ltr'>eam</span> <span class='ocrx_word' id='word_1_496' title='bbox 890 3416 939 3455; x_wconf 80' lang='lat' dir='ltr'>reu</span> <span class='ocrx_word' id='word_1_497' title='bbox 956 3417 964 3457; x_wconf 72' lang='grc' dir='ltr'>ι</span> <span class='ocrx_word' id='word_1_498' title='bbox 1019 3417 1122 3458; x_wconf 85' lang='lat' dir='ltr'>servus</span> <span class='ocrx_word' id='word_1_499' title='bbox 1139 3406 1207 3457; x_wconf 84' lang='lat' dir='ltr'>tuus</span> <span class='ocrx_word' id='word_1_500' title='bbox 1222 3401 1295 3458; x_wconf 79' lang='lat' dir='ltr'>duob</span> <span class='ocrx_word' id='word_1_501' title='bbox 1310 3401 1447 3474; x_wconf 81' lang='lat' dir='ltr'>precepit</span> <span class='ocrx_word' id='word_1_502' title='bbox 1461 3403 1542 3459; x_wconf 86' lang='lat' dir='ltr'>istud</span> <span class='ocrx_word' id='word_1_503' title='bbox 1558 3404 1599 3475; x_wconf 86' lang='lat' dir='ltr'>(b.</span> <span class='ocrx_word' id='word_1_504' title='bbox 1617 3405 1688 3463; x_wconf 82' lang='lat' dir='ltr'>lecit</span> <span class='ocrx_word' id='word_1_505' title='bbox 1703 3407 1725 3464; x_wconf 83' lang='lat' dir='ltr'>ir</span> 
     </span>
     <span class='ocr_line' id='line_1_36' title="bbox 144 3488 1718 3563; baseline 0.001 -12"><span class='ocrx_word' id='word_1_506' title='bbox 144 3492 219 3560; x_wconf 83' lang='lat' dir='ltr'>Quid</span> <span class='ocrx_word' id='word_1_507' title='bbox 234 3510 329 3551; x_wconf 78' lang='lat' dir='ltr'>nouem</span> <span class='ocrx_word' id='word_1_508' title='bbox 346 3491 456 3548; x_wconf 84' lang='lat' dir='ltr'>hubee‘l</span> <span class='ocrx_word' id='word_1_509' title='bbox 471 3492 538 3556; x_wconf 84' lang='lat' dir='ltr'>Qnae</span> <span class='ocrx_word' id='word_1_510' title='bbox 565 3489 734 3561; x_wconf 87' lang='lat' dir='ltr'>respondit:</span> <span class='ocrx_word' id='word_1_511' title='bbox 760 3490 833 3555; x_wconf 85' lang='lat' dir='ltr'>Heu,</span> <span class='ocrx_word' id='word_1_512' title='bbox 860 3488 966 3546; x_wconf 86' lang='lat' dir='ltr'>mulier</span> <span class='ocrx_word' id='word_1_513' title='bbox 1018 3496 1127 3558; x_wconf 83' lang='lat' dir='ltr'>entem,</span> <span class='ocrx_word' id='word_1_514' title='bbox 1144 3491 1261 3546; x_wconf 88' lang='lat' dir='ltr'>domine</span> <span class='ocrx_word' id='word_1_515' title='bbox 1278 3489 1329 3555; x_wconf 85' lang='lat' dir='ltr'>mi,</span> <span class='ocrx_word' id='word_1_516' title='bbox 1346 3491 1465 3563; x_wconf 84' lang='lat' dir='ltr'>sopiens</span> <span class='ocrx_word' id='word_1_517' title='bbox 1479 3507 1522 3558; x_wconf 87' lang='lat' dir='ltr'>es,</span> <span class='ocrx_word' id='word_1_518' title='bbox 1538 3491 1615 3550; x_wconf 83' lang='lat' dir='ltr'>sicut</span> <span class='ocrx_word' id='word_1_519' title='bbox 1626 3493 1718 3553; x_wconf 77' lang='lat' dir='ltr'>hebet</span> 
     </span>
     <span class='ocr_line' id='line_1_37' title="bbox 42 3578 1717 3657; baseline 0.001 -17"><span class='ocrx_word' id='word_1_520' title='bbox 42 3601 47 3612; x_wconf 88' lang='lat'>·</span> <span class='ocrx_word' id='word_1_521' title='bbox 142 3585 298 3655; x_wconf 79' lang='lat' dir='ltr'>sidunego</span> <span class='ocrx_word' id='word_1_522' title='bbox 312 3598 391 3638; x_wconf 87' lang='lat' dir='ltr'>sum:</span> <span class='ocrx_word' id='word_1_523' title='bbox 413 3584 549 3637; x_wconf 85' lang='lat' dir='ltr'>mortuus</span> <span class='ocrx_word' id='word_1_524' title='bbox 572 3585 618 3635; x_wconf 85' lang='lat' dir='ltr'>est</span> <span class='ocrx_word' id='word_1_525' title='bbox 641 3578 718 3634; x_wconf 84' lang='lat' dir='ltr'>euim</span> <span class='ocrx_word' id='word_1_526' title='bbox 745 3579 789 3634; x_wconf 86' lang='lat' dir='ltr'>vir</span> <span class='ocrx_word' id='word_1_527' title='bbox 812 3595 907 3635; x_wconf 87' lang='lat' dir='ltr'>mene.</span> <span class='ocrx_word' id='word_1_528' title='bbox 932 3584 965 3635; x_wconf 85' lang='lat' dir='ltr'>nt</span> <span class='ocrx_word' id='word_1_529' title='bbox 1018 3580 1090 3637; x_wconf 85' lang='lat' dir='ltr'>tium</span> <span class='ocrx_word' id='word_1_530' title='bbox 1107 3579 1717 3657; x_wconf 82' lang='lat' dir='ltr'>nngelueDei,utintelligusomniesnper</span> 
     </span>
     <span class='ocr_line' id='line_1_38' title="bbox 143 3667 1725 3746; baseline 0.001 -16"><span class='ocrx_word' id='word_1_531' title='bbox 143 3670 255 3730; x_wconf 79' lang='lat' dir='ltr'>snoiliae</span> <span class='ocrx_word' id='word_1_532' title='bbox 271 3676 327 3728; x_wconf 78' lang='lat' dir='ltr'>tuns</span> <span class='ocrx_word' id='word_1_533' title='bbox 342 3676 426 3726; x_wconf 85' lang='lat' dir='ltr'>eruut</span> <span class='ocrx_word' id='word_1_534' title='bbox 441 3670 498 3725; x_wconf 91' lang='lat' dir='ltr'>duo</span> <span class='ocrx_word' id='word_1_535' title='bbox 514 3668 577 3736; x_wconf 83' lang='lat' dir='ltr'>lilii,</span> <span class='ocrx_word' id='word_1_536' title='bbox 593 3667 642 3740; x_wconf 92' lang='lat' dir='ltr'>qni</span> <span class='ocrx_word' id='word_1_537' title='bbox 660 3667 743 3724; x_wconf 86' lang='lat' dir='ltr'>rixuti</span> <span class='ocrx_word' id='word_1_538' title='bbox 767 3672 837 3724; x_wconf 88' lang='lat' dir='ltr'>sunt</span> <span class='ocrx_word' id='word_1_539' title='bbox 859 3670 962 3724; x_wconf 85' lang='lat' dir='ltr'>edver-</span> <span class='ocrx_word' id='word_1_540' title='bbox 1018 3671 1060 3742; x_wconf 82' lang='grc' dir='ltr'>(Τ.</span> <span class='ocrx_word' id='word_1_541' title='bbox 1077 3669 1185 3738; x_wconf 86' lang='lat' dir='ltr'>GXlll.)</span> <span class='ocrx_word' id='word_1_542' title='bbox 1200 3669 1235 3726; x_wconf 85' lang='lat' dir='ltr'>Et</span> <span class='ocrx_word' id='word_1_543' title='bbox 1249 3669 1291 3725; x_wconf 86' lang='lat' dir='ltr'>uit</span> <span class='ocrx_word' id='word_1_544' title='bbox 1304 3686 1354 3725; x_wconf 86' lang='lat' dir='ltr'>rex</span> <span class='ocrx_word' id='word_1_545' title='bbox 1368 3671 1403 3725; x_wconf 86' lang='lat' dir='ltr'>ud</span> <span class='ocrx_word' id='word_1_546' title='bbox 1425 3670 1516 3728; x_wconf 84' lang='lat' dir='ltr'>loub:</span> <span class='ocrx_word' id='word_1_547' title='bbox 1538 3673 1611 3728; x_wconf 86' lang='lat' dir='ltr'>liece</span> <span class='ocrx_word' id='word_1_548' title='bbox 1634 3674 1725 3746; x_wconf 80' lang='lat' dir='ltr'>pluent</span> 
     </span>
     <span class='ocr_line' id='line_1_39' title="bbox 141 3757 1725 3838; baseline 0 -18"><span class='ocrx_word' id='word_1_549' title='bbox 141 3779 209 3820; x_wconf 87' lang='lat' dir='ltr'>eum</span> <span class='ocrx_word' id='word_1_550' title='bbox 225 3778 256 3818; x_wconf 83' lang='lat' dir='ltr'>ee</span> <span class='ocrx_word' id='word_1_551' title='bbox 272 3761 301 3816; x_wconf 94' lang='lat' dir='ltr'>in</span> <span class='ocrx_word' id='word_1_552' title='bbox 318 3776 399 3833; x_wconf 78' lang='lat' dir='ltr'>egro,</span> <span class='ocrx_word' id='word_1_553' title='bbox 414 3759 571 3828; x_wconf 87' lang='lat' dir='ltr'>nullusque</span> <span class='ocrx_word' id='word_1_554' title='bbox 586 3763 649 3813; x_wconf 84' lang='lat' dir='ltr'>eret</span> <span class='ocrx_word' id='word_1_555' title='bbox 663 3757 713 3828; x_wconf 91' lang='lat' dir='ltr'>qui</span> <span class='ocrx_word' id='word_1_556' title='bbox 734 3772 783 3813; x_wconf 87' lang='lat' dir='ltr'>eos</span> <span class='ocrx_word' id='word_1_557' title='bbox 807 3757 961 3830; x_wconf 86' lang='lat' dir='ltr'>prohibere</span> <span class='ocrx_word' id='word_1_558' title='bbox 1016 3759 1137 3815; x_wconf 90' lang='lat' dir='ltr'>verbum</span> <span class='ocrx_word' id='word_1_559' title='bbox 1153 3763 1237 3816; x_wconf 86' lang='lat' dir='ltr'>tuum</span> <span class='ocrx_word' id='word_1_560' title='bbox 1254 3757 1296 3830; x_wconf 91' lang='lat' dir='ltr'>(b.</span> <span class='ocrx_word' id='word_1_561' title='bbox 1312 3759 1435 3815; x_wconf 87' lang='lat' dir='ltr'>verbum</span> <span class='ocrx_word' id='word_1_562' title='bbox 1452 3759 1529 3833; x_wconf 74' lang='lat' dir='ltr'>boot:</span> <span class='ocrx_word' id='word_1_563' title='bbox 1546 3761 1622 3818; x_wconf 83' lang='lat' dir='ltr'>vnde</span> <span class='ocrx_word' id='word_1_564' title='bbox 1647 3778 1725 3838; x_wconf 75' lang='lat' dir='ltr'>ergo,</span> 
     </span>
     <span class='ocr_line' id='line_1_40' title="bbox 140 3845 1724 3925; baseline 0.001 -16"><span class='ocrx_word' id='word_1_565' title='bbox 140 3857 251 3925; x_wconf 82' lang='lat' dir='ltr'>posset:</span> <span class='ocrx_word' id='word_1_566' title='bbox 267 3856 297 3906; x_wconf 92' lang='lat' dir='ltr'>et</span> <span class='ocrx_word' id='word_1_567' title='bbox 324 3847 470 3923; x_wconf 84' lang='lat' dir='ltr'>pereussit</span> <span class='ocrx_word' id='word_1_568' title='bbox 496 3845 571 3902; x_wconf 86' lang='lat' dir='ltr'>ulter</span> <span class='ocrx_word' id='word_1_569' title='bbox 597 3845 731 3915; x_wconf 76' lang='lat' dir='ltr'>alterum,</span> <span class='ocrx_word' id='word_1_570' title='bbox 761 3851 790 3902; x_wconf 90' lang='lat' dir='ltr'>et</span> <span class='ocrx_word' id='word_1_571' title='bbox 816 3846 962 3904; x_wconf 86' lang='lat' dir='ltr'>interiecit</span> <span class='ocrx_word' id='word_1_572' title='bbox 1017 3865 1088 3904; x_wconf 86' lang='lat' dir='ltr'>voco</span> <span class='ocrx_word' id='word_1_573' title='bbox 1104 3864 1227 3921; x_wconf 90' lang='lat' dir='ltr'>puerum</span> <span class='ocrx_word' id='word_1_574' title='bbox 1242 3847 1391 3904; x_wconf 78' lang='lat' dir='ltr'>Abenlom.</span> <span class='ocrx_word' id='word_1_575' title='bbox 1404 3847 1575 3923; x_wconf 86' lang='lat' dir='ltr'>Gudensque</span> <span class='ocrx_word' id='word_1_576' title='bbox 1589 3850 1663 3909; x_wconf 84' lang='lat' dir='ltr'>Josb</span> <span class='ocrx_word' id='word_1_577' title='bbox 1689 3869 1724 3911; x_wconf 89' lang='lat' dir='ltr'>su</span> 
     </span>
     <span class='ocr_line' id='line_1_41' title="bbox 139 3934 1725 4008; baseline 0.001 -10"><span class='ocrx_word' id='word_1_578' title='bbox 139 3958 219 3999; x_wconf 89' lang='lat' dir='ltr'>eum.</span> <span class='ocrx_word' id='word_1_579' title='bbox 234 3943 270 3995; x_wconf 80' lang='lat' dir='ltr'>nt</span> <span class='ocrx_word' id='word_1_580' title='bbox 283 3954 349 3995; x_wconf 85' lang='lat' dir='ltr'>ecoe</span> <span class='ocrx_word' id='word_1_581' title='bbox 364 3951 544 4008; x_wconf 81' lang='lat' dir='ltr'>consurgens</span> <span class='ocrx_word' id='word_1_582' title='bbox 561 3934 697 3990; x_wconf 84' lang='lat' dir='ltr'>universo</span> <span class='ocrx_word' id='word_1_583' title='bbox 711 3935 845 4008; x_wconf 82' lang='lat' dir='ltr'>cognatio</span> <span class='ocrx_word' id='word_1_584' title='bbox 861 3936 964 3992; x_wconf 68' lang='lat' dir='ltr'>uduor-¹</span> <span class='ocrx_word' id='word_1_585' title='bbox 1015 3938 1087 3995; x_wconf 83' lang='lat' dir='ltr'>niem</span> <span class='ocrx_word' id='word_1_586' title='bbox 1104 3937 1233 3994; x_wconf 85' lang='lat' dir='ltr'>suumin</span> <span class='ocrx_word' id='word_1_587' title='bbox 1251 3941 1368 4006; x_wconf 84' lang='lat' dir='ltr'>terram,</span> <span class='ocrx_word' id='word_1_588' title='bbox 1387 3939 1516 3995; x_wconf 81' lang='lat' dir='ltr'>adoravit</span> <span class='ocrx_word' id='word_1_589' title='bbox 1531 3944 1560 3995; x_wconf 87' lang='lat' dir='ltr'>et</span> <span class='ocrx_word' id='word_1_590' title='bbox 1574 3942 1725 4000; x_wconf 83' lang='lat' dir='ltr'>benedixit</span> 
     </span>
     <span class='ocr_line' id='line_1_42' title="bbox 140 4023 1725 4105; baseline -0.004 -16"><span class='ocrx_word' id='word_1_591' title='bbox 140 4047 206 4090; x_wconf 89' lang='lat' dir='ltr'>sum</span> <span class='ocrx_word' id='word_1_592' title='bbox 223 4027 364 4085; x_wconf 77' lang='lat' dir='ltr'>uneillnrr.</span> <span class='ocrx_word' id='word_1_593' title='bbox 378 4029 472 4093; x_wconf 84' lang='lat' dir='ltr'>tuum,</span> <span class='ocrx_word' id='word_1_594' title='bbox 496 4023 577 4079; x_wconf 82' lang='lat' dir='ltr'>dicit:</span> <span class='ocrx_word' id='word_1_595' title='bbox 601 4024 694 4080; x_wconf 86' lang='lat' dir='ltr'>Trude</span> <span class='ocrx_word' id='word_1_596' title='bbox 718 4040 797 4093; x_wconf 87' lang='lat' dir='ltr'>eum,</span> <span class='ocrx_word' id='word_1_597' title='bbox 823 4025 874 4096; x_wconf 92' lang='lat' dir='ltr'>qui</span> <span class='ocrx_word' id='word_1_598' title='bbox 895 4041 959 4096; x_wconf 92' lang='lat' dir='ltr'>per·</span> <span class='ocrx_word' id='word_1_599' title='bbox 1014 4027 1087 4084; x_wconf 89' lang='lat' dir='ltr'>dixit</span> <span class='ocrx_word' id='word_1_600' title='bbox 1100 4028 1181 4084; x_wconf 88' lang='lat' dir='ltr'>loeb:</span> <span class='ocrx_word' id='word_1_601' title='bbox 1199 4027 1290 4084; x_wconf 90' lang='lat' dir='ltr'>Hodie</span> <span class='ocrx_word' id='word_1_602' title='bbox 1305 4026 1448 4083; x_wconf 84' lang='lat' dir='ltr'>intellexit</span> <span class='ocrx_word' id='word_1_603' title='bbox 1471 4043 1575 4085; x_wconf 83' lang='lat' dir='ltr'>servus</span> <span class='ocrx_word' id='word_1_604' title='bbox 1594 4033 1677 4101; x_wconf 88' lang='lat' dir='ltr'>tuus,</span> <span class='ocrx_word' id='word_1_605' title='bbox 1701 4048 1725 4105; x_wconf 73' lang='lat' dir='ltr'>qi</span> 
     </span>
     <span class='ocr_line' id='line_1_43' title="bbox 139 4112 1723 4190; baseline 0 -12"><span class='ocrx_word' id='word_1_606' title='bbox 139 4120 234 4178; x_wconf 87' lang='lat' dir='ltr'>oussit</span> <span class='ocrx_word' id='word_1_607' title='bbox 248 4118 368 4174; x_wconf 75' lang='lat' dir='ltr'>tratrem</span> <span class='ocrx_word' id='word_1_608' title='bbox 382 4131 483 4182; x_wconf 91' lang='lat' dir='ltr'>suum,</span> <span class='ocrx_word' id='word_1_609' title='bbox 498 4119 526 4170; x_wconf 93' lang='lat' dir='ltr'>et</span> <span class='ocrx_word' id='word_1_610' title='bbox 541 4112 708 4171; x_wconf 84' lang='lat' dir='ltr'>ooeidemus</span> <span class='ocrx_word' id='word_1_611' title='bbox 724 4130 791 4169; x_wconf 89' lang='lat' dir='ltr'>eum</span> <span class='ocrx_word' id='word_1_612' title='bbox 801 4131 851 4187; x_wconf 93' lang='lat' dir='ltr'>pro</span> <span class='ocrx_word' id='word_1_613' title='bbox 862 4115 960 4171; x_wconf 82' lang='lat' dir='ltr'>enimn</span> <span class='ocrx_word' id='word_1_614' title='bbox 1013 4117 1079 4174; x_wconf 90' lang='lat' dir='ltr'>veni</span> <span class='ocrx_word' id='word_1_615' title='bbox 1094 4117 1219 4190; x_wconf 81' lang='lat' dir='ltr'>gretiam</span> <span class='ocrx_word' id='word_1_616' title='bbox 1236 4118 1265 4172; x_wconf 89' lang='lat' dir='ltr'>in</span> <span class='ocrx_word' id='word_1_617' title='bbox 1282 4115 1375 4173; x_wconf 85' lang='lat' dir='ltr'>oeulis</span> <span class='ocrx_word' id='word_1_618' title='bbox 1392 4117 1463 4189; x_wconf 86' lang='lat' dir='ltr'>luis,</span> <span class='ocrx_word' id='word_1_619' title='bbox 1480 4117 1601 4174; x_wconf 88' lang='lat' dir='ltr'>domiue</span> <span class='ocrx_word' id='word_1_620' title='bbox 1618 4120 1660 4176; x_wconf 89' lang='lat' dir='ltr'>mi</span> <span class='ocrx_word' id='word_1_621' title='bbox 1672 4137 1723 4178; x_wconf 81' lang='lat' dir='ltr'>rex</span> 
     </span>
     <span class='ocr_line' id='line_1_44' title="bbox 139 4201 1725 4282; baseline 0.001 -16"><span class='ocrx_word' id='word_1_622' title='bbox 139 4208 239 4266; x_wconf 76' lang='lat' dir='ltr'>fratris</span> <span class='ocrx_word' id='word_1_623' title='bbox 254 4207 301 4264; x_wconf 90' lang='lat' dir='ltr'>sui</span> <span class='ocrx_word' id='word_1_624' title='bbox 316 4223 404 4278; x_wconf 92' lang='lat' dir='ltr'>quem</span> <span class='ocrx_word' id='word_1_625' title='bbox 420 4202 577 4274; x_wconf 84' lang='lat' dir='ltr'>interiecit,</span> <span class='ocrx_word' id='word_1_626' title='bbox 592 4208 621 4259; x_wconf 90' lang='lat' dir='ltr'>et</span> <span class='ocrx_word' id='word_1_627' title='bbox 636 4201 787 4259; x_wconf 84' lang='lat' dir='ltr'>deleamus</span> <span class='ocrx_word' id='word_1_628' title='bbox 803 4201 958 4260; x_wconf 71' lang='lat' dir='ltr'>haeredem:</span> <span class='ocrx_word' id='word_1_629' title='bbox 1013 4206 1092 4263; x_wconf 87' lang='lat' dir='ltr'>enim</span> <span class='ocrx_word' id='word_1_630' title='bbox 1109 4221 1274 4262; x_wconf 88' lang='lat' dir='ltr'>sermonem</span> <span class='ocrx_word' id='word_1_631' title='bbox 1291 4205 1367 4260; x_wconf 87' lang='lat' dir='ltr'>servi</span> <span class='ocrx_word' id='word_1_632' title='bbox 1384 4205 1436 4260; x_wconf 91' lang='lat' dir='ltr'>tui.</span> <span class='ocrx_word' id='word_1_633' title='bbox 1461 4207 1595 4263; x_wconf 81' lang='lat' dir='ltr'>Surrexit</span> <span class='ocrx_word' id='word_1_634' title='bbox 1623 4223 1695 4282; x_wconf 76' lang='lat' dir='ltr'>ergo</span> <span class='ocrx_word' id='word_1_635' title='bbox 1717 4211 1725 4267; x_wconf 78' lang='lat' dir='ltr'>l</span> 
     </span>
     <span class='ocr_line' id='line_1_45' title="bbox 139 4291 1725 4370; baseline 0.001 -15"><span class='ocrx_word' id='word_1_636' title='bbox 139 4302 167 4356; x_wconf 86' lang='lat' dir='ltr'>et</span> <span class='ocrx_word' id='word_1_637' title='bbox 181 4300 317 4370; x_wconf 76' lang='lat' dir='ltr'>querunt</span> <span class='ocrx_word' id='word_1_638' title='bbox 329 4293 513 4366; x_wconf 81' lang='lat' dir='ltr'>exstinguere</span> <span class='ocrx_word' id='word_1_639' title='bbox 532 4291 692 4349; x_wconf 80' lang='lat' dir='ltr'>scintillam</span> <span class='ocrx_word' id='word_1_640' title='bbox 708 4308 815 4364; x_wconf 85' lang='lat' dir='ltr'>meum,</span> <span class='ocrx_word' id='word_1_641' title='bbox 831 4308 895 4363; x_wconf 81' lang='lat' dir='ltr'>qun</span> <span class='ocrx_word' id='word_1_642' title='bbox 918 4309 960 4349; x_wconf 90' lang='lat' dir='ltr'>re·</span> <span class='ocrx_word' id='word_1_643' title='bbox 1014 4295 1132 4352; x_wconf 80' lang='lat' dir='ltr'>obiitin</span> <span class='ocrx_word' id='word_1_644' title='bbox 1148 4294 1268 4363; x_wconf 86' lang='lat' dir='ltr'>Geesur‚</span> <span class='ocrx_word' id='word_1_645' title='bbox 1285 4300 1313 4350; x_wconf 92' lang='lat' dir='ltr'>et</span> <span class='ocrx_word' id='word_1_646' title='bbox 1328 4294 1450 4350; x_wconf 83' lang='lat' dir='ltr'>adduxit</span> <span class='ocrx_word' id='word_1_647' title='bbox 1464 4294 1592 4352; x_wconf 86' lang='lat' dir='ltr'>Abenlou</span> <span class='ocrx_word' id='word_1_648' title='bbox 1611 4296 1641 4352; x_wconf 90' lang='lat' dir='ltr'>in</span> <span class='ocrx_word' id='word_1_649' title='bbox 1666 4299 1725 4356; x_wconf 80' lang='lat' dir='ltr'>lert</span> 
     </span>
     <span class='ocr_line' id='line_1_46' title="bbox 137 4381 1723 4460; baseline -0.001 -16"><span class='ocrx_word' id='word_1_650' title='bbox 137 4386 278 4454; x_wconf 72' lang='lat' dir='ltr'>lioteest,</span> <span class='ocrx_word' id='word_1_651' title='bbox 311 4390 416 4443; x_wconf 87' lang='lat' dir='ltr'>utnon</span> <span class='ocrx_word' id='word_1_652' title='bbox 446 4381 576 4456; x_wconf 85' lang='lat' dir='ltr'>supersit</span> <span class='ocrx_word' id='word_1_653' title='bbox 603 4381 665 4437; x_wconf 87' lang='lat' dir='ltr'>viro</span> <span class='ocrx_word' id='word_1_654' title='bbox 696 4397 760 4438; x_wconf 90' lang='lat' dir='ltr'>meo</span> <span class='ocrx_word' id='word_1_655' title='bbox 790 4398 907 4454; x_wconf 86' lang='lat' dir='ltr'>nomen,</span> <span class='ocrx_word' id='word_1_656' title='bbox 930 4385 959 4438; x_wconf 89' lang='lat' dir='ltr'>et</span> <span class='ocrx_word' id='word_1_657' title='bbox 1013 4383 1091 4440; x_wconf 86' lang='lat' dir='ltr'>Dixit</span> <span class='ocrx_word' id='word_1_658' title='bbox 1102 4386 1201 4440; x_wconf 84' lang='lat' dir='ltr'>entem</span> <span class='ocrx_word' id='word_1_659' title='bbox 1219 4385 1238 4438; x_wconf 88' lang='lat'>¹:</span> <span class='ocrx_word' id='word_1_660' title='bbox 1253 4382 1424 4439; x_wconf 80' lang='lat' dir='ltr'>Revertatur</span> <span class='ocrx_word' id='word_1_661' title='bbox 1439 4382 1469 4438; x_wconf 90' lang='lat' dir='ltr'>in</span> <span class='ocrx_word' id='word_1_662' title='bbox 1485 4384 1607 4440; x_wconf 90' lang='lat' dir='ltr'>domum</span> <span class='ocrx_word' id='word_1_663' title='bbox 1623 4402 1723 4460; x_wconf 83' lang='lat' dir='ltr'>suem,</span> 
     </span>
     <span class='ocr_line' id='line_1_47' title="bbox 56 4464 1725 4550; baseline -0.001 -17"><span class='ocrx_word' id='word_1_664' title='bbox 56 4464 62 4476; x_wconf 67' lang='grc'><strong><em>’</em></strong></span> <span class='ocrx_word' id='word_1_665' title='bbox 136 4476 268 4550; x_wconf 77' lang='lat' dir='ltr'>reliquie</span> <span class='ocrx_word' id='word_1_666' title='bbox 280 4478 487 4548; x_wconf 83' lang='lat' dir='ltr'>superterram</span> <span class='ocrx_word' id='word_1_667' title='bbox 503 4473 543 4544; x_wconf 86' lang='lat' dir='ltr'>(b.</span> <span class='ocrx_word' id='word_1_668' title='bbox 560 4488 648 4542; x_wconf 87' lang='lat' dir='ltr'>super</span> <span class='ocrx_word' id='word_1_669' title='bbox 672 4471 775 4527; x_wconf 79' lang='lat' dir='ltr'>laniem</span> <span class='ocrx_word' id='word_1_670' title='bbox 793 4472 896 4543; x_wconf 82' lang='lat' dir='ltr'>terroe).</span> <span class='ocrx_word' id='word_1_671' title='bbox 925 4472 958 4527; x_wconf 81' lang='lat' dir='ltr'>Dt</span> <span class='ocrx_word' id='word_1_672' title='bbox 1012 4473 1086 4530; x_wconf 77' lang='lat' dir='ltr'>olem</span> <span class='ocrx_word' id='word_1_673' title='bbox 1103 4489 1199 4529; x_wconf 87' lang='lat' dir='ltr'>meem</span> <span class='ocrx_word' id='word_1_674' title='bbox 1211 4488 1270 4528; x_wconf 92' lang='lat' dir='ltr'>non</span> <span class='ocrx_word' id='word_1_675' title='bbox 1287 4471 1391 4527; x_wconf 84' lang='lat' dir='ltr'>vident.</span> <span class='ocrx_word' id='word_1_676' title='bbox 1408 4475 1554 4530; x_wconf 82' lang='lat' dir='ltr'>Reversus</span> <span class='ocrx_word' id='word_1_677' title='bbox 1568 4478 1614 4531; x_wconf 90' lang='lat' dir='ltr'>eet</span> <span class='ocrx_word' id='word_1_678' title='bbox 1629 4473 1725 4549; x_wconf 82' lang='lat' dir='ltr'>iisqne</span> 
     </span>
     <span class='ocr_line' id='line_1_48' title="bbox 136 4560 1725 4636; baseline 0.001 -14"><span class='ocrx_word' id='word_1_679' title='bbox 136 4565 293 4623; x_wconf 81' lang='lat' dir='ltr'>eitrexed</span> <span class='ocrx_word' id='word_1_680' title='bbox 323 4562 488 4619; x_wconf 87' lang='lat' dir='ltr'>mulierem:</span> <span class='ocrx_word' id='word_1_681' title='bbox 517 4560 597 4617; x_wconf 81' lang='lat' dir='ltr'>Vnde</span> <span class='ocrx_word' id='word_1_682' title='bbox 612 4560 641 4616; x_wconf 95' lang='lat' dir='ltr'>in</span> <span class='ocrx_word' id='word_1_683' title='bbox 668 4560 788 4616; x_wconf 89' lang='lat' dir='ltr'>domum</span> <span class='ocrx_word' id='word_1_684' title='bbox 818 4565 912 4630; x_wconf 84' lang='lat' dir='ltr'>tumn,</span> <span class='ocrx_word' id='word_1_685' title='bbox 929 4566 994 4630; x_wconf 83' lang='lat' dir='ltr'>etl]</span> <span class='ocrx_word' id='word_1_686' title='bbox 1012 4560 1072 4618; x_wconf 93' lang='lat' dir='ltr'>lom</span> <span class='ocrx_word' id='word_1_687' title='bbox 1088 4563 1118 4618; x_wconf 91' lang='lat' dir='ltr'>in</span> <span class='ocrx_word' id='word_1_688' title='bbox 1135 4562 1256 4618; x_wconf 88' lang='lat' dir='ltr'>domum</span> <span class='ocrx_word' id='word_1_689' title='bbox 1274 4577 1371 4628; x_wconf 84' lang='lat' dir='ltr'>suum,</span> <span class='ocrx_word' id='word_1_690' title='bbox 1387 4566 1417 4618; x_wconf 86' lang='lat' dir='ltr'>et</span> <span class='ocrx_word' id='word_1_691' title='bbox 1431 4561 1536 4618; x_wconf 86' lang='lat' dir='ltr'>ieeiem</span> <span class='ocrx_word' id='word_1_692' title='bbox 1562 4564 1641 4636; x_wconf 79' lang='lat' dir='ltr'>regie</span> <span class='ocrx_word' id='word_1_693' title='bbox 1667 4580 1725 4623; x_wconf 91' lang='lat' dir='ltr'>non</span> 
     </span>
     <span class='ocr_line' id='line_1_49' title="bbox 134 4648 1725 4729; baseline -0.001 -17"><span class='ocrx_word' id='word_1_694' title='bbox 134 4670 187 4729; x_wconf 81' lang='lat' dir='ltr'>ego</span> <span class='ocrx_word' id='word_1_695' title='bbox 200 4654 311 4726; x_wconf 83' lang='lat' dir='ltr'>jubebo</span> <span class='ocrx_word' id='word_1_696' title='bbox 326 4670 378 4726; x_wconf 90' lang='lat' dir='ltr'>pro</span> <span class='ocrx_word' id='word_1_697' title='bbox 394 4658 433 4709; x_wconf 90' lang='lat' dir='ltr'>te.</span> <span class='ocrx_word' id='word_1_698' title='bbox 456 4650 589 4720; x_wconf 83' lang='lat' dir='ltr'>Dixitque</span> <span class='ocrx_word' id='word_1_699' title='bbox 613 4648 721 4705; x_wconf 88' lang='lat' dir='ltr'>mulier</span> <span class='ocrx_word' id='word_1_700' title='bbox 743 4649 893 4706; x_wconf 83' lang='lat' dir='ltr'>Tbeeuitis</span> <span class='ocrx_word' id='word_1_701' title='bbox 918 4651 954 4707; x_wconf 87' lang='lat' dir='ltr'>ed</span> <span class='ocrx_word' id='word_1_702' title='bbox 1010 4653 1099 4708; x_wconf 89' lang='lat' dir='ltr'>Porro</span> <span class='ocrx_word' id='word_1_703' title='bbox 1110 4650 1188 4706; x_wconf 89' lang='lat' dir='ltr'>sicut</span> <span class='ocrx_word' id='word_1_704' title='bbox 1202 4649 1339 4705; x_wconf 82' lang='lat' dir='ltr'>dbsnlom</span> <span class='ocrx_word' id='word_1_705' title='bbox 1358 4650 1402 4704; x_wconf 86' lang='lat' dir='ltr'>vir</span> <span class='ocrx_word' id='word_1_706' title='bbox 1416 4667 1474 4706; x_wconf 92' lang='lat' dir='ltr'>non</span> <span class='ocrx_word' id='word_1_707' title='bbox 1491 4655 1555 4707; x_wconf 85' lang='lat' dir='ltr'>erut</span> <span class='ocrx_word' id='word_1_708' title='bbox 1569 4651 1695 4725; x_wconf 85' lang='lat' dir='ltr'>pulcher</span> <span class='ocrx_word' id='word_1_709' title='bbox 1709 4656 1725 4711; x_wconf 82' lang='lat' dir='ltr'>it</span> 
     </span>
     <span class='ocr_line' id='line_1_50' title="bbox 133 4738 1725 4817; baseline 0 -16"><span class='ocrx_word' id='word_1_710' title='bbox 133 4759 243 4817; x_wconf 85' lang='lat' dir='ltr'>regem:</span> <span class='ocrx_word' id='word_1_711' title='bbox 260 4741 498 4809; x_wconf 88' lang='lat' dir='ltr'>1nme‚domine</span> <span class='ocrx_word' id='word_1_712' title='bbox 515 4739 554 4795; x_wconf 90' lang='lat' dir='ltr'>mi</span> <span class='ocrx_word' id='word_1_713' title='bbox 575 4756 624 4795; x_wconf 86' lang='lat' dir='ltr'>rex</span> <span class='ocrx_word' id='word_1_714' title='bbox 645 4739 740 4811; x_wconf 75' lang='lat' dir='ltr'>(Vulp.</span> <span class='ocrx_word' id='word_1_715' title='bbox 764 4739 871 4795; x_wconf 84' lang='lat' dir='ltr'>addunt</span> <span class='ocrx_word' id='word_1_716' title='bbox 892 4739 952 4811; x_wconf 87' lang='lat' dir='ltr'>sit),</span> <span class='ocrx_word' id='word_1_717' title='bbox 1008 4740 1109 4808; x_wconf 84' lang='lat' dir='ltr'>lsrael,</span> <span class='ocrx_word' id='word_1_718' title='bbox 1123 4750 1150 4796; x_wconf 84' lang='lat' dir='ltr'>et</span> <span class='ocrx_word' id='word_1_719' title='bbox 1161 4739 1202 4810; x_wconf 87' lang='lat' dir='ltr'>(b.</span> <span class='ocrx_word' id='word_1_720' title='bbox 1219 4755 1277 4795; x_wconf 90' lang='lat' dir='ltr'>non</span> <span class='ocrx_word' id='word_1_721' title='bbox 1295 4738 1393 4811; x_wconf 87' lang='lat' dir='ltr'>hebet)</span> <span class='ocrx_word' id='word_1_722' title='bbox 1409 4739 1532 4797; x_wconf 81' lang='lat' dir='ltr'>decorus</span> <span class='ocrx_word' id='word_1_723' title='bbox 1548 4740 1650 4813; x_wconf 90' lang='lat' dir='ltr'>nimie,</span> <span class='ocrx_word' id='word_1_724' title='bbox 1674 4761 1692 4801; x_wconf 82' lang='lat' dir='ltr'>n</span> <span class='ocrx_word' id='word_1_725' title='bbox 1712 4761 1725 4801; x_wconf 87' lang='lat' dir='ltr'>s</span> 
     </span>
     <span class='ocr_line' id='line_1_51' title="bbox 130 4828 1722 4904; baseline 0.001 -16"><span class='ocrx_word' id='word_1_726' title='bbox 130 4831 286 4904; x_wconf 78' lang='lat' dir='ltr'>iniquitas,</span> <span class='ocrx_word' id='word_1_727' title='bbox 301 4839 331 4889; x_wconf 86' lang='lat' dir='ltr'>et</span> <span class='ocrx_word' id='word_1_728' title='bbox 346 4832 375 4888; x_wconf 90' lang='lat' dir='ltr'>in</span> <span class='ocrx_word' id='word_1_729' title='bbox 391 4832 512 4886; x_wconf 89' lang='lat' dir='ltr'>domum</span> <span class='ocrx_word' id='word_1_730' title='bbox 534 4829 625 4901; x_wconf 85' lang='lat' dir='ltr'>petris</span> <span class='ocrx_word' id='word_1_731' title='bbox 651 4829 718 4885; x_wconf 82' lang='lat' dir='ltr'>mei:</span> <span class='ocrx_word' id='word_1_732' title='bbox 744 4847 793 4886; x_wconf 86' lang='lat' dir='ltr'>rex</span> <span class='ocrx_word' id='word_1_733' title='bbox 811 4837 909 4887; x_wconf 90' lang='lat' dir='ltr'>nutem</span> <span class='ocrx_word' id='word_1_734' title='bbox 925 4838 954 4887; x_wconf 90' lang='lat' dir='ltr'>et</span> <span class='ocrx_word' id='word_1_735' title='bbox 1008 4831 1090 4902; x_wconf 89' lang='lat' dir='ltr'>pedis</span> <span class='ocrx_word' id='word_1_736' title='bbox 1106 4844 1200 4901; x_wconf 87' lang='lat' dir='ltr'>usque</span> <span class='ocrx_word' id='word_1_737' title='bbox 1211 4830 1247 4885; x_wconf 91' lang='lat' dir='ltr'>ud</span> <span class='ocrx_word' id='word_1_738' title='bbox 1263 4828 1399 4884; x_wconf 78' lang='lat' dir='ltr'>verticem</span> <span class='ocrx_word' id='word_1_739' title='bbox 1412 4845 1470 4884; x_wconf 89' lang='lat' dir='ltr'>non</span> <span class='ocrx_word' id='word_1_740' title='bbox 1487 4836 1549 4886; x_wconf 88' lang='lat' dir='ltr'>eret</span> <span class='ocrx_word' id='word_1_741' title='bbox 1564 4830 1593 4886; x_wconf 93' lang='lat' dir='ltr'>in</span> <span class='ocrx_word' id='word_1_742' title='bbox 1609 4847 1644 4886; x_wconf 90' lang='lat' dir='ltr'>eo</span> <span class='ocrx_word' id='word_1_743' title='bbox 1661 4830 1722 4890; x_wconf 84' lang='lat' dir='ltr'>uile</span> 
     </span>
     <span class='ocr_line' id='line_1_52' title="bbox 130 4917 1723 4993; baseline 0.001 -15"><span class='ocrx_word' id='word_1_744' title='bbox 130 4920 257 4978; x_wconf 81' lang='lat' dir='ltr'>thronus</span> <span class='ocrx_word' id='word_1_745' title='bbox 270 4923 334 4993; x_wconf 79' lang='lat' dir='ltr'>eJns</span> <span class='ocrx_word' id='word_1_746' title='bbox 350 4921 385 4976; x_wconf 90' lang='lat' dir='ltr'>sit</span> <span class='ocrx_word' id='word_1_747' title='bbox 404 4922 554 4976; x_wconf 73' lang='lat' dir='ltr'>innocens.</span> <span class='ocrx_word' id='word_1_748' title='bbox 571 4922 605 4974; x_wconf 77' lang='lat' dir='ltr'>ut</span> <span class='ocrx_word' id='word_1_749' title='bbox 619 4919 659 4974; x_wconf 90' lang='lat' dir='ltr'>nit</span> <span class='ocrx_word' id='word_1_750' title='bbox 684 4934 743 4974; x_wconf 86' lang='lat' dir='ltr'>rex:</span> <span class='ocrx_word' id='word_1_751' title='bbox 760 4919 812 4985; x_wconf 84' lang='lat' dir='ltr'>Qui</span> <span class='ocrx_word' id='word_1_752' title='bbox 839 4924 952 4975; x_wconf 83' lang='lat' dir='ltr'>eontra·</span> <span class='ocrx_word' id='word_1_753' title='bbox 1006 4919 1044 4976; x_wconf 88' lang='lat' dir='ltr'>le.</span> <span class='ocrx_word' id='word_1_754' title='bbox 1063 4920 1223 4990; x_wconf 79' lang='lat' dir='ltr'>[liquando</span> <span class='ocrx_word' id='word_1_755' title='bbox 1238 4918 1376 4973; x_wconf 83' lang='lat' dir='ltr'>tondebat</span> <span class='ocrx_word' id='word_1_756' title='bbox 1391 4917 1531 4988; x_wconf 87' lang='lat' dir='ltr'>ospitium</span> <span class='ocrx_word' id='word_1_757' title='bbox 1557 4918 1661 4990; x_wconf 85' lang='lat' dir='ltr'>(semel</span> <span class='ocrx_word' id='word_1_758' title='bbox 1687 4937 1723 4980; x_wconf 79' lang='lat' dir='ltr'>eu</span> 
     </span>
     <span class='ocr_line' id='line_1_53' title="bbox 129 5005 1721 5084; baseline 0 -17"><span class='ocrx_word' id='word_1_759' title='bbox 129 5010 234 5067; x_wconf 84' lang='lat' dir='ltr'>dixerit</span> <span class='ocrx_word' id='word_1_760' title='bbox 255 5010 296 5084; x_wconf 88' lang='lat' dir='ltr'>[b.</span> <span class='ocrx_word' id='word_1_761' title='bbox 314 5010 367 5075; x_wconf 84' lang='lat' dir='ltr'>Qui</span> <span class='ocrx_word' id='word_1_762' title='bbox 382 5010 497 5066; x_wconf 82' lang='lat' dir='ltr'>loeutus</span> <span class='ocrx_word' id='word_1_763' title='bbox 513 5008 610 5080; x_wconf 88' lang='lat' dir='ltr'>luerit]</span> <span class='ocrx_word' id='word_1_764' title='bbox 628 5008 691 5074; x_wconf 83' lang='lat' dir='ltr'>tibi,</span> <span class='ocrx_word' id='word_1_765' title='bbox 707 5008 803 5064; x_wconf 85' lang='lat' dir='ltr'>eddue</span> <span class='ocrx_word' id='word_1_766' title='bbox 822 5024 889 5065; x_wconf 91' lang='lat' dir='ltr'>eum</span> <span class='ocrx_word' id='word_1_767' title='bbox 914 5010 949 5066; x_wconf 86' lang='lat' dir='ltr'>sd</span> <span class='ocrx_word' id='word_1_768' title='bbox 1006 5025 1083 5066; x_wconf 87' lang='lat' dir='ltr'>enno</span> <span class='ocrx_word' id='word_1_769' title='bbox 1099 5007 1274 5063; x_wconf 82' lang='lat' dir='ltr'>tondebatur</span> <span class='ocrx_word' id='word_1_770' title='bbox 1289 5006 1328 5076; x_wconf 92' lang='lat' dir='ltr'>[b.</span> <span class='ocrx_word' id='word_1_771' title='bbox 1346 5005 1379 5060; x_wconf 78' lang='lat' dir='ltr'>Et</span> <span class='ocrx_word' id='word_1_772' title='bbox 1399 5007 1516 5078; x_wconf 82' lang='lat' dir='ltr'>quondo</span> <span class='ocrx_word' id='word_1_773' title='bbox 1543 5007 1721 5067; x_wconf 82' lang='lat' dir='ltr'>tondebstnr</span> 
     </span>
     <span class='ocr_line' id='line_1_54' title="bbox 128 5096 1724 5173; baseline -0.001 -15"><span class='ocrx_word' id='word_1_774' title='bbox 128 5117 186 5172; x_wconf 88' lang='lat' dir='ltr'>me,</span> <span class='ocrx_word' id='word_1_775' title='bbox 201 5107 230 5157; x_wconf 89' lang='lat' dir='ltr'>et</span> <span class='ocrx_word' id='word_1_776' title='bbox 246 5101 325 5158; x_wconf 85' lang='lat' dir='ltr'>ultre</span> <span class='ocrx_word' id='word_1_777' title='bbox 339 5117 396 5156; x_wconf 92' lang='lat' dir='ltr'>non</span> <span class='ocrx_word' id='word_1_778' title='bbox 412 5100 501 5155; x_wconf 89' lang='lat' dir='ltr'>uddet</span> <span class='ocrx_word' id='word_1_779' title='bbox 517 5105 549 5155; x_wconf 92' lang='lat' dir='ltr'>ut</span> <span class='ocrx_word' id='word_1_780' title='bbox 562 5103 665 5170; x_wconf 86' lang='lat' dir='ltr'>tungut</span> <span class='ocrx_word' id='word_1_781' title='bbox 679 5104 717 5154; x_wconf 88' lang='lat' dir='ltr'>te.</span> <span class='ocrx_word' id='word_1_782' title='bbox 734 5098 801 5162; x_wconf 80' lang='lat' dir='ltr'>Qun</span> <span class='ocrx_word' id='word_1_783' title='bbox 825 5099 877 5154; x_wconf 86' lang='lat' dir='ltr'>uit:</span> <span class='ocrx_word' id='word_1_784' title='bbox 895 5098 948 5155; x_wconf 81' lang='lat' dir='ltr'>Re·</span> <span class='ocrx_word' id='word_1_785' title='bbox 1004 5099 1069 5169; x_wconf 78' lang='lat' dir='ltr'>eJ&#39;us</span> <span class='ocrx_word' id='word_1_786' title='bbox 1094 5096 1216 5168; x_wconf 77' lang='lat' dir='ltr'>[statuto</span> <span class='ocrx_word' id='word_1_787' title='bbox 1246 5100 1343 5151; x_wconf 82' lang='lat' dir='ltr'>nutem</span> <span class='ocrx_word' id='word_1_788' title='bbox 1373 5099 1505 5167; x_wconf 90' lang='lat' dir='ltr'>temporo</span> <span class='ocrx_word' id='word_1_789' title='bbox 1533 5096 1724 5173; x_wconf 70' lang='lat' dir='ltr'>tondebatur]</span> 
     </span>
     <span class='ocr_line' id='line_1_55' title="bbox 125 5183 1710 5260; baseline 0.001 -15"><span class='ocrx_word' id='word_1_790' title='bbox 125 5196 263 5247; x_wconf 78' lang='lat' dir='ltr'>perdetur</span> <span class='ocrx_word' id='word_1_791' title='bbox 276 5207 327 5246; x_wconf 84' lang='lat' dir='ltr'>rex</span> <span class='ocrx_word' id='word_1_792' title='bbox 341 5187 458 5245; x_wconf 87' lang='lat' dir='ltr'>Domini</span> <span class='ocrx_word' id='word_1_793' title='bbox 474 5189 522 5243; x_wconf 90' lang='lat' dir='ltr'>Dei</span> <span class='ocrx_word' id='word_1_794' title='bbox 534 5187 592 5251; x_wconf 84' lang='lat' dir='ltr'>eui,</span> <span class='ocrx_word' id='word_1_795' title='bbox 603 5194 635 5242; x_wconf 86' lang='lat' dir='ltr'>ut</span> <span class='ocrx_word' id='word_1_796' title='bbox 646 5203 703 5242; x_wconf 93' lang='lat' dir='ltr'>non</span> <span class='ocrx_word' id='word_1_797' title='bbox 717 5185 949 5259; x_wconf 86' lang='lat' dir='ltr'>multiplicentur</span> <span class='ocrx_word' id='word_1_798' title='bbox 1003 5189 1217 5260; x_wconf 81' lang='lat' dir='ltr'>grevnbeteum</span> <span class='ocrx_word' id='word_1_799' title='bbox 1226 5183 1384 5256; x_wconf 81' lang='lat' dir='ltr'>naeeerioe).</span> <span class='ocrx_word' id='word_1_800' title='bbox 1397 5184 1710 5258; x_wconf 81' lang='lat' dir='ltr'>ponderebeteepiilos</span> 
     </span>
     <span class='ocr_line' id='line_1_56' title="bbox 122 5272 1724 5351; baseline 0.001 -17"><span class='ocrx_word' id='word_1_801' title='bbox 122 5278 248 5351; x_wconf 87' lang='lat' dir='ltr'>proximi</span> <span class='ocrx_word' id='word_1_802' title='bbox 266 5277 422 5351; x_wconf 78' lang='lat' dir='ltr'>sanguinis</span> <span class='ocrx_word' id='word_1_803' title='bbox 438 5277 473 5333; x_wconf 89' lang='lat' dir='ltr'>nd</span> <span class='ocrx_word' id='word_1_804' title='bbox 491 5275 705 5345; x_wconf 78' lang='lat' dir='ltr'>ulciscendum,</span> <span class='ocrx_word' id='word_1_805' title='bbox 719 5278 748 5329; x_wconf 86' lang='lat' dir='ltr'>et</span> <span class='ocrx_word' id='word_1_806' title='bbox 763 5291 946 5347; x_wconf 75' lang='lat' dir='ltr'>nequequam</span> <span class='ocrx_word' id='word_1_807' title='bbox 1002 5275 1048 5333; x_wconf 90' lang='lat' dir='ltr'>sui</span> <span class='ocrx_word' id='word_1_808' title='bbox 1064 5275 1199 5330; x_wconf 85' lang='lat' dir='ltr'>ducentis</span> <span class='ocrx_word' id='word_1_809' title='bbox 1212 5272 1293 5330; x_wconf 90' lang='lat' dir='ltr'>eioiis</span> <span class='ocrx_word' id='word_1_810' title='bbox 1309 5272 1437 5345; x_wconf 91' lang='lat' dir='ltr'>pondere</span> <span class='ocrx_word' id='word_1_811' title='bbox 1451 5272 1570 5343; x_wconf 91' lang='lat' dir='ltr'>publico</span> <span class='ocrx_word' id='word_1_812' title='bbox 1582 5273 1623 5345; x_wconf 73' lang='lat' dir='ltr'>(b.</span> <span class='ocrx_word' id='word_1_813' title='bbox 1642 5277 1724 5350; x_wconf 71' lang='lat' dir='ltr'>regio</span> 
     </span>
    </p>
   </div>
   <div class='ocr_carea' id='block_1_4' title="bbox 106 5449 1725 5743">
    <p class='ocr_par' dir='ltr' id='par_1_4' title="bbox 106 5449 1725 5743">
     <span class='ocr_line' id='line_1_57' title="bbox 156 5449 1662 5530; baseline -0.001 -17"><span class='ocrx_word' id='word_1_814' title='bbox 156 5458 166 5494; x_wconf 87' lang='lat'>¹</span> <span class='ocrx_word' id='word_1_815' title='bbox 182 5455 282 5530; x_wconf 90' lang='lat' dir='ltr'>Neque</span> <span class='ocrx_word' id='word_1_816' title='bbox 296 5455 446 5527; x_wconf 74' lang='lat' dir='ltr'>Hebraeus,</span> <span class='ocrx_word' id='word_1_817' title='bbox 461 5469 555 5525; x_wconf 88' lang='lat' dir='ltr'>neque</span> <span class='ocrx_word' id='word_1_818' title='bbox 575 5452 733 5511; x_wconf 69' lang='lat' dir='ltr'>veronens.</span> <span class='ocrx_word' id='word_1_819' title='bbox 759 5469 815 5509; x_wconf 89' lang='lat' dir='ltr'>ms.</span> <span class='ocrx_word' id='word_1_820' title='bbox 836 5452 946 5512; x_wconf 81' lang='lat' dir='ltr'>hebent</span> <span class='ocrx_word' id='word_1_821' title='bbox 1000 5453 1067 5512; x_wconf 78' lang='lat' dir='ltr'>fulsi</span> <span class='ocrx_word' id='word_1_822' title='bbox 1087 5450 1255 5524; x_wconf 74' lang='lat' dir='ltr'>Hieronymi</span> <span class='ocrx_word' id='word_1_823' title='bbox 1270 5450 1300 5506; x_wconf 93' lang='lat' dir='ltr'>in</span> <span class='ocrx_word' id='word_1_824' title='bbox 1318 5451 1431 5524; x_wconf 78' lang='lat' dir='ltr'>Regum</span> <span class='ocrx_word' id='word_1_825' title='bbox 1445 5449 1547 5508; x_wconf 84' lang='lat' dir='ltr'>libros.</span> <span class='ocrx_word' id='word_1_826' title='bbox 1563 5451 1662 5511; x_wconf 73' lang='lat' dir='ltr'>Mser.</span> 
     </span>
     <span class='ocr_line' id='line_1_58' title="bbox 118 5521 1725 5586; baseline 0 -3"><span class='ocrx_word' id='word_1_827' title='bbox 118 5524 239 5586; x_wconf 77' lang='lat' dir='ltr'>biorex.</span> <span class='ocrx_word' id='word_1_828' title='bbox 1035 5526 1194 5581; x_wconf 84' lang='lat' dir='ltr'>³Hievero</span> <span class='ocrx_word' id='word_1_829' title='bbox 1210 5523 1363 5580; x_wconf 73' lang='lat' dir='ltr'>eddixreae</span> <span class='ocrx_word' id='word_1_830' title='bbox 1389 5521 1548 5582; x_wconf 81' lang='lat' dir='ltr'>veronens.</span> <span class='ocrx_word' id='word_1_831' title='bbox 1572 5538 1632 5582; x_wconf 82' lang='lat' dir='ltr'>ms.</span> <span class='ocrx_word' id='word_1_832' title='bbox 1662 5531 1725 5584; x_wconf 82' lang='lat' dir='ltr'>rent</span> 
     </span>
     <span class='ocr_line' id='line_1_59' title="bbox 115 5593 1505 5670; baseline -0.003 -14"><span class='ocrx_word' id='word_1_833' title='bbox 115 5653 121 5666; x_wconf 86' lang='grc'><em>,</em></span> <span class='ocrx_word' id='word_1_834' title='bbox 152 5596 371 5665; x_wconf 77' lang='lat' dir='ltr'>’Quiddsistu</span> <span class='ocrx_word' id='word_1_835' title='bbox 390 5594 603 5670; x_wconf 79' lang='lat' dir='ltr'>persecutionis</span> <span class='ocrx_word' id='word_1_836' title='bbox 627 5595 791 5655; x_wconf 74' lang='lat' dir='ltr'>cessatione</span> <span class='ocrx_word' id='word_1_837' title='bbox 814 5597 942 5655; x_wconf 88' lang='lat' dir='ltr'>sentien·</span> <span class='ocrx_word' id='word_1_838' title='bbox 998 5614 1066 5656; x_wconf 89' lang='lat' dir='ltr'>oum</span> <span class='ocrx_word' id='word_1_839' title='bbox 1086 5595 1206 5655; x_wconf 79' lang='lat' dir='ltr'>Hebron</span> <span class='ocrx_word' id='word_1_840' title='bbox 1222 5593 1505 5668; x_wconf 79' lang='lat' dir='ltr'>textuetVuigutis.</span> 
     </span>
     <span class='ocr_line' id='line_1_60' title="bbox 106 5666 943 5743; baseline 0.01 -23"><span class='ocrx_word' id='word_1_841' title='bbox 106 5666 181 5725; x_wconf 81' lang='lat' dir='ltr'>dum</span> <span class='ocrx_word' id='word_1_842' title='bbox 196 5671 250 5741; x_wconf 75' lang='lat' dir='ltr'>sit,</span> <span class='ocrx_word' id='word_1_843' title='bbox 274 5671 349 5743; x_wconf 77' lang='lat' dir='ltr'>ride,</span> <span class='ocrx_word' id='word_1_844' title='bbox 365 5671 392 5729; x_wconf 90' lang='lat' dir='ltr'>si</span> <span class='ocrx_word' id='word_1_845' title='bbox 409 5669 548 5740; x_wconf 82' lang='lat' dir='ltr'>volueris,</span> <span class='ocrx_word' id='word_1_846' title='bbox 570 5668 756 5727; x_wconf 68' lang='lat' dir='ltr'>&#39;traditiones</span> <span class='ocrx_word' id='word_1_847' title='bbox 786 5669 943 5728; x_wconf 85' lang='lat' dir='ltr'>liebrsioes</span> 
     </span>
    </p>
   </div>
   <div class='ocr_carea' id='block_1_5' title="bbox 0 0 1944 6150">
    <p class='ocr_par' dir='ltr' id='par_1_5' title="bbox 0 0 1944 6150">
     <span class='ocr_line' id='line_1_61' title="bbox 0 0 1944 6150; baseline 0 0"><span class='ocrx_word' id='word_1_848' title='bbox 0 0 1944 6150; x_wconf 95' lang='lat' dir='ltr'> </span> 
     </span>
    </p>
   </div>
  </div>
 </body>
</html>
