3870 6120
107 115 161 176 sss
621 128 651 181 s.
671 125 878 185 nissuuuur
894 126 1022 182 mmm
1039 124 1288 183 erunrorsscs.
1371 132 1377 137 ·
1757 122 1808 201 est

146 246 240 330 Super
253 244 382 321 einsidl.
398 246 429 304 iu
444 246 512 318 viis)
528 254 698 320 pascentur,
951 250 979 319 A
1029 252 1059 305 et
1073 249 1151 321 quod
1167 248 1298 307 oblatum
1309 247 1397 307 luerit
1410 266 1427 308 a
1442 251 1581 319 robusto,
1593 248 1764 311 -salvebltun

150 323 180 376 et
195 335 223 375 ru
239 321 378 377 omnibus
394 318 489 393 planis
504 336 615 399 pascue
630 337 743 380 eorum.
993 323 1050 379 Eos
1064 337 1141 389 vero,
1157 321 1207 393 qui
1219 321 1427 394 judicaverunt
1441 328 1481 395 te,
1497 338 1556 397 ego
1565 322 1723 395 judicabo,

115 391 179 451 Nun
193 392 336 459 esurient,
352 406 446 463 neque
461 391 572 462 sitient,
1028 400 1057 449 et
1071 393 1147 449 filios
1162 399 1229 449 tuos
1241 393 1371 451 salvabo.

151 469 180 520 et
196 479 253 519 non
268 463 412 545 percutiet
426 478 476 518 eos
491 468 624 520 aestaset
639 464 704 534 sol;
993 470 1028 522 Et
1042 464 1146 521 cibabo
1163 465 1261 521 bostes
1276 470 1343 522 tuos
1357 464 1498 523 carnibus
1514 463 1591 537 siris,

151 535 221 607 quie
238 541 390 591 miserator
402 550 503 591 eorum
521 542 601 609 reget
616 552 677 604 eos,
1029 542 1058 593 et
1073 536 1158 608 quasi
1174 542 1283 604 musto,
1300 537 1445 611 sunguine
1458 552 1515 593 suo
1539 534 1778 595 inebriabuntur:

151 611 179 664 et
193 606 229 662 ad
245 607 340 663 lontee
354 622 499 678 equorum
516 608 647 679 potubit¹
663 626 723 666 eos.
993 612 1029 664 Et
1043 608 1115 665 sciet
1129 609 1226 664 omnis
1241 625 1319 675 cero,
1335 609 1403 681 quie
1418 625 1472 683 ego
1486 608 1641 667 Dominus
1656 608 1807 683 selemia,

114 679 150 736 Et
165 693 271 750 ponem
288 694 390 734 omues
405 683 520 735 montes
537 695 615 735 meos
631 680 661 736 iu
674 682 761 747 sinin,
1064 685 1093 735 et
1108 679 1277 751 redemptor
1290 685 1361 737 tuus
1375 680 1477 738 Jecub.

151 756 180 806 et
195 750 307 806 sumitis
323 765 395 806 meaa
409 748 627 808 exultabuntur.
994 750 1073 822 (Cup.
1088 752 1133 822 L.)
1149 754 1213 807 llaec
1228 752 1299 807 dicit
1314 751 1478 811 Dominus:

116 820 250 879 &scisti
265 822 302 878 de
317 821 404 895 longe
419 823 545 892 venient,
1031 823 1101 890 Quis
1125 828 1171 878 est
1195 823 1243 879 hic
1266 822 1341 881 liber
1364 824 1480 897 repudii
1504 823 1616 881 metris
1640 826 1811 899 sorbemus

151 901 178 949 et
192 908 258 949 eccs
273 893 316 949 illi
331 894 369 950 ab
385 892 523 965 aquilone
537 897 566 950 et
580 893 655 951 meri
1067 893 1167 950 dimisi
1182 893 1270 951 cerni

151 969 180 1021 et
194 964 243 1021 isti
258 965 293 1021 de
308 969 386 1022 terre
401 963 536 1023 australi.
1031 970 1083 1021 aut
1097 966 1164 1037 quis
1179 971 1224 1022 est
1239 966 1368 1024 creditor
1382 982 1477 1035 meus,
1492 966 1542 1024 cui
1559 966 1684 1025 vendidi
1698 966 1770 1025 vos?

118 1036 255 1105 beudate,
271 1035 345 1107 omli,
361 1041 390 1092 et
403 1035 528 1105 exsulis,
543 1039 631 1108 terra,
996 1040 1067 1093 Ecce
1081 1037 1111 1093 iu
1127 1037 1335 1110 iniquitatibus
1350 1038 1455 1096 vestris
1469 1038 1583 1095 venditi
1601 1038 1687 1109 estis,

148 1106 287 1182 jubilete,
303 1113 429 1178 montes,
445 1105 584 1164 leudem:
1032 1114 1060 1163 et
1075 1109 1102 1164 in
1120 1108 1282 1166 sceleribus
1296 1111 1403 1167 vestris
1425 1110 1527 1167 dimisi
1543 1114 1673 1167 metrum
1688 1114 1811 1169 cestren.

153 1180 223 1251 quia
238 1178 408 1236 consolatus
423 1184 469 1235 est
484 1180 624 1236 Dominus
640 1179 781 1253 populum
798 1197 897 1247 suum,
997 1181 1070 1247 Quia
1086 1180 1173 1247 venit,
1191 1187 1219 1238 et
1234 1197 1292 1237 nou
1307 1186 1371 1238 erat
1386 1183 1447 1238 vir:

154 1258 183 1308 et
197 1267 359 1379 puugerum
374 1268 497 1308 suorum
514 1251 709 1311 miserebitur.
1032 1253 1143 1321 vocavi,
1156 1257 1185 1308 et
1200 1269 1258 1308 nun
1273 1262 1335 1310 crat
1350 1254 1402 1326 qui
1420 1252 1547 1310 audiret.

117 1322 154 1380 ut
168 1322 244 1379 dixit
278 1324 346 1379 ion:
997 1323 1135 1395 Nunquid
1160 1325 1329 1381 abbreviata
1353 1330 1382 1381 et
1406 1324 1528 1398 parvula
1551 1324 1632 1383 iscis
1654 1328 1702 1381 est
1721 1340 1810 1382 menas

156 1394 316 1467 Dereliquit
330 1410 378 1450 me
392 1394 546 1462 Dominus,
1070 1412 1146 1464 meu,
1162 1401 1270 1452 utnon
1286 1396 1397 1470 possim
1410 1398 1465 1470 (lt.
1481 1397 1591 1470 possit)
1607 1397 1771 1453 redimere?

156 1472 186 1522 st
201 1467 343 1523 Dominus
358 1464 469 1523 oblitus
479 1470 524 1522 est
536 1465 604 1523 mei.
1033 1472 1084 1522 aut
1099 1483 1156 1523 non
1172 1468 1262 1524 estin
1278 1485 1325 1526 me
1339 1469 1432 1526 virtus
1448 1474 1481 1525 ed
1498 1468 1714 1525 liberandum?

121 1537 263 1611 Nunquid
274 1538 406 1596 oblivisci
422 1544 516 1611 potest
530 1538 636 1595 mulier
650 1538 792 1596 inluuiem
808 1555 907 1607 suum,
999 1539 1069 1594 llcce
1084 1538 1113 1594 in
1131 1539 1330 1612 increpatione
1355 1557 1420 1597 mea
1435 1542 1586 1597 desertum
1613 1540 1718 1597 inciam
1733 1556 1805 1611 mare,

156 1617 261 1668 utnon
278 1611 453 1668 miserentur
468 1609 527 1667 lilio
543 1611 618 1667 utcri
634 1610 704 1668 aui‘l
959 1628 983 1694 B
1034 1610 1142 1666 Pouum
1159 1610 1283 1668 llumins
1298 1613 1326 1669 in
1343 1612 1455 1669 siccum
1472 1628 1480 1668 :

156 1687 186 1739 ot
200 1683 225 1741 si
240 1681 291 1739 ille
305 1683 396 1740 oblitu
410 1682 507 1765 luerit,
621 1755 626 1765 Ι
1035 1686 1273 1768 computrescent
1287 1683 1382 1767 pisces
1397 1683 1461 1741 sine
1476 1699 1565 1756 aque,

120 1753 641 1908 etttl‘lltttlllllittllt·
654 1830 699 1883 o:
1000 1759 1380 1896 rittll‘tttit‘tttli

159 1899 235 1956 muri
250 1898 293 1955 tui
307 1914 404 1956 corum
420 1899 514 1954 oculis
530 1898 602 1953 meis
618 1913 743 1970 semper.
1036 1906 1064 1952 ct
1078 1914 1194 1953 succum
1211 1914 1318 1969 ponam
1334 1896 1552 1980 operimentum
1568 1913 1683 1969 eurum,

122 1969 274 2028 Venerunt
287 1976 449 2029 structores
463 1969 506 2024 tui
524 1985 531 2024 :
1002 1968 1144 2025 Dominus
1160 1970 1239 2025 dedit
1254 1969 1326 2025 mibi
1342 1969 1474 2042 linguam
1490 1969 1651 2038 eruditum,

161 2044 345 2101 destruentes
360 2047 388 2098 te
413 2045 443 2098 et
467 2040 648 2112 dissipantes
673 2041 726 2113 (Al.
742 2043 771 2097 et
786 2041 879 2112 quite
895 2038 945 2094 do·
1037 2046 1069 2096 ut
1084 2040 1172 2096 sciam
1188 2045 1354 2098 sustentare
1369 2057 1450 2113 erem,
1474 2040 1525 2114 qui
1539 2040 1638 2099 lassus
1652 2044 1696 2098 est
1709 2039 1788 2099 umbo.

196 2119 369 2173 struxerunt
382 2115 413 2169 et
427 2111 667 2184 dissipaverunt),
682 2129 698 2167 a
713 2121 739 2167 te
753 2111 885 2168 exibunt.
1002 2112 1091 2183 Erigit
1108 2129 1204 2181 mune,

126 2187 201 2243 Leve
215 2186 245 2242 iu
260 2185 383 2241 circuitu
399 2182 501 2240 oculos
516 2189 593 2254 tuos,
609 2189 638 2239 et
657 2183 731 2251 vide,
1037 2200 1123 2240 mene
1138 2184 1224 2256 erigit
1238 2182 1311 2239 mibi
1326 2200 1440 2249 aurem,

160 2274 263 2315 omnes
278 2257 326 2312 isti
341 2254 506 2338 congregati
522 2260 603 2323 sunt,
618 2258 759 2312 venerunt
775 2253 827 2310 tibi
842 2269 849 2309 :
1037 2261 1070 2310 ut
1084 2256 1202 2311 audium
1220 2257 1303 2328 quusi
1321 2256 1507 2328 magistrum.

123 2328 195 2386 Vivo
210 2344 273 2401 ego,
290 2327 359 2384 dicii
375 2332 529 2398 Dominus,
1001 2327 1146 2383 Dominus
1161 2328 1238 2383 Deus
1253 2327 1367 2401 operuit
1382 2328 1454 2383 mihi
1471 2342 1572 2384 aurem
1590 2346 1599 2397 ς

123 2400 194 2473 quia
209 2400 347 2457 omnibus
362 2398 408 2455 bis
423 2398 504 2455 velut
517 2404 688 2456 ornamento
700 2396 846 2468 vestieris,
1036 2415 1089 2470 ego
1105 2405 1202 2456 nutem
1219 2416 1275 2455 non
1292 2399 1461 2457 contradico
1478 2417 1485 2456 :

158 2477 187 2530 et
201 2470 398 2528 circumdabis
415 2468 526 2527 libicos
541 2472 625 2543 quusi
641 2487 760 2543 sponse.
1036 2477 1196 2527 retrorsum
1212 2488 1269 2527 uon
1285 2471 1354 2529 abii.

122 2545 196 2611 Quis
210 2545 327 2601 deserta
341 2549 401 2610 tua,
417 2545 446 2598 et
460 2542 635 2600 solitudines
645 2548 714 2612 tue,
728 2548 756 2599 et
767 2546 844 2598 terre
855 2539 946 2597 ruine
1000 2542 1113 2615 Corpus
1128 2558 1227 2599 meum
1242 2542 1309 2598 dedi
1326 2541 1570 2668 percutientibus,

195 2620 265 2686 turs,
1036 2621 1064 2669 ct
1079 2631 1168 2685 genas
1183 2631 1265 2671 meas
1280 2613 1325 2671 vel
1338 2613 1477 2671 entibus:

159 2702 237 2744 nune
252 2691 380 2760 anguste
394 2688 480 2741 erunt
496 2703 552 2759 prae
568 2685 795 2753 habitatoribus,
1000 2687 1113 2742 Faciem
1130 2703 1224 2742 meam
1243 2702 1301 2743 uon
1316 2687 1405 2743 averti
1421 2686 1457 2742 eb
1472 2683 1705 2758 increpantibus,
1714 2686 1741 2739 et
1751 2696 1799 2737 cor·

158 2763 189 2816 et
202 2758 289 2843 longe
303 2757 486 2832 fugabuntur
501 2758 552 2830 qui
566 2758 764 2816 absorbebunt
777 2762 816 2812 te.
1072 2760 1257 2829 spuentibus.

122 2831 226 2888 Adbuc
241 2831 341 2888 dicent
352 2832 381 2887 in
394 2828 515 2887 auribus
528 2829 588 2887 tuis
599 2826 857 2888 filiis¹sterilitutis
871 2832 945 2882 tum:
1035 2830 1178 2886 Dominus
1193 2829 1271 2886 Deus
1285 2828 1442 2885 auxiliator
1456 2844 1552 2898 meus,

123 2906 277 2978 Angustus
289 2908 335 2960 est
349 2899 423 2960 mihi
437 2899 529 2974 locus,
555 2904 600 2959 luc
615 2902 741 2975 spatium
758 2901 831 2957 mihi
847 2904 879 2955 ut
895 2900 945 2955 bu·
1039 2901 1104 2956 ldeo
1119 2918 1177 2958 uon
1193 2918 1260 2957 sum
1273 2902 1433 2957 contusus:

196 2975 297 3032 bitem.
960 2993 982 3061 c
1036 2973 1103 3029 Ideo
1119 2974 1202 3045 posui
1216 2973 1318 3029 taciem
1330 2989 1438 3042 meum,
1449 2975 1482 3027 ut
1495 2975 1611 3044 petram
1623 2968 1801 3033 durissimum,

124 3047 160 3104 lit
173 3046 253 3103 dices
267 3046 298 3102 in
312 3046 401 3103 corde
415 3053 466 3104 tuo
480 3061 486 3100 :
1036 3050 1065 3099 et
1079 3044 1139 3100 scio
1154 3047 1295 3117 quioniam
1312 3061 1369 3101 nou
1386 3043 1562 3100 confundar.
1756 3110 1761 3121 ¹
1780 3108 1785 3118 Ι

159 3117 230 3182 Quis
245 3117 347 3191 genuit
363 3119 436 3176 mibi
451 3117 548 3175 istos‘l
998 3116 1086 3172 lustu
1100 3123 1146 3173 est
1162 3118 1212 3190 qui
1228 3116 1371 3189 justificat
1386 3132 1444 3183 me,
1461 3116 1529 3187 quis
1542 3112 1717 3172 contradicit
1728 3106 1802 3169 mibi?

123 3189 183 3264 ligo
198 3188 319 3258 sterilis,
334 3192 361 3245 ot
377 3208 435 3248 non
452 3187 580 3262 periens,
1035 3194 1147 3245 stemus
1163 3188 1263 3259 simul,

158 3262 380 3334 transmigrata,
394 3266 424 3319 et
438 3260 570 3333 captivs:
1036 3261 1102 3332 quis
1117 3265 1161 3317 esi
1177 3259 1363 3317 adversarius
1379 3258 1487 3315 meus‘l

28 3388 31 3393 .
158 3336 188 3389 et
202 3332 274 3388 istos
290 3333 356 3404 quis
371 3330 533 3390 enutrivit?
1034 3333 1155 3388 accedat
1168 3334 1203 3388 ad
1222 3348 1277 3388 me.

122 3406 182 3478 ligo
196 3404 338 3459 destituta
352 3409 381 3460 et
395 3404 477 3460 sole:
999 3405 1072 3460 llcce
1087 3404 1230 3460 Dominus
1248 3405 1322 3459 Deus
1338 3400 1495 3458 auxiliator
1509 3416 1615 3458 meus:

158 3479 187 3531 et
200 3475 249 3531 isti
265 3474 314 3531 ubi
330 3474 397 3532 bic⁸
410 3474 519 3532 erent‘l
1036 3476 1103 3548 quis
1117 3481 1162 3532 est
1176 3476 1226 3548 qui
1242 3474 1418 3531 condemnet
1432 3472 1503 3529 me‘l

124 3546 189 3603 bec
204 3545 275 3603 dicit
288 3548 432 3604 Dominus
448 3552 544 3601 licus:
1000 3549 1072 3604 Ecce
1086 3564 1189 3603 omnes
1204 3547 1288 3619 qussi
1304 3545 1509 3602 vestimentum
1526 3549 1724 3612 conterentur,

159 3618 233 3675 llcce
244 3618 344 3676 levnbo
355 3619 408 3687 (lt.
435 3617 508 3689 levo)
525 3616 560 3672 ad
583 3617 685 3686 gentes
701 3629 821 3669 manum
839 3628 945 3679 meam,
1035 3620 1114 3674 tinea
1128 3620 1261 3675 comedet
1275 3633 1337 3674 eos.

160 3695 189 3746 et
203 3690 238 3745 ed
256 3689 380 3762 populos
395 3689 528 3746 exultabo
543 3687 660 3758 signum
675 3701 785 3741 meum.
1000 3690 1071 3756 Quis
1086 3708 1120 3747 ex
1136 3690 1218 3747 vobin
1233 3689 1342 3745 timens
1359 3686 1521 3758 Dominum,

124 3762 160 3818 ut
173 3760 296 3819 silerent
310 3760 387 3818 filios
403 3768 469 3820 tuos
483 3761 513 3816 in
529 3758 618 3825 ulnis,
1036 3763 1158 3818 audiens
1173 3779 1271 3818 vocem
1288 3761 1363 3818 servi
1379 3759 1449 3816 sui?
1784 3821 1790 3833 ,

161 3837 190 3889 et
204 3831 281 3889 illius
296 3837 361 3890 tuus
376 3850 465 3907 super
479 3832 619 3889 humeros
634 3830 803 3903 portabunt.
1001 3835 1054 3901 Qui
1085 3835 1246 3890 ambulavit
1274 3833 1303 3888 in
1319 3831 1459 3900 tenebris,
1488 3834 1518 3888 et
1543 3847 1601 3888 non
1618 3835 1664 3889 est
1677 3830 1799 3887 luneio,

124 3906 159 3963 lit
172 3910 260 3963 erunt
274 3921 358 3979 reges
372 3906 491 3963 nutritii
507 3904 561 3972 tui,
1037 3911 1133 3976 speret
1148 3906 1176 3961 in
1193 3905 1312 3961 nomine
1329 3904 1453 3973 Domini,

161 3982 190 4033 et
204 3977 311 4050 regium
328 3978 457 4034 nutrices
472 3982 547 4033 tuae:
1036 3984 1065 4033 et
1079 3977 1223 4033 innitatur
1238 3992 1326 4048 super
1341 3975 1433 4031 Deum
1450 3989 1551 4031 suum.

124 4050 212 4107 Vultu
230 4051 260 4106 in
276 4054 384 4106 terrem
398 4050 537 4117 demisso,
554 4047 717 4103 odorabunt
730 4050 769 4116 te,
1003 4050 1074 4105 Ecce
1088 4066 1192 4105 omncs
1206 4064 1258 4104 vos
1273 4048 1467 4104 accendentes
1483 4047 1595 4119 iguem,

160 4126 189 4178 et
205 4121 352 4193 pulverem
370 4124 477 4193 pedum
493 4124 611 4177 tuorum
628 4118 761 4191 lingent..
1038 4121 1160 4177 accincti
1177 4120 1316 4184 flammis,

125 4194 160 4251 Et
174 4194 249 4249 scies
264 4194 332 4265 quie
345 4210 398 4267 ego
412 4193 566 4258 Dominus,
1038 4192 1189 4248 ambulatu
1205 4194 1233 4248 in
1250 4190 1361 4247 lumine
1376 4188 1454 4261 ignis
1469 4188 1570 4258 vestri,

160 4281 250 4337 super
261 4281 319 4336 quo
332 4282 389 4322 non
402 4265 620 4322 contundentur
648 4263 678 4318 ui
688 4263 857 4334 exspectent
869 4274 947 4316 eum.
1039 4270 1067 4320 et
1082 4265 1111 4319 in
1130 4263 1259 4321 llammis
1274 4279 1348 4334 quus
1364 4260 1579 4317 succendistis:

124 4336 261 4407 Nunquid
277 4336 395 4393 tolletur
410 4353 427 4392 s
441 4337 507 4393 lorti
524 4279 646 4408 praedei
965 4371 990 4433 D
1006 4335 1045 4392 Dc
1061 4353 1151 4391 mnnu
1167 4353 1232 4392 mea
1248 4337 1357 4391 lectum
1374 4338 1419 4389 est
1434 4332 1488 4388 boc
1503 4331 1597 4401 vobis,

161 4413 211 4463 aut
225 4409 303 4479 quod
319 4412 438 4482 ceptum
463 4409 551 4465 luerit
567 4424 584 4464 e
608 4407 739 4474 robusto,
756 4404 870 4461 salvum
885 4417 951 4460 esse
1040 4409 1070 4462 in
1088 4407 1238 4463 doloribus
1253 4405 1416 4462 dormietis.

201 4479 309 4550 poterit
323 4480 338 4536 l
1007 4479 1252 4551 (cupitlinudite
1264 4494 1309 4533 me
1319 4477 1368 4549 qui
1381 4474 1541 4549 sequimini
1557 4475 1635 4546 quod
1645 4466 1805 4547 J'ustumesli

127 4548 201 4615 ouis
216 4549 277 4607 baec
292 4551 363 4607 dicit
378 4550 542 4609 Dominus:
957 4577 960 4581 ·
1042 4556 1070 4607 et
1085 4550 1215 4622 qrraeritis
1231 4550 1388 4606 Dominum
1403 4565 1410 4603 ε

164 4620 318 4693 Equidem,
333 4629 362 4679 et
376 4623 529 4695 captivitas
545 4639 562 4678 a
576 4620 644 4678 forti
659 4619 799 4677 tolletur:
1005 4623 1151 4679 Attendite
1166 4622 1201 4678 ed
1218 4626 1331 4694 petrem
1347 4620 1424 4676 unde
1438 4617 1526 4674 excisi
1543 4616 1615 4674 estis

166 4823 174 4857 ¹
192 4819 402 4891 Reponeudum
418 4821 538 4877 omnino
551 4824 606 4887 est,
621 4820 753 4892 portabit,
764 4819 953 4891 quemadmo·
1006 4819 1050 4876 sio
1066 4819 1091 4873 ci
1107 4817 1161 4873 uici
1181 4819 1244 4890 filii.
1262 4817 1320 4875 Nec
1335 4821 1432 4873 tamen
1458 4815 1622 4872 diffitemur
1636 4816 1812 4874 sesebutus

129 4890 455 4964 dumaS.luterprete
475 4891 619 4963 scriptum
642 4890 952 4948 luissenulluslerme
1006 4891 1121 4948 codices
1151 4907 1257 4964 magno
1287 4906 1420 4957 numero,
1451 4888 1502 4962 qui
1532 4888 1662 4945 retinent
1686 4892 1814 4961 corrupte,

129 4981 241 5039 dubito.
257 4979 367 5051 Nempe
381 4980 423 5035 itu
437 4984 521 5035 sonat
535 4984 564 5035 et
592 4981 728 5037 liebrusus
750 4983 847 5036 tentus
863 4964 952 5043 nbmt
1006 4963 1073 5035 filli·

129 5054 284 5112 etGraecus
299 5048 374 5121 ἄξεις
390 5050 516 5121 denique
531 5054 727 5121 etprolerunt
739 5052 832 5108 Latini
845 5052 952 5108 Biblio-
1044 5056 1054 5090 ³
1071 5054 1101 5108 ln
1118 5052 1237 5108 Hebreeo
1252 5051 1394 5123 scriptum
1412 5049 1520 5121 legitur
1534 5058 1623 5115 sinis,
1639 5050 1728 5122 cpbu;
1753 5044 1817 5122 quod

128 5142 195 5185 rum
211 5124 327 5183 codices
343 5139 415 5179 mss.
432 5122 530 5189 multi,
546 5138 620 5193 quos
636 5122 737 5179 luudnt
751 5122 899 5179 Victorius
915 5123 950 5178 ed
1007 5125 1096 5179 simul
1113 5128 1266 5189 sumptum
1282 5122 1430 5195 significet
1453 5121 1524 5177 ulit:
1544 5122 1719 5179 distinctum
1736 5128 1819 5179 autem

129 5198 315 5257 buncloeum
332 5193 362 5250 iu
377 5194 611 5259 Commentariis,
620 5193 953 5266 pertulitllujusporro
1006 5195 1035 5251 in
1052 5197 1110 5252 duo
1125 5196 1225 5259 verbe,
1256 5211 1349 5268 neque
1378 5195 1540 5259 inruens
1569 5193 1821 5266 inmbpiio,idcut

128 5269 293 5329 similitudo
309 5266 389 5324 verbi
412 5280 479 5323 cum
505 5265 648 5337 impresso
670 5264 788 5336 putabit,
809 5271 871 5322 tum
889 5266 953 5338 ipss
1006 5273 1093 5322 sonet
1108 5268 1185 5338 quod
1202 5267 1251 5322 ubi
1266 5266 1321 5322 liic.
1338 5266 1433 5337 Igitur
1447 5265 1506 5321 sive
1517 5268 1714 5338 compositum
1727 5265 1824 5325 dixerit

129 5344 291 5416 presertim
314 5342 478 5405 contextus,
494 5336 529 5392 od
543 5342 633 5406 [ucles
653 5353 801 5409 equorum,
817 5337 952 5412 unelogia
1005 5353 1106 5393 vocem
1121 5349 1197 5402 antu
1208 5340 1269 5395 sive
1285 5338 1440 5407 seperatim
1457 5337 1620 5404 legendam,
1646 5345 1679 5395 ut
1690 5340 1755 5411 J'am
1771 5355 1825 5397 mo·

128 5414 239 5471 criticis
255 5411 351 5469 lruudi
379 5410 444 5481 ruit,
468 5412 501 5465 ut
525 5412 634 5464 temero
656 5424 690 5465 ex
705 5408 821 5481 ingenio
838 5415 953 5467 mutere
1006 5409 1138 5478 ruimus,
1155 5411 1266 5483 optima
1280 5407 1828 5483 eritinterpretatioHieronymi‚quem

130 5487 282 5545 cuderent.
1006 5483 1042 5538 ed
1059 5483 1148 5538 fidem
1164 5480 1407 5552 exemplariorum
1423 5481 1550 5536 Cononis
1570 5481 1642 5536 llcb.
1658 5482 1793 5539 veritatis
1805 5487 1830 5541 et

164 5558 177 5593 ¹
191 5558 242 5614 llic
258 5570 376 5614 numum
391 5551 602 5684 legiojubemus
616 5550 647 5608 in
663 5553 752 5617 recto,
768 5552 833 5621 tilii,
850 5568 951 5624 quem·
1006 5563 1134 5610 veterum
1150 5555 1283 5610 omnium
1314 5568 1385 5609 mss.
1402 5553 1531 5608 codicum
1552 5550 1688 5612 hocloco
1702 5554 1830 5615 restitui·

130 5630 290 5686 admodum
301 5628 366 5703 ipse
380 5626 410 5684 iu
465 5623 638 5682 mmenterio
653 5621 770 5681 Hieron.
782 5624 907 5696 praefert,
922 5630 952 5683 et
1006 5642 1085 5683 mus.
1102 5625 1197 5683 liuns.

129 5700 307 5757 Hebraioum
321 5696 469 5773 esemplsr
482 5696 570 5755 behel
582 5704 624 5757 bs
638 5698 880 5767 3Graecequoque
889 5712 952 5754 ver·
