3870 6120
111 296 172 363 m
375 273 379 279 ’
692 283 859 348 naraon
882 283 1234 348 nunuurormonou
1755 290 1818 351 ree

106 434 141 498 ia
155 431 259 498 Libris
272 429 381 503 sacris,
410 422 578 507 quiaillud
592 421 697 484 edocti
723 425 797 483 aaut
811 420 867 484 abs
880 439 935 483 no·
949 421 976 491 Α
991 419 1181 484 tetrametris
1209 419 1258 482 rel
1285 419 1488 492 hexametris,
1516 421 1549 484 id
1578 428 1635 498 est,
1678 430 1817 504 quatuor

108 532 155 596 vis
183 527 403 612 prudentibus,
433 540 568 603 quorum
599 521 730 582 nomina
757 526 857 593 tacco,
894 536 933 580 ne
987 522 1036 583 rel
1052 540 1106 582 sex
1121 520 1274 600 partibus,
1292 538 1370 599 quas
1385 521 1535 582 terminas
1550 530 1652 585 vocat.
1675 527 1716 585 At
1745 524 1816 588 haec

107 646 299 713 quemquam
340 621 454 684 laedare
495 619 612 680 videar.
653 617 723 679 Fuit
763 615 931 697 siquidem,
988 618 1101 680 videsis
1121 618 1204 697 apud
1234 621 1389 680 loannem
1415 621 1610 682 Buxtorfium
1640 621 1752 695 lilium,
1782 623 1817 683 in

38 781 42 788 .
108 728 212 808 inquit
253 741 316 784 non
358 738 463 792 nemo,
506 715 682 780 communis
730 714 932 795 antiquorum
988 716 1137 778 Mentissa
1165 715 1287 795 aliquot
1315 715 1572 779 dissertationum
1601 718 1752 781 adfinem
1775 719 1815 782 li·

107 824 216 907 opinio
243 821 348 902 plures
375 817 546 898 Scripturm
575 821 681 897 partes
711 816 848 875 maxime
872 829 934 891 que
987 814 1037 876 bri
1055 813 1165 894 Cerri.

106 915 483 998 Psalterium,etomnia
501 915 599 975 ierme
617 912 765 986 Cantica,
790 915 933 978 versibus
1026 914 1063 973 V.
1094 911 1218 972 Nullam
1247 912 1331 991 apud
1363 912 1502 975 eruditos
1525 913 1817 993 quaestionemesae

106 1025 264 1084 constare.
289 1013 400 1077 Verum
416 1032 484 1073 cum
501 1010 575 1072 huic
602 1011 743 1093 opinioni
770 1014 933 1094 refragen-
987 1009 1062 1082 dixi,
1080 1008 1199 1069 ausint
1226 1009 1388 1071 nonnullae
1418 1016 1523 1089 partes
1549 1012 1581 1072 in
1611 1030 1702 1074 sacra
1728 1012 1815 1074 Scri·

106 1126 160 1183 tur
190 1116 339 1180 nonnulli
353 1113 550 1187 recentiores,
580 1112 637 1194 qui
658 1111 806 1174 Psalmos
833 1113 933 1175 Daoi·
986 1113 1092 1188 plura,
1124 1125 1195 1184 (111ae
1223 1112 1366 1167 constent
1393 1108 1500 1187 aliqua
1525 1109 1653 1171 metrica
1683 1127 1816 1189 compo·

106 1219 195 1281 dicas
223 1213 375 1277 carminis
403 1210 550 1272 vocabulo
580 1210 773 1291 insigniunt,
804 1211 850 1272 ita
886 1233 935 1274 eer-
986 1207 1110 1267 sitione.
1141 1205 1175 1265 ld
1203 1204 1286 1265 enim
1320 1224 1436 1284 negare
1477 1213 1589 1268 contra
1631 1208 1815 1270 unanimem

106 1314 223 1384 plicari
258 1316 405 1394 possunt,
442 1314 478 1370 ut
518 1329 624 1370 carum
664 1309 832 1370 dictionem
871 1330 932 1371 non
987 1321 1173 1364 consensum
1202 1302 1521 1364 celebratissimorum
1561 1306 1704 1367 omnium
1732 1310 1816 1367 rete

107 1419 171 1474 tam
199 1411 333 1472 vinctam
342 1405 489 1490 pedibus,
518 1425 611 1488 quam
634 1406 800 1487 grandem,
822 1406 935 1489 pathe·
987 1421 1056 1463 rum
1074 1399 1273 1480 scriptorum,
1305 1419 1368 1461 non
1398 1419 1508 1481 sapere
1537 1408 1629 1476 esset,
1659 1409 1694 1463 ut
1723 1421 1817 1484 opor-

1 1527 2 1532 ’
106 1511 200 1572 ticam
215 1515 307 1590 atque
322 1506 364 1566 ad
378 1509 503 1566 cantum
518 1504 780 1565 accommodatam
807 1525 873 1565 esse
886 1506 934 1566 si·
988 1504 1044 1578 tet,
1059 1499 1113 1559 sed
1143 1498 1241 1577 gratis
1263 1497 1409 1576 ineptire.
1438 1498 1592 1561 Constans
1620 1500 1718 1580 igitur
1744 1518 1815 1562 sen-

35 1634 38 1639 ·
102 1603 456 1691 gnificent.Falluntur
483 1601 607 1682 quiite
635 1603 839 1682 scripserunt,
871 1623 932 1664 non
987 1596 1086 1658 tentia
1114 1603 1162 1657 est
1189 1598 1328 1665 virorum
1357 1596 1536 1670 doctorum,
1553 1598 1717 1661 metricam
1747 1615 1818 1660 esse

106 1709 240 1788 possunt
260 1700 411 1782 explicari
439 1700 500 1761 hoo
533 1700 628 1762 modo
655 1700 824 1780 scriptores
852 1706 935 1762 vete·
986 1695 1019 1756 in
1044 1695 1164 1774 aliquot
1184 1693 1288 1754 Libris
1302 1693 1400 1754 sacris
1427 1701 1526 1755 artem
1556 1702 1587 1757 et
1615 1695 1819 1775 compositio·

107 1822 169 1880 res,
185 1798 578 1882 quiPsalmosDavidicos
606 1798 755 1859 carminis
778 1787 1071 1861 vocabulanam.
1102 1795 1165 1857 Sed
1190 1793 1281 1854 valde
1310 1793 1441 1856 celebris
1468 1794 1537 1856 hmo
1564 1801 1611 1857 eat
1640 1795 1776 1874 quaestio
1805 1815 1819 1858 .·

91 1899 293 1980 insigniunt.
312 1897 376 1958 Nisi
395 1897 473 1957 torte
502 1895 618 1957 dixeris
646 1895 732 1975 apud
758 1896 933 1976 losephum
994 1893 1145 1974 Quanam
1173 1892 1285 1953 veteris
1300 1891 1432 1955 Poeseas
1446 1913 1542 1955 sacre
1557 1893 1749 1971 olimsuerit
1762 1914 1817 1954 ra·

28 2022 31 2027 ·
105 1999 163 2061 lib.
197 2015 220 2060 rr
248 1996 380 2074 Antiqq.
409 1993 512 2073 capite
555 1993 675 2066 ultimo,
698 1990 934 2066 ἒνέξαμέτρφτό-
990 1993 1034 2055 tia
1058 1991 1195 2053 iTuntis
1210 2009 1346 2070 namque
1361 1991 1599 2055 difficultatibus
1614 1992 1727 2065 obsita,
1755 1999 1814 2067 est,

105 2114 162 2169 ντῳ
177 2091 346 2169 auretenus,
390 2090 565 2152 hexametro
607 2111 697 2152 versu
748 2093 931 2170 composuit.
990 2096 1025 2152 ut
1052 2090 1101 2151 vix
1130 2089 1206 2151 certi
1234 2088 1353 2168 aliquid
1380 2089 1420 2150 de
1448 2108 1486 2151 ea
1510 2091 1608 2170 possit
1623 2089 1745 2152 haberi.
1764 2091 1814 2168 Et,

107 2191 275 2254 idemesse
302 2188 389 2270 quod
417 2207 561 2250 sermone
585 2189 706 2269 grandi
730 2195 760 2250 et
775 2188 935 2271 pathetica
990 2188 1016 2251 si
1045 2186 1249 2268 quamplures
1276 2185 1434 2248 studiosos
1481 2187 1658 2261 audiamus,
1690 2193 1817 2248 tantum

108 2288 246 2351 dictione
274 2286 383 2348 laudes
413 2286 467 2347 liei
499 2285 621 2347 cecinit.
650 2288 744 2366 Apud
769 2288 933 2349 Philonem
990 2286 1089 2360 abest,
1135 2292 1170 2347 ut
1211 2303 1281 2364 quae
1311 2283 1471 2367 Iosephus,
1502 2285 1611 2359 Phila,
1645 2284 1817 2346 Eusebius.

112 2386 267 2458 similiter;
297 2391 328 2445 et
352 2383 445 2462 Apud
474 2383 699 2463 llieronymum
728 2404 837 2446 versus
873 2391 934 2445 tre·
991 2383 1216 2460 Hieronymus,
1240 2379 1460 2463 Theodoretus,
1488 2394 1516 2444 et
1530 2383 1676 2445 Isidorus
1691 2383 1731 2444 de
1747 2400 1815 2445 car·

112 2489 221 2562 metro,
249 2488 279 2542 et
315 2486 493 2542 tetrametro
517 2480 648 2542 iambico
676 2490 857 2545 constantes
885 2501 935 2544 ex·
991 2482 1127 2544 minibus
1160 2480 1335 2543 Bibliorum
1375 2482 1580 2561 scripserunt,
1609 2499 1675 2544 rem
1705 2480 1818 2544 obscu-

81 2568 313 2663 ¹plicabuntur
341 2598 398 2660 per
423 2579 578 2660 grandem
605 2584 636 2640 et
656 2578 846 2661 patheticam
888 2581 936 2641 di·
990 2600 1058 2643 ram
1086 2579 1291 2641 illustriorem
1334 2579 1540 2650 reddiderint,
1570 2586 1602 2642 et
1643 2580 1817 2641 lectoribus

14 2706 24 2719 =
110 2679 255 2756 ctionem,
286 2677 313 2738 si
340 2677 418 2738 fides
444 2677 602 2739 habeatur
630 2696 726 2757 supra
755 2677 936 2741 memoratis
989 2678 1209 2752 satisfecerint,
1240 2677 1316 2757 quin
1344 2678 1449 2757 potius
1473 2679 1611 2740 incertos
1643 2677 1746 2757 magis
1786 2682 1820 2738 et

114 2775 399 2841 observationibus.
430 2777 497 2838 Non
530 2775 575 2837 sic
615 2775 787 2837 illudamus
819 2776 937 2857 simpli·
990 2775 1157 2857 perplexos
1186 2773 1308 2836 animoa
1337 2793 1445 2836 eorum
1475 2775 1670 2838 reddiderint
1707 2792 1714 2836 :
1744 2774 1820 2854 qaia

111 2875 199 2937 citati
225 2875 389 2945 lectorum,
429 2894 469 2936 na
492 2874 524 2935 in
552 2891 606 2936 eos
644 2875 761 2936 chartis
801 2875 937 2936 illudant
989 2875 1032 2946 id,
1064 2873 1148 2953 quod
1177 2872 1224 2932 illi
1253 2871 1462 2947 tradiderunt,
1488 2873 1634 2953 nuspiam
1663 2871 1816 2947 invenire,

46 3052 50 3063 .
111 2972 282 3052 scriptores
310 2971 414 3051 periti.
445 2973 526 3032 Vera
554 2975 601 3032 est
627 2988 703 3051 ergo
732 2971 933 3051 antiquorum
991 2976 1172 3053 potuerunt.
1192 2969 1281 3034 Unde
1308 2969 1358 3031 rel
1387 2970 1479 3032 aliter
1505 2970 1602 3032 verba
1625 2987 1819 3032 eorumesse

111 3068 219 3149 opinio
234 3068 273 3128 de
289 3068 396 3129 metris
418 3086 455 3129 ao
470 3069 661 3130 carminibus
688 3069 933 3149 scripturarum,
990 3066 1195 3145 intelligendo
1223 3067 1333 3127 volunt
1358 3072 1389 3128 et
1416 3068 1617 3147 exponenda,
1642 3067 1692 3128 rel
1714 3066 1820 3128 lomus

114 3183 250 3249 quorum
273 3167 384 3245 utiquo
403 3167 483 3228 ratio
511 3166 686 3228 carminum
716 3186 779 3229 non
807 3169 847 3230 ab
877 3168 935 3231 ali·
952 3142 973 3210 c
991 3164 1162 3229 lectoribus
1204 3162 1391 3237 vendidisse,
1422 3170 1453 3225 et
1481 3165 1574 3226 nimis
1601 3163 1752 3225 audacter
1779 3163 1820 3225 de

112 3281 177 3343 quo
204 3262 372 3334 nesciente,
402 3263 454 3323 sed
485 3263 526 3324 ab
552 3263 757 3325 Hebraeorum
787 3266 937 3327 eruditis·
992 3262 1085 3325 rebus
1103 3261 1254 3323 nonsatis
1282 3262 1418 3341 cognitis
1445 3267 1542 3342 atque
1565 3261 1739 3341 perspectis
1764 3279 1820 3323 eos

8 3386 11 3391 ·
111 3360 199 3422 simis
226 3360 376 3421 discenda
412 3365 470 3435 est,
513 3367 545 3421 et
584 3361 693 3423 sedulo
734 3363 935 3442 inquirenda.
993 3361 1222 3444 pronuntiasse.
1254 3359 1445 3440 Hujusmodi
1474 3360 1744 3440 expostulationes
1776 3359 1820 3422 ab

112 3461 276 3521 Doceatte
293 3460 328 3519 li.
344 3458 472 3520 Asariaa
500 3458 573 3519 libri
601 3457 694 3519 Meor
722 3461 826 3522 anaim
855 3480 937 3522 nun·
992 3462 1185 3541 Hieronymo
1227 3478 1374 3521 amovere
1416 3460 1624 3530 decrevimus,
1679 3476 1819 3539 eumque

112 3554 222 3635 capati
244 3561 334 3634 parte
362 3557 391 3629 3,
423 3573 493 3635 cap.
523 3557 563 3616 60
592 3574 600 3617 :
633 3555 710 3617 Sine
736 3556 831 3619 dubio
873 3579 938 3619 esse
993 3559 1231 3620 nonlomorum
1258 3557 1465 3631 venditorem,
1495 3559 1550 3618 sed
1577 3555 1820 3636 scripturarum

114 3658 332 3716 mensuraret
354 3653 572 3735 proportiones
599 3661 699 3715 certas
731 3655 937 3718 Canticarum
992 3663 1169 3725 divinarum
1211 3661 1478 3723 consultissimum
1519 3662 1726 3741 interpretem
1766 3679 1820 3723 os-

112 3770 286 3828 sacrerum,
302 3751 449 3812 sedilias
477 3771 538 3812 non
552 3752 722 3813 consistere
750 3753 783 3814 in
812 3774 938 3815 numero
993 3760 1120 3823 tendere
1135 3760 1337 3821 conabimur.
1348 3761 1423 3833 Quae
1440 3778 1490 3821 res
1519 3777 1668 3840 prospere
1695 3764 1731 3820 ut
1759 3777 1820 3821 uo·

113 3850 284 3911 matianum
325 3850 372 3930 (id
399 3856 446 3910 est
487 3848 693 3932 syllabarum)
730 3850 778 3912 vel
821 3851 938 3933 pedum
992 3859 1041 3921 bis
1064 3858 1199 3932 eveniat,
1223 3859 1294 3920 loca
1321 3860 1408 3939 prius
1437 3856 1643 3939 proponenda
1671 3864 1757 3930 sunt,
1787 3857 1820 3919 in

107 3951 322 4031 perfectorem,
361 3952 417 4007 aut
456 3946 715 4029 imperfectorum,
737 3954 835 4028 Juxta
868 3952 939 4018 sar·
993 3957 1108 4037 quibus
1131 3956 1236 4018 lumos
1263 3957 1441 4018 vendidisse
1471 3956 1711 4035 iliaronymum,
1741 3973 1819 4016 oon·

115 4066 196 4108 mam
210 4046 385 4107 carminum
412 4043 648 4126 hodiernorum,
677 4047 788 4108 sedin
811 4067 938 4110 numero
992 4055 1135 4135 queritur
1174 4054 1353 4116 Buxloriius
1382 4054 1509 4116 nomine
1537 4053 1672 4114 aliorum
1702 4051 1822 4114 studio·

48 4230 54 4237 .
115 4163 219 4204 rerum
247 4148 278 4203 et
307 4142 436 4204 illarum
462 4143 615 4224 partium,
639 4142 773 4218 subtecti
805 4144 937 4220 scilicet,
992 4171 1111 4214 sorum.
1128 4152 1317 4215 Proelatione
1331 4153 1429 4232 igitur
1442 4152 1474 4212 in
1503 4152 1661 4216 Chronica
1688 4150 1822 4214 hlusebii

111 4239 291 4322 Pwdt'calt'r
319 4247 349 4301 ci
376 4261 445 4320 e1²⁴5
473 4241 558 4322 quvi
585 4241 644 4303 illa
660 4242 743 4303 inies
768 4263 801 4303 se
814 4242 940 4325 copulat
993 4250 1191 4314 Caesariensis
1226 4251 1266 4312 de
1305 4250 1575 4331 interpretationis
1631 4249 1822 4313 difficultate

116 4336 150 4398 in
179 4356 362 4418 unaquaque
389 4339 542 4400 sententia
571 4345 601 4399 et
622 4340 845 4416 enuntiatione,
874 4341 939 4403 sive
993 4347 1147 4408 disserens
1175 4348 1395 4428 Hieronymus,
1413 4347 1482 4409 haec
1501 4347 1822 4428 demetriaScriptu·

114 4435 148 4496 in
176 4454 359 4517 unoquoque
386 4456 488 4496 versu.
518 4435 574 4497 Sic
600 4443 646 4497 est
672 4457 780 4500 uersus
816 4438 939 4500 duabus
994 4463 1100 4506 rarum
1117 4444 1219 4506 obiter
1233 4445 1397 4507 observat:
1413 4442 1646 4526 Deniquequid
1658 4442 1823 4507 Psalterio

114 4535 271 4595 mensuris
285 4554 340 4595 seu
351 4535 582 4617 propositionis
603 4535 752 4617 partibus
779 4542 937 4616 constans,
955 4516 978 4582 D
993 4541 1240 4622 canorius,quad
1255 4542 1288 4602 in
1303 4562 1417 4604 morem
1432 4542 1536 4603 nostri
1549 4538 1660 4603 Flacci
1669 4547 1700 4603 et
1711 4541 1824 4606 Greci

114 4631 228 4714 quibus
255 4633 286 4692 si
312 4633 467 4694 secundus
504 4634 640 4707 accedat,
673 4635 768 4711 fiunt
804 4641 939 4715 quatuor
993 4640 1133 4701 Pindari
1148 4660 1230 4701 nunc
1245 4639 1346 4701 iambo
1360 4641 1474 4721 currit,
1490 4660 1573 4701 nunc
1593 4639 1728 4703 Alcaico
1749 4651 1824 4724 per-

113 4729 232 4812 (partea
259 4731 323 4792 sive
351 4731 530 4812 mensures.)
555 4730 655 4793 Alius
670 4733 726 4814 qui
748 4739 871 4794 canstat
903 4753 939 4795 ex
993 4743 1095 4817 sanat,
1125 4758 1208 4798 nunc
1231 4736 1386 4820 Sapphico
1415 4744 1521 4818 tumet,
1548 4757 1632 4799 nunc
1667 4739 1824 4822 semipede

114 4828 217 4890 tribus
232 4830 399 4909 mensuris,
415 4828 529 4911 quibus
552 4830 583 4891 si
608 4830 689 4891 alter
715 4830 841 4891 accedat
869 4852 939 4891 ver·
994 4835 1206 4916 ingreditur?
1224 4836 1315 4915 Quid
1328 4836 1570 4898 Deuteronomii
1583 4841 1613 4896 et
1625 4835 1719 4899 Isaise
1743 4858 1823 4899 can-

17 4960 20 4964 ·
113 4946 180 5000 sus,
198 4928 286 5001 fiunt
305 4948 360 4988 sear
386 4947 536 4988 mensurae
564 4949 618 4989 scu
637 4935 758 5010 partes.
797 4930 940 5011 Exempli
993 4933 1055 4994 tica
1062 4933 1259 5015 pulchrius?
1275 4935 1360 5001 Quid
1372 4934 1541 4996 Salomone
1553 4934 1826 5016 grauiustQuid

113 5026 278 5106 gratimus
296 5025 432 5088 Cantica
451 5026 554 5088 Masis
569 5024 671 5088 Exod.
687 5045 738 5102 xv,
769 5029 812 5089 6:
854 5046 939 5125 'plut
985 5032 1160 5114 perfectius
1178 5031 1293 5100 iJab?
1317 5031 1396 5110 Quae
1424 5032 1529 5093 amnia
1556 5031 1765 5096 Hexametris
1793 5042 1825 5098 et

114 5141 181 5193 mm
195 5123 387 5203 (jeminecha
402 5124 539 5205 Adonai)
552 5130 599 5185 est
614 5144 695 5186 renus
714 5146 831 5194 versus,
859 5127 939 5188 duo·
994 5129 1206 5190 Pentametris
1231 5129 1381 5207 uersibus,
1412 5134 1447 5191 ut
1472 5128 1625 5212 Iosephus
1652 5137 1682 5191 et
1699 5131 1825 5216 Orige-

115 5220 173 5283 bus
182 5226 330 5282 constans
355 5222 518 5283 terminis:
536 5244 595 5293 rm
614 5241 697 5293 rnna
719 5225 842 5303 (nodari
862 5225 941 5285 bak·
995 5248 1048 5287 nes
1062 5226 1217 5302 scribunt,
1232 5228 1316 5309 apud
1325 5248 1399 5289 suos
1420 5228 1590 5309 composita
1618 5229 1827 5295 decurrunt?

117 5319 237 5400 kouhlr)
260 5326 307 5380 est
333 5319 364 5381 ei
391 5320 510 5380 similis
537 5326 567 5379 ct
580 5319 748 5399 coherens,
764 5323 821 5402 qni
830 5322 942 5402 J'rencti
995 5324 1156 5387 Herceum
1189 5325 1297 5387 Gracc
1326 5326 1475 5408 legimus,
1492 5325 1585 5388 aliud
1606 5328 1761 5409 quiddam
1776 5352 1827 5394 so-

115 5417 238 5483 faciunt
279 5423 425 5498 quatuor,
467 5418 500 5478 id
527 5424 585 5496 est,
616 5425 843 5494 tetrametrum,
879 5428 938 5482 eto.
995 5427 1073 5482 nant
1087 5442 1099 5497 ;
1127 5443 1195 5484 cum
1226 5422 1345 5502 Latine,
1368 5424 1497 5506 penitus
1526 5443 1587 5484 non
1603 5422 1824 5491 haerentNon

115 5511 183 5574 Alia
216 5517 363 5597 exempla
404 5535 443 5578 ex
472 5515 607 5577 canticis
649 5515 745 5576 sacris
792 5520 941 5597 proponit
994 5517 1133 5579 insolens
1175 5527 1222 5580 est
1263 5522 1455 5601 Hieronymo
1501 5518 1647 5600 vulgares
1680 5524 1821 5604 primum

113 5610 396 5694 enumquam
423 5611 620 5695 probatilla
647 5613 941 5680 canticacouatare
994 5615 1160 5699 opiniones
1175 5618 1275 5698 sequi,
1305 5623 1336 5682 ot
1362 5622 1473 5700 postea
1500 5616 1540 5679 ab
1568 5616 1633 5681 illis
1659 5617 1825 5687 dunedsre
