3878 6150
109 250 164 313 118
799 254 904 314 LIBER
922 253 1127 311 usuacmrt.
1761 255 1815 315 7ss

111 378 213 437 uuna
233 391 293 447 me,
317 378 348 433 st
369 379 474 437 uoutra
494 378 615 436 domum
639 379 733 452 putris
753 380 822 439 mai.
848 377 935 435 Venit
947 391 977 459 Α
991 375 1135 449 Aooipiat,
1155 383 1184 432 at
1207 374 1310 434 oderat
1333 375 1473 435 dominus
1496 392 1582 437 mana
1604 395 1667 451 rex,
1689 379 1770 439 siout
1789 381 1817 439 si

111 473 210 524 autam
224 465 285 523 Gad
297 465 334 523 ad
351 465 439 523 David
451 466 482 523 in
493 466 725 541 dioilla,atldixit
737 469 763 526 ei
775 485 782 524 ε
793 467 936 535 Ascende,
991 464 1106 537 pIaoat;
1123 464 1215 522 habes
1230 466 1319 524 borsa
1333 466 1363 522 in
1379 465 1593 539 holooanstum‚
1609 473 1638 526 et
1647 469 1815 544 plaustrum

110 554 251 628 atlt'ulq.
266 557 320 613 tac.
336 554 377 627 at]
395 557 542 615 eonstitua
568 556 660 614 altare
683 558 809 617 Domino
824 558 854 614 in
869 573 937 614 arsa
990 557 1019 610 st
1037 554 1113 626 juga
1134 554 1224 611 boum
1253 554 1284 612 in
1308 571 1396 612 usum
1420 554 1578 629 ilguorum.
1602 557 1708 618 Omnia
1733 558 1816 617 dedit

107 648 229 701 Areuna
243 641 285 716 [h.
304 642 352 699 blo
366 643 483 717 Ariona]
498 645 634 703 Iabusaei.
650 647 686 703 IIt
700 646 934 715 ascendithavid
990 642 1103 700 Arsuna
1118 658 1168 700 rex
1182 644 1193 678 ²
1208 642 1269 716 sagi
1293 659 1302 701 ι
1327 643 1461 717 dixitque
1486 649 1604 703 Arsuna
1626 647 1663 705 ad
1687 663 1787 723 ragam
1804 664 1814 705 ε

103 734 194 807 juxta
207 733 561 806 numquamnumquam
578 741 753 809 praeeperat
766 737 793 794 ei
808 740 817 774 ¹
832 735 935 810 [bnon
988 731 1132 789 Dominus
1156 730 1234 789 Deua
1260 736 1327 790 tuus
1352 733 1496 807 suscipiat
1516 739 1616 793 votum
1640 739 1737 795 tuum.
1757 736 1813 796 cui

107 820 210 895 babet!
228 821 381 879 Dominus.
398 823 646 897 conspiciensque
660 831 788 895 branna,
802 825 935 883 aalmad·
989 821 1169 894 respondeus
1186 837 1245 891 rex,
1261 821 1302 877 ait
1318 837 1325 878 ι
1341 821 1580 896 Nequaquam,nt
1594 824 1702 895 nimand
1714 840 1813 883 emam

107 911 195 969 vertit
210 926 309 985 regam
325 915 466 971 atseruos
480 914 545 987 ejus
560 914 685 972 transire
700 916 737 972 sd
752 920 933 989 sestegras·
988 910 1115 983 puellos
1139 913 1178 980 ta,
1208 914 1238 966 et
1267 927 1325 968 non
1354 911 1474 969 offeram
1505 912 1629 970 DomIno
1657 912 1716 973 Deo
1744 929 1811 973 mao

108 1016 162 1058 sua
176 999 310 1057 adoravit
324 1014 422 1073 regem
439 1017 531 1074 prono
545 1002 631 1060 vultu
647 1003 678 1060 iu
692 1008 813 1074 terram,
826 1008 855 1061 et
870 1005 933 1060 alt:
988 998 1160 1057 holocausta
1184 999 1323 1072 gratuita.
1349 1001 1424 1057 EmIt
1448 1016 1517 1075 orgo
1537 1000 1628 1059 David
1652 1018 1760 1075 aream
1782 1007 1812 1062 et

108 1088 185 1155 Quid
201 1100 298 1146 uanas
320 1093 365 1146 eat
384 1089 529 1149 obveniat
551 1092 690 1150 domiuus
716 1109 801 1152 meus
824 1109 874 1150 rex
897 1093 934 1151 ad
989 1087 1087 1157 boves,
1104 1087 1218 1161 argenti
1233 1087 1314 1147 siulis
1329 1089 1555 1164 qulnquaginta,
1571 1094 1600 1149 et
1609 1091 1761 1151 edificavit
1770 1092 1811 1152 ibi

107 1176 567 1238 semnmsunmicuiouvidait
582 1197 589 1239 :
606 1181 933 1252 Utemamatearaum,
987 1175 1107 1235 David·
1131 1175 1223 1235 altars
1245 1179 1381 1250 numius,
1411 1183 1440 1235 st
1464 1179 1572 1237 obtulit
1594 1179 1768 1242 holocausta
1782 1186 1814 1242 et

109 1271 139 1325 at
157 1267 302 1325 suiflasm
326 1267 418 1327 altare
440 1269 575 1339 Domino,
601 1276 630 1328 et
653 1275 749 1330 oeaset
771 1272 934 1330 iubarlaotio
988 1266 1111 1339 pacilius
1126 1283 1134 1323 ε
1150 1268 1180 1323 et
1203 1266 1411 1340 repropitiatus
1434 1271 1479 1327 est
1503 1269 1643 1328 Dominus
1667 1274 1763 1341 terrm,
1783 1274 1813 1330 et

109 1372 175 1432 qun
189 1362 343 1432 grassatur
356 1357 386 1414 iu
400 1358 520 1431 populo.
536 1360 571 1417 Ut
584 1360 627 1419 ait
639 1363 757 1420 Areum
771 1362 806 1419 ad
823 1362 932 1419 David:
987 1355 1118 1414 oohibita
1132 1360 1177 1414 ast
1188 1356 1276 1431 plaga
1289 1355 1326 1415 ab
1341 1355 1429 1414 Israel
1442 1358 1463 1414 ⁸.

145 1502 155 1536 ¹
168 1500 253 1568 Quod
268 1499 421 1558 verissime
436 1504 518 1558 notat
537 1501 727 1571 scholiastes,
750 1520 808 1560 non
824 1519 888 1561 esse
903 1503 933 1560 in
987 1499 1167 1573 integritate,
1183 1500 1225 1557 sio
1241 1501 1388 1572 explicant
1402 1517 1437 1558 ex
1449 1501 1596 1559 Hebraioaa
1608 1502 1715 1576 linguas
1729 1502 1810 1577 inga-

112 1572 233 1629 flsbraeo
249 1571 384 1631 additum
398 1574 435 1639 et,
451 1589 508 1630 ms.
524 1590 641 1646 quoque
655 1577 831 1633 veronensis
845 1579 931 1632 tacet.
988 1572 1048 1640 nio,
1064 1573 1186 1641 Iuenna,
1198 1588 1217 1629 o
1230 1589 1289 1641 res,
1306 1572 1402 1629 omniu
1415 1576 1466 1631 dut
1478 1576 1550 1645 regi.

147 1645 272 1701 ’Canon
288 1643 368 1701 solus
380 1660 446 1701 oum
458 1644 584 1717 Vulgata
599 1646 703 1705 retinet
716 1648 837 1704 verbum
848 1646 932 1715 Illud,
1022 1644 1110 1700 'Non
1126 1643 1209 1700 addit
1222 1643 1270 1700 bia
1285 1648 1392 1700 Veron.
1409 1663 1465 1702 ms.
1482 1645 1584 1713 David,
1606 1645 1684 1718 quod
1700 1663 1808 1706 nomen

113 1716 308 1789 rostagnus
326 1715 445 1788 quidem
460 1717 490 1772 iu
505 1717 639 1785 Hebraeo,
661 1736 718 1775 nou
741 1728 839 1776 tamon
854 1719 932 1792 apud
988 1714 1117 1786 plerique
1133 1714 1200 1771 libri
1214 1715 1263 1771 alii
1278 1716 1398 1772 habeut.

117 1787 312 1845 LXXArauna
326 1804 396 1861 ergo
411 1789 532 1860 regulus
547 1789 666 1857 inibant
680 1790 715 1846 da
728 1792 819 1862 stirps
830 1806 932 1863 regum
948 1775 972 1840 Β
1022 1786 1220 1843 ‘Rastissims
1235 1787 1270 1843 sd
1286 1787 1397 1844 IIsbraai
1414 1786 1590 1860 exemplaris
1605 1804 1738 1846 normam
1753 1788 1810 1847 Ve-

118 1858 313 1917 taruanorum
330 1875 337 1915 :
353 1858 384 1916 in
399 1857 483 1915 libris
498 1859 590 1917 Parali
614 1878 738 1918 omauou
756 1863 833 1920 idem
844 1862 934 1919 Isbu-
990 1874 1107 1915 tonsus.
1124 1874 1180 1915 ms.
1196 1858 1273 1914 Finit
1289 1858 1361 1915 tiber
1374 1861 1496 1916 Samuel.
1520 1859 1652 1917 Diximus
1667 1865 1696 1917 et
1709 1860 1812 1919 Hiero·

123 1947 191 1988 saus
203 1929 373 2005 appellatur
388 1930 513 1994 ornum:
528 1878 611 2004 quod)
629 1933 800 2007 neutiquam
816 1939 937 2007 pnaetsr·
992 1946 1080 2003 uymo
1090 1930 1166 1987 buno
1179 1930 1297 2002 probari
1307 1931 1495 2002 partitionum
1506 1930 1538 1987 iu
1547 1932 1691 2006 Prologo:
1708 1932 1813 1991 Tertius

126 2003 239 2061 misaam
255 2002 538 2075 volnitsoriptorQQ
559 2004 802 2063 flabruieornmin
816 2006 936 2064 eosdem
991 2004 1120 2073 sequitur
1142 2001 1264 2071 Samuel,
1289 2018 1369 2074 qaam
1392 2018 1442 2059 nos
1466 2005 1623 2075 Regnorum
1644 2005 1770 2077 primum
1787 2008 1815 2062 st

127 2073 206 2131 libros
220 2073 472 2147 Paralipomenon.
488 2078 580 2133 Uarr.
989 2074 1146 2129 seeundum
1163 2073 1290 2130 dicimus.
1307 2074 1343 2129 Ut
1367 2073 1454 2159 paulo
1470 2078 1537 2146 post
1552 2090 1560 2130 ι
1576 2078 1644 2148 Iege
1663 2090 1730 2146 erqo
1754 2078 1814 2147 pri·

157 2176 187 2189 -
199 2145 322 2203 IIulotat
337 2147 415 2221 ragis
428 2145 513 2204 titulo
530 2156 677 2205 Areunam
693 2149 870 2206 Veronensis
879 2165 935 2205 ms.
989 2160 1066 2201 mum
1080 2144 1203 2213 Samuel,
1219 2148 1245 2201 st
1258 2146 1404 2202 IIatasbam
1419 2162 1522 2202 meum.
1537 2146 1590 2203 sed
1615 2150 1645 2203 st
1667 2162 1684 2202 a
1705 2146 1815 2205 Urania

132 2216 219 2291 inque
232 2223 348 2275 uatum
363 2222 409 2275 est
422 2236 430 2287 ;
448 2219 529 2276 Dixit
541 2220 653 2276 Arcano
664 2219 736 2292 regi,
749 2224 803 2276 eto·
816 2240 824 2289 ;
841 2236 936 2292 nequa
989 2216 1202 2289 interpretibus
1213 2217 1321 2290 Aquila
1330 2217 1420 2289 (quod
1432 2216 1602 2275 Goisliniani
1609 2217 1725 2275 pudiosa
1734 2218 1815 2292 apud

134 2288 362 2347 utreveraiilud
387 2306 441 2345 res
464 2291 597 2348 additum
619 2292 650 2347 iu
674 2291 740 2348 aliis
763 2308 848 2360 mss..
864 2309 934 2359 uno,
990 2288 1242 2345 Montlauoonium
1266 2288 1424 2363 testantur)
1441 2282 1601 2365 ιἙὸραίοις
1620 2288 1766 2363 ἑπόμενος,
1784 2287 1816 2345 od

133 2376 203 2431 qnam
215 2360 363 2419 &nonem
378 2366 462 2418 vocat
487 2363 683 2432 Martiumaeus,
708 2368 836 2436 excepto.
852 2364 933 2429 Quod
990 2354 1087 2429 διεῖλι,
1103 2356 1176 2413 ἀλλὰ
1189 2360 1252 2433 μίσυ
1266 2358 1314 2419 τὰς
1329 2356 1377 2414 Ito
1393 2360 1544 2430 nequinates
1561 2379 1569 2416 ε
1586 2361 1714 2419 Hebraeos
1738 2377 1817 2420 tecit·

135 2436 212 2489 autam
225 2434 256 2490 in
270 2433 392 2492 Hebraeo
407 2433 456 2501 sit,
471 2433 565 2491 oritioi
580 2435 680 2506 magni
696 2436 826 2492 nominis
841 2435 934 2508 eulpa
988 2435 1043 2503 tus,
1058 2448 1114 2489 non
1129 2430 1234 2502 diuisit,
1251 2433 1299 2490 aed
1314 2449 1403 2489 unum
1416 2449 1453 2490 ex
1465 2432 1570 2490 duobus
1585 2432 1666 2491 Istro
1680 2433 1756 2507 [ecit.

136 2500 175 2561 boo
185 2505 316 2564 tribuunt
340 2505 552 2565 amanuensis:
568 2513 620 2565 aut
642 2509 724 2565 salva
746 2508 811 2579 ejus
834 2511 933 2564 textus

88 2672 92 2773 j
732 2634 901 2708 Expliciunt
915 2634 985 2692 libri
998 2634 1052 2692 duo
1068 2634 1189 2693 Samuel.

738 2949 859 3008 TITULI
880 2948 975 3009 LIBRI
994 2948 1199 3009 Musaeum.

142 3238 158 3293 1.
168 3241 214 3299 Ubi
227 3242 369 3300 Salomon
383 3241 454 3316 nugi
464 3241 601 3314 jubetur.
956 3244 978 3312 c
996 3242 1078 3300 XXII.
1097 3242 1470 3316 LocusoratIonisuplusiu
1480 3241 1817 3304 dedicationeDoclesla.

141 3324 167 3384 Il.
178 3330 225 3388 Ubi
237 3330 376 3389 Salomon
391 3331 513 3404 ungitur
527 3332 556 3388 iu
569 3349 674 3405 regem.
996 3332 1095 3389 XXIII.
1112 3330 1267 3405 Prophetis
1282 3330 1448 3388 Solomonia
1463 3330 1642 3405 eaptivitatia
1656 3331 1769 3407 populi.

141 3417 176 3476 Ul.
190 3420 238 3478 Ubi
252 3420 340 3478 David
356 3419 518 3493 alloquitur
530 3421 716 3478 Salomonem
733 3420 905 3477 moriturus.
996 3421 1095 3478 XXIV.
1112 3419 1333 3478 consummetis
1344 3419 1820 3496 orationis,atbeusdietiopopuli.

141 3504 176 3565 lV.
188 3508 236 3566 ilio
250 3509 359 3567 dormit
371 3525 420 3566 rex
434 3508 538 3578 David,
563 3508 614 3582 qui
638 3509 772 3582 regnavit
796 3509 882 3566 enula
897 3526 942 3565 xa.
997 3510 1084 3566 XXV.
1100 3511 1233 3583 caeptum
1248 3508 1386 3567 suorilioii
1401 3514 1468 3582 post
1482 3509 1654 3567 orationem.

140 3592 163 3653 V.
173 3599 299 3657 Aduniaa
318 3598 473 3672 virginem,
498 3615 562 3671 quae
584 3615 652 3656 oum
676 3598 765 3655 David
782 3603 855 3667 suat,
872 3598 945 3672 petit
998 3599 1099 3655 xxvi.
1115 3599 1259 3655 Omnibus
1274 3596 1423 3672 persentis,
1435 3597 1720 3673 Salomonapopulo
1734 3599 1825 3657 bena·

163 3703 288 3746 uxorem.
1034 3688 1152 3745 dieitur.

138 3771 173 3833 VI
187 3777 239 3835 Ubi
253 3776 385 3835 Adoniss
399 3776 555 3834 occiditur.
999 3777 1108 3836 XXVII.
1124 3776 1179 3833 Ubi
1193 3775 1337 3834 Dominus
1351 3776 1423 3834 dioit
1437 3776 1580 3835 elisurum
1595 3792 1627 3836 se
1639 3774 1824 3851 templum,si

139 3860 253 3924 illusi
268 3864 414 3923 occiditur
427 3882 444 3921 a
459 3865 549 3923 Bania
561 3865 577 3923 J
581 3866 646 3924 oab.
1035 3866 1200 3942 peuoavarit
1214 3866 1352 3941 populus.

139 3949 195 4012 llll.
210 3954 377 4013 intentastis
392 3954 500 4011 semsi.
1001 3956 1133 4014 XXVIII.
1149 3954 1203 4012 Ubi
1218 3955 1254 4011 ds
1268 3954 1338 4012 IIIIIs
1352 3954 1484 4029 gentium
1500 3955 1620 4014 servitio
1644 3955 1722 4030 rsgia
1745 3954 1828 4014 ordi-

140 4040 176 4101 ib
188 4042 241 4102 Ubi
252 4061 270 4102 a
283 4043 411 4101 Domino
425 4043 563 4102 visitatur
579 4045 732 4113 Salomon.
1040 4050 1159 4103 uantur.

139 4128 331 4192 deuabus
347 4133 521 4190 mulieribus
535 4133 673 4192 Salomon
689 4132 905 4207 interpellatur.
1002 4135 1099 4192 XXIX.
1116 4133 1170 4191 Ubi
1186 4132 1458 4191 salomonulassam
1473 4135 1585 4192 lacitad
1597 4149 1678 4193 mara
1694 4132 1828 4192 Rubrum

140 4219 179 4279 Il.
194 4223 247 4280 Ubi
263 4222 385 4282 nomina
398 4223 532 4280 omnium
547 4223 715 4296 principum
727 4224 787 4296 regi
799 4221 950 4281 Salomoni
1038 4241 1106 4281 oum
1123 4223 1215 4280 servia
1231 4221 1341 4279 Uirsm.

168 4313 369 4369 ostenduntur.
1003 4313 1095 4371 XXX.
1111 4311 1165 4369 Ubi
1182 4311 1284 4384 regina
1297 4311 1420 4368 subaud
1437 4327 1536 4385 regem
1553 4311 1639 4370 venit.

143 4396 255 4459 utun
269 4401 355 4476 quias
370 4401 448 4477 regia
462 4401 828 4461 Salomoniadeaoribltur·
1004 4401 1102 4459 XXXI.
1124 4404 1238 4469 Quanta
1261 4399 1322 4472 regi
1347 4400 1520 4472 ponderatio
1545 4401 1665 4458 offertur
1687 4399 1752 4457 auri
1777 4415 1830 4474 per

145 4486 208 4548 ¹111.
220 4490 275 4549 Ubi
284 4490 385 4549 Uirum
401 4508 450 4549 rex
464 4492 531 4565 'DJri
546 4491 636 4550 mittit
652 4494 689 4550 ad
706 4508 804 4566 regem
820 4489 949 4548 Salomo·
1040 4490 1173 4564 singulos
1188 4505 1292 4546 annos.

173 4592 240 4639 usur.
966 4614 990 4680 D
1006 4581 1118 4640 XXXII.
1136 4579 1190 4636 Ubi
1205 4595 1288 4635 arma
1303 4579 1391 4652 regIs,
1414 4582 1443 4636 st
1457 4568 1558 4637 imnis
1575 4578 1739 4637 ministeria
1753 4579 1834 4638 desi·

88 4708 90 4733 2
151 4662 207 4724 xlv.
227 4669 300 4728 Item
321 4669 406 4743 quies
430 4669 511 4744 regui
542 4667 717 4740 Salomonis,
742 4672 772 4727 et
796 4668 951 4743 dispositio
1042 4673 1181 4744 guantur.

88 4776 90 4781 ·
178 4757 279 4831 templi.
1006 4759 1133 4829 XXXIII,
1147 4756 1201 4814 Ubi
1216 4755 1392 4814 salomonia
1402 4755 1578 4814 mulieribus
1588 4761 1732 4831 potestat
1743 4756 1832 4817 idolis

88 4862 91 4907 3
157 4834 198 4898 W·
209 4845 259 4905 Ubi
273 4864 323 4905 rex
336 4849 439 4907 IIIram
454 4847 484 4905 iu
499 4847 643 4907 iabrIaam
657 4846 761 4922 tampli
776 4847 933 4906 consentit.
1042 4847 1139 4906 servit

88 4950 93 5001 ε
159 4923 214 4989 XVI.
225 4934 356 5010 Caspium
372 4937 487 5005 rubrius
501 4936 616 5011 templi.
1007 4937 1130 4995 XXXIV.
1147 4938 1214 4992 Post
1229 4937 1382 5007 peccatum
1399 4933 1566 4990 Salomonis
1581 4934 1768 4992 adversarius
1780 4935 1831 4991 ad·

162 5012 229 5082 xVll.
242 5025 400 5099 Deacmptio
414 5025 528 5100 templi.
1043 5041 1160 5083 versum
1176 5038 1244 5080 oum
1260 5021 1392 5095 exsurgit
1405 5022 1497 5079 udad.

88 5018 97 5189 b
165 5100 242 5167 Uul.
254 5114 393 5173 Parleotio
408 5115 522 5190 templi
1010 5115 1123 5173 XXXV.
1140 5112 1193 5171 Ubi
1208 5111 1298 5169 alium
1314 5110 1469 5167 iniminum
1482 5111 1580 5169 Razon
1595 5109 1761 5169 Salomonis
1772 5122 1836 5164 sus·

88 5192 92 5251 '.
168 5186 220 5252 Ul.
232 5199 281 5260 Ubi
294 5210 469 5265 ornamenta
481 5203 586 5278 templi
605 5207 635 5263 et
658 5204 824 5263 minIsteria
844 5204 954 5263 descri-
1046 5204 1117 5261 citat
1132 5202 1219 5258 Deus.

88 5274 91 5333 ἶ
180 5266 290 5348 'iustus
1011 5293 1109 5350 XXVI.
1125 5289 1280 5349 Jeroboam
1294 5287 1415 5344 rebellat
1431 5287 1572 5345 adversus
1586 5285 1783 5342 Salomonem.

88 5350 95 5521 't
169 5360 214 5423 ἢ
224 5373 380 5440 Translatio
394 5398 467 5441 aros
482 5383 513 5441 iu
527 5382 683 5457 tempium.
1013 5378 1147 5438 XXXVII.
1164 5376 1219 5435 Ubi
1228 5376 1342 5477 'Achiua
1359 5391 1482 5478 ragnum
1498 5373 1647 5475 promittit
1670 5371 1840 5474 Jeqoboam.

169 5450 220 5514 m
230 5467 383 5531 Desmaaio
397 5471 516 5531 Domini
529 5472 561 5531 In
571 5472 759 5546 templum,st
774 5472 866 5530 oratio
878 5471 958 5531 salo·
1011 5466 1166 5527 XXXVIII.
1181 5464 1236 5522 Ubi
1251 5465 1388 5524 Salomon
1399 5467 1589 5535 moritur,qu1
1604 5464 1841 5535 regnavitannis

88 5526 92 5635 i
190 5553 284 5629 monis,
298 5575 367 5618 oum
381 5560 614 5621 benediotlonam
627 5561 659 5621 ln
673 5560 781 5635 populo
796 5561 875 5621 iecit.
1051 5555 1258 5655 quadraginta.

88 5644 90 5677 ⁵
298 5688 435 5753 rasus.
457 5686 597 5752 xxvru.
1640 5677 1679 5736 23
