3870 6120
113 152 192 257 area¹

183 322 219 379 iri
233 322 288 395 (At.
309 319 542 394 oppressurum).

112 398 220 452 Annon
234 393 343 465 cogitas
355 393 433 465 quod
449 391 526 447 Deua
538 389 678 449 excelsior
692 391 765 450 cralo
778 393 827 449 sit.

150 470 178 523 et
193 481 281 536 super
301 463 454 520 stellarum
471 463 611 519 verticem
627 463 830 521 sublimetur?

114 537 149 593 let
167 537 261 594 dicis:
277 535 351 599 Ouid
367 533 446 590 enim
471 533 552 591 novit
566 534 671 592 Deus?

149 613 179 664 et
192 606 277 679 quasi
302 621 354 678 per
368 605 527 679 caliginem
539 607 667 676 judicat.

112 678 212 736 Nubes
224 677 380 735 latibulum
393 680 468 751 ejus,
486 693 538 734 nec
554 684 655 735 nostra
670 678 847 751 considerat,

147 756 177 807 et
191 749 269 806 circa
288 750 424 806 cardines
437 748 502 806 coeli
526 750 723 820 perambulat.

111 820 414 961 Numquidnsemiiam
429 818 603 878 saeculorum
628 821 775 879 custodire
789 820 873 894 cupis
883 820 937 892 (ll.

183 910 219 950 cu
244 911 251 949 1

147 910 240 1047 quani
254 934 442 1021 cailcavcrunt
469 961 655 1036 viriiniquii

110 1037 167 1103 Oua
183 1036 293 1093 sublati
317 1040 389 1091 sunt
404 1037 472 1091 ante
487 1039 606 1108 tempus
621 1051 722 1102 suum,

147 1111 175 1164 ct
194 1107 300 1164 lluvius
314 1106 459 1163 subvertit
482 1106 706 1163 tundamentum
722 1124 846 1164 corum:

111 1179 167 1248 Qui
188 1180 325 1236 dicebant
341 1180 418 1235 Oce:
436 1177 547 1235 Recede
567 1178 707 1235 anobis:

148 1254 177 1307 et
189 1252 273 1324 quasi
290 1249 364 1306 nibil
379 1253 477 1321 posset
500 1250 593 1307 lacere
608 1249 813 1322 Omnipotens.

149 1322 337 1380 aestimabant
359 1336 439 1377 eum.

114 1394 187 1452 Cum
203 1393 251 1450 ille
267 1392 419 1466 implesset
433 1391 535 1449 domos
551 1408 652 1449 corum
669 1393 776 1450 bonis:

115 1464 620 1608 vllltltbttlltltatittlill
635 1481 652 1520 ⁸
667 1480 725 1522 ⁸³⁰·

352 1580 360 1607 5
609 1578 616 1602 l

114 1607 658 1745 ariditatibituititila,
681 1746 687 1761 ,

150 1758 179 1809 et
193 1753 334 1825 reliquiae
350 1767 451 1807 eorum
468 1748 729 1823 devoravitignrs?

632 197 662 253 S.
681 189 885 253 brsnotvvlll
903 198 1032 255 DlVlNA
1049 197 1295 256 Bremttrflscb

950 324 980 392 Α
1029 321 1101 378 etin
1119 321 1187 378 sinu
1203 337 1268 379 meo
1284 321 1426 379 abscondi
1440 323 1529 379 verba
1545 323 1606 380 oris
1622 324 1701 396 eius.

1755 202 1823 262 lint

992 399 1059 466 lpse
1074 393 1152 449 enim
1166 392 1247 477 solus
1259 398 1314 460 est,
1326 410 1411 452 necao
1424 400 1553 452 avertere
1564 400 1665 469 potest
1674 398 1819 472 cogitatio·

1027 480 1260 619 atiiimijiias·
1275 537 1470 608 quodcunque
1482 537 1577 596 veluit
1590 539 1613 610 ⁸,
1636 540 1717 601 lecit.

991 605 1064 662 Cum
1081 607 1239 679 expleverit
1254 625 1282 662 ιιι
1299 624 1347 664 me
1370 608 1553 667 voluntatem
1580 628 1683 685 suam,

1028 682 1057 733 et
1071 677 1128 734 alia
1148 679 1242 735 multa
1254 678 1365 736 similia
1379 686 1485 752 praesto
1500 685 1572 738 sunt
1586 682 1626 739 ei.

991 749 1148 806 etidcirco
1164 766 1181 806 a
1196 750 1269 807 lacie
1284 751 1349 822 ejus
1373 752 1510 809 turbatus
1525 770 1607 818 sum,

1027 825 1057 877 et
1070 819 1263 905 considerans
1284 837 1363 894 eum,
1377 823 1482 880 timore
1505 825 1657 882 sollicitor
1672 827 1727 899 (Al.
1743 829 1816 887 solli·

993 893 1212 1020 naua⁰¹1iiaiirivrr
1232 980 1405 1031 cormeum,

1029 1040 1057 1091 et
1071 1034 1263 1107 Omnipotens
1287 1036 1473 1093 conturbavit
1494 1053 1553 1094 me.

993 1108 1055 1164 Non
1071 1108 1150 1163 enim
1170 1107 1243 1178 perii
1258 1113 1377 1180 propter
1405 1107 1596 1167 imminentes
1620 1111 1768 1184 tenebras,

1029 1194 1082 1234 nec
1102 1177 1204 1234 taciem
1220 1195 1316 1236 meam
1332 1181 1448 1252 operuit
1461 1180 1565 1254 caligo.

993 1250 1059 1323 (Cap
1074 1249 1186 1321 XXIV.)
1201 1251 1243 1306 Ab
1259 1250 1464 1324 Omnipoteute
1480 1270 1539 1310 non
1560 1259 1634 1311 sunt
1649 1256 1811 1317 abscondita

1030 1326 1196 1519 ιιιιΞἜιριὲἷὲΙ
1208 1363 1357 1451 'noverunt
1382 1410 1450 1451 eum
1467 1395 1522 1467 (all.
1538 1397 1659 1471 Deum),
1682 1399 1808 1472 ignorent

994 1534 1051 1590 alil
1068 1464 1461 1605 tiiiuiiiiisust’raustulerunt

1030 1607 1217 1680 diripuerunt
1229 1623 1342 1680 greges,
1359 1612 1387 1663 et
1402 1615 1545 1682 paverunt
1559 1627 1625 1670 eos.

955 1679 1118 1760 Besinum
1135 1678 1315 1751 pupillorum
1344 1679 1514 1753 abegerunt,

1031 1755 1060 1806 et
1073 1750 1261 1807 abstulerunt
1275 1767 1327 1823 pro
1343 1750 1464 1833 pignore
1480 1753 1586 1812 bovem
1608 1755 1717 1812 viduae.

113 1825 274 1896 Acquieace
298 1823 389 1895 igitur
408 1823 579 1890 citatius.
609 1820 807 1889 eiletbabolo
839 1834 940 1892 paccm
993 1823 1202 1878 Subvcrtcrunt
1217 1838 1380 1895 pauperum
1405 1839 1491 1895 vvarn,

150 1904 179 1952 et
194 1913 246 1969 per
260 1896 320 1951 haec
336 1892 459 1950 habebis
476 1894 589 1949 tructus
604 1893 744 1966 optimos.

115 1968 238 2041 Suscipe
253 1984 286 2024 ex
302 1982 351 2022 ore
365 1965 447 2021 illius
463 1964 567 2035 legem,

152 2043 182 2095 et
196 2056 271 2112 ponc
284 2053 433 2094 sermones
448 2035 527 2091 illius
542 2037 572 2091 in
598 2036 685 2091 corde
701 2037 763 2102 tuo,

118 2111 148 2168 Si
164 2127 299 2167 reversus
315 2109 404 2164 lucris
420 2106 456 2162 ad
472 2106 721 2178 omnipotentem,
738 2103 942 2172 aedillcabcris,

155 2187 184 2238 ct
201 2183 286 2254 longo
311 2179 399 2234 iacies
429 2177 613 2248 iniquitatem
630 2194 647 2233 a
672 2175 863 2233 tabernaculo
879 2181 940 2233 tuo.

120 2253 208 2312 Dabit
221 2269 273 2325 pro
283 2256 360 2307 terra
374 2247 498 2316 silicem,

158 2329 187 2381 et
202 2341 254 2398 pro
269 2322 351 2378 silice
366 2325 510 2378 torrentes
525 2336 639 2376 aureos.

120 2397 238 2467 Eritque
252 2392 443 2466 Omnipotens
458 2394 559 2448 contra
573 2390 671 2447 boslcs
686 2394 764 2460 tuos,

150 2474 180 2525 ct
195 2469 351 2539 argentum
369 2468 377 2501 ¹
399 2463 617 2520 coacervabitur
632 2462 695 2518 tibi.

114 2540 196 2598 Tunc
213 2554 301 2611 super
316 2535 552 2608 Omnipotentcm
569 2533 683 2590 deliciis
699 2532 816 2603 altinas,

149 2616 177 2669 et
193 2609 320 2668 elevabis
336 2610 372 2664 ad
388 2607 481 2663 Deum
511 2605 615 2662 laniem
633 2615 724 2662 tarum.

110 2683 242 2757 Rogabis
266 2697 346 2746 cum,
366 2683 394 2736 et
408 2678 545 2735 exaudiet
562 2681 601 2749 te,

148 2763 179 2813 et
192 2758 260 2811 vota
273 2758 325 2810 tua
341 2751 456 2808 reddes.

112 2829 257 2887 Decernes
271 2840 344 2894 rem,
360 2827 389 2878 et
405 2820 518 2879 eveniet
531 2820 598 2887 tibi,

149 2904 178 2956 et
192 2899 222 2954 in
237 2896 292 2953 viis
307 2896 367 2951 tuis
390 2892 558 2966 splendebit
573 2891 686 2947 lumen.

113 2971 168 3038 Oui
184 2970 263 3027 enim
287 2964 461 3023 humiliatus
476 2963 574 3032 luerit,
590 2962 646 3018 crit
675 2960 828 3033 ingloria:

149 3048 177 3098 et
192 3042 242 3113 qui
255 3036 440 3095 inclinaverit
453 3034 564 3105 oculos,
581 3034 644 3106 ipsc
657 3031 829 3090 salvabitur.

114 3112 281 3173 salvabitur
304 3110 459 3178 innocens,

148 3174 940 3250 salvabiturcutemin(alt.tocin)munditiamanuum

155 3271 289 3314 sucrum.

293 3383 477 3426 RESPONDENS
496 3381 591 3423 turult
609 3382 669 3422 solt.
690 3380 758 3420 alr:

147 3472 229 3545 (dap.
244 3466 365 3537 xxiii.)
380 3465 463 3525 Nune
492 3479 609 3536 quoque
636 3461 666 3517 in
682 3461 877 3518 amaritudine
891 3465 937 3519 cst

185 3557 282 3601 Sermo
302 3553 396 3605 meus,

147 3621 176 3674 et
191 3628 297 3672 manus
312 3610 403 3683 plagae
418 3623 489 3664 mee
511 3607 669 3679 aggravata
683 3607 729 3661 cst
744 3620 833 3677 super
842 3603 936 3678 gemi-

184 3692 247 3744 tum
272 3697 384 3741 mcum.

113 3759 184 3832 Quis
210 3755 283 3815 mibi
312 3754 425 3811 tribuat
452 3755 486 3808 ut
513 3764 701 3822 cognoscam,
730 3752 758 3806 ct
787 3747 933 3805 inveniam

184 3829 269 3887 illum

146 3907 176 3961 ct
190 3869 305 3959 veniain
321 3911 415 3968 usque
434 3894 470 3950 ed
487 3891 594 3949 solium
610 3892 684 3963 ojus.

110 3977 220 4034 Ponam
235 3985 335 4029 coram
351 3984 384 4024 eo
396 3966 556 4039 judicium,
626 4033 632 4045 ι
677 4032 683 4046 .

144 4053 174 4104 et
188 4063 221 4103 os
236 4057 335 4101 meum
352 4037 470 4112 replebo
491 4034 754 4106 increpationibus.

109 4119 147 4176 Ut
161 4118 235 4175 sciat
247 4113 337 4172 verba
352 4128 417 4186 quae
433 4107 505 4164 mibi
530 4106 719 4189 respondeat,

146 4195 175 4247 et
189 4187 351 4259 intelligam
369 4181 440 4255 quid
464 4177 538 4236 mibi
553 4177 701 4248 loquatur.

109 4262 182 4322 Nolo
197 4258 292 4318 multa
306 4254 475 4314 tortitudine
493 4248 650 4306 contendat
665 4262 791 4312 mecum,

147 4351 199 4391 nec
215 4325 431 4404 magnitudinis
446 4339 505 4378 suaa
521 4320 597 4376 mole
614 4335 660 4375 me
676 4322 807 4391 premnt;

109 4405 256 4477 Proponat
273 4399 440 4473 aequitatem
456 4396 560 4452 contra
574 4405 630 4458 mo,

142 4482 171 4532 et
202 4461 734 4532 erveniat¹advictoriamjndicium
750 4476 860 4517 meum.
948 4434 974 4502 Ῑ)

107 4548 138 4605 Si
153 4564 169 4602 a
205 4544 346 4601 orientem
363 4542 434 4610 iero,
451 4554 509 4594 non
523 4538 664 4615 apparet:

143 4618 169 4675 si
194 4616 230 4673 ad
247 4615 439 4679 occidentem,
456 4626 515 4666 non
530 4604 692 4678 intelligam
709 4620 788 4661 eum.

107 4689 138 4746 Si
152 4688 189 4746 ad
218 4686 381 4752 sinistram,
403 4682 474 4755 quid
500 4675 608 4751 agam?
623 4693 681 4732 non
712 4674 931 4749 apprehendam

143 4833 168 4890 si
181 4774 360 4887 εέιῗιιιῑιω
376 4825 412 4882 ad
429 4825 587 4888 dexteram,
604 4834 662 4876 non
676 4817 780 4875 videbe
798 4816 894 4875 illum.

107 4907 174 4978 lpse
190 4918 257 4959 vero
272 4898 328 4956 scil
342 4897 421 4954 viam
437 4911 544 4962 meam,

1030 1898 1059 1949 et
1073 1901 1284 1966 oppresserunt
1299 1895 1407 1965 pariter
1429 1899 1603 1953 mansuetos
1619 1902 1715 1954 terrae.

994 1964 1050 2022 lilii
1065 1965 1149 2036 quasi
1170 1965 1272 2038 onagri
1289 1966 1318 2020 ia
1348 1966 1464 2023 deserto
1485 1968 1683 2039 egrediuntur
1695 1970 1730 2027 ad
1746 1986 1804 2044 opus

1030 2052 1182 2180 vrgiiffie's
1194 2108 1229 2163 ad
1246 2108 1384 2180 prodam,
1400 2113 1568 2180 praeparant
1582 2128 1691 2184 panem
1710 2112 1802 2172 liberis.

996 2184 1106 2251 agrum
1124 2195 1182 2235 nen
1198 2195 1286 2235 suum
1309 2179 1477 2236 demetunt:

1030 2259 1056 2307 et
1071 2251 1186 2334 vineam
1210 2251 1285 2323 ejus,
1301 2265 1389 2324 quem
1405 2252 1431 2307 vi
1455 2255 1661 2325 oppresserint
1680 2257 1700 2326 ⁸,
1715 2257 1799 2312 vinde·

994 2326 1272 2451 Nudglsmdriinittuut
1286 2392 1431 2463 homines,
1448 2393 1626 2453 indumenta
1641 2397 1774 2466 tollentes,

1030 2466 1139 2536 quibus
1155 2481 1211 2520 non
1229 2470 1274 2521 est
1296 2465 1513 2538 operimentum
1528 2469 1559 2523 in
1574 2468 1695 2542 frigore.

994 2538 1072 2601 Quos
1088 2537 1195 2593 imbros
1211 2535 1353 2593 montium
1376 2536 1494 2609 rigant:

917 2667 919 2671 ,
1030 2612 1058 2664 ct
1073 2625 1130 2664 non
1147 2608 1287 2664 habentes
1301 2607 1445 2675 velamen,
1469 2608 1679 2736 amplexantur
1692 2611 1796 2685 lapidea.

992 2677 1058 2735 Vim
1073 2680 1204 2736 lecerunt
1219 2680 1419 2751 depraedantes
1444 2681 1513 2806 pupi
1539 2698 1582 2750 os,

1029 2756 1057 2805 ot
1073 2752 1193 2824 vulgum
1210 2767 1372 2824 pauperum
1392 2767 1442 2822 spo
1456 2752 1600 2810 laverunt.

992 2820 1085 2878 Nudis
1099 2827 1127 2879 st
1152 2823 1355 2879 incedentibus
1370 2822 1480 2892 absque
1495 2824 1602 2882 vestitu

1027 2899 1056 2948 et
1071 2893 1268 2950 esurientibus
1289 2893 1421 2950 tulerunt
1434 2895 1544 2967 spicas.

991 2966 1072 3021 lntcr
1087 2982 1204 3021 acervos
1219 2981 1320 3022 eorum
1338 2967 1484 3022 meridiati
1500 2970 1583 3037 sunt,

954 3066 977 3135 c
994 3037 1091 3163 uni,
1122 3036 1242 3093 calcatis
1258 3036 1465 3107 torcularibus,
1481 3038 1599 3094 sitiunt.

1020 3125 1035 3164 e
1050 3107 1219 3164 civitatibus
1234 3108 1365 3164 lecerunt
1384 3109 1460 3164 viros
1475 3125 1603 3181 gemere,

1029 3180 1171 3236 stenima
1186 3178 1403 3236 vulneratorum
1419 3179 1567 3248 clamavit,

1029 3258 1057 3307 et
1071 3256 1148 3307 Deus
1162 3250 1287 3307 inultum
1304 3251 1384 3307 abire
1399 3267 1456 3307 nen
1473 3252 1584 3325 patitur
1598 3251 1651 3323 [lt.
1666 3248 1796 3325 patiatur}

993 3323 1052 3394 lpei
1069 3322 1187 3378 luerunt
1203 3320 1325 3380 rebelles
1339 3323 1456 3389 lumini,

992 3393 1160 3450 nescierunt
1174 3393 1236 3451 vias
1264 3394 1341 3465 ejus,
1357 3409 1411 3450 nec
1425 3394 1533 3451 reversi
1554 3397 1627 3451 eunt
1654 3410 1706 3467 par
1719 3392 1795 3451 serni·

1062 3469 1108 3521 tas
1132 3466 1207 3522 c'us.

990 3537 1073 3592 itane
1088 3482 1182 3609 pricio
1197 3540 1356 3610 consurget
1370 3535 1527 3594 homicida.

1026 3607 1171 3664 interiecit
1185 3623 1309 3680 egenum
1325 3612 1354 3664 et
1367 3623 1524 3680 pauperem
1538 3626 1545 3676 ;

1026 3696 1077 3752 per
1093 3683 1208 3736 noctem
1223 3696 1289 3735 vero
1304 3680 1360 3735 erit
1387 3680 1472 3752 quasi
1488 3680 1546 3733 tur.

989 3750 1098 3808 Oculus
1114 3750 1259 3807 adulteril
1274 3751 1409 3807 observat
1423 3750 1596 3823 caliginem,

1024 3823 1143 3878 dicens:
1161 3827 1221 3878 Non
1240 3838 1287 3878 me
1301 3821 1411 3879 videbit
1436 3822 1561 3879 oculus.

1024 3898 1083 3950 eto
1107 3892 1177 3950 erict
1191 3891 1305 3949 vultum
1322 3909 1419 3949 suum.

988 3966 1071 4022 Pcrlo
1094 3965 1117 4021 it
1131 3965 1159 4020 in
1176 3963 1305 4022 tenebris
1324 3965 1437 4032 domos,

1023 4039 1100 4164 siclut
1126 4037 1155 4092 in
1180 4037 1227 4093 die
1252 4037 1442 4093 condixerant
1468 4034 1536 4103 sibi,
1558 4039 1589 4091 et
1604 4034 1789 4108 ignoraverant

1072 4124 1166 4164 noem.

988 4180 1017 4236 Si
1034 4180 1131 4235 subito
1147 4178 1314 4252 apparuerit
1329 4194 1443 4247 aurora,
1471 4177 1657 4236 arbitrantur
1677 4176 1786 4235 ambare

1060 4252 1181 4308 mortis:

1023 4327 1052 4378 ct
1067 4323 1109 4379 sic
1125 4323 1153 4378 in
1170 4321 1298 4378 tenebris
1312 4323 1396 4393 quasi
1412 4320 1440 4376 in
1461 4318 1527 4379 lucc
1541 4321 1702 4380 ambulant.

989 4395 1071 4450 Levis
1086 4398 1131 4451 est
1150 4409 1238 4466 super
1254 4392 1356 4450 sociem
1386 4408 1489 4464 aquae:

1024 4465 1179 4522 maledicta
1195 4465 1235 4521 sit
1250 4481 1316 4536 pars
1344 4463 1410 4535 ejus
1424 4464 1454 4519 in
1469 4469 1558 4532 terra,

1023 4553 1077 4593 nec
1092 4536 1222 4593 ambulet
1237 4552 1288 4608 per
1301 4536 1379 4591 viam
1398 4535 1562 4592 vinearum.

986 4608 1030 4663 Ad
1047 4609 1170 4665 nimiam
1186 4608 1311 4664 calorem
1327 4610 1457 4662 transeat
1470 4607 1508 4662 ab
1525 4605 1613 4680 aquis
1632 4606 1744 4673 nivium,

1022 4685 1051 4734 ct
1064 4695 1157 4753 usqua
1171 4680 1206 4735 ad
1223 4679 1331 4735 iuleres
1346 4682 1498 4751 peccatum
1518 4677 1612 4735 illius.

985 4749 1183 4807 Obliviecatur
1197 4749 1261 4820 ojus
1282 4749 1501 4807 misericordia:

1021 4821 1144 4880 dulcedo
1171 4821 1251 4879 illins
1265 4835 1397 4877 vermes:

1020 4894 1083 4951 Non
1099 4895 1138 4950 sit
1152 4894 1182 4949 in
1203 4891 1416 4962 recordatione,

142 4981 171 5034 et
185 4970 318 5047 probavit
347 4982 394 5024 mc
422 4966 508 5040 quasi
536 4978 641 5021 aurum
668 4961 744 5034 quod
759 4977 812 5033 per
829 4959 928 5035 ignem
1020 4967 1256 5023 sedconteratur
1276 4962 1491 5036 quasilignum
1521 4960 1740 5019 infructuosum.

107 5047 313 5194 Vestigisiiiis
329 5111 510 5192 secutusest
525 5122 576 5179 pes
592 5119 697 5187 meus3
739 5174 746 5187 ·

142 5193 219 5249 viam
235 5189 298 5261 ejus
314 5181 469 5246 custodivi,
484 5182 514 5234 et
528 5193 585 5234 non
604 5175 748 5233 declinavi
762 5190 797 5232 cx
811 5191 855 5233 ea.

107 5270 128 5321 A
145 5259 293 5323 mandatis
308 5253 455 5313 labiorum
471 5252 535 5321 eius
551 5264 609 5304 non
631 5246 750 5319 recessi,

139 5482 149 5518 ¹
164 5481 254 5539 addit
267 5474 370 5548 ltagin.
387 5486 443 5528 ms.
458 5470 551 5535 raam,
566 5462 645 5537 quod
669 5463 808 5520 Hebraeus
827 5468 927 5522 tamen

105 5553 209 5610 nescit.
491 5610 496 5622 ,

138 5624 150 5658 ¹
164 5622 287 5680 Palatia.
302 5623 330 5678 ct
351 5614 535 5687 aspernamur.
550 5606 690 5666 liebroeus
704 5605 887 5680 adverbum,
901 5616 929 5666 ct

99 5691 293 5770 javebiraaili
307 5690 444 5754 iudiciaria
467 5698 570 5741 macor.
624 5751 629 5763 .
774 5751 780 5764 .
878 5749 884 5762 .

132 5765 241 5825 'idem
258 5779 316 5823 ms.
328 5751 652 5840 paodcvagaeaolaerrt,
663 5749 800 5824 lacescere,
815 5749 923 5825 ltcgaus

983 5037 1067 5096 Pavit
1080 5038 1157 5094 enirn
1183 5035 1322 5104 sterilem,
1340 5051 1405 5107 quae
1418 5034 1473 5106 (ait.
1502 5039 1531 5089 ct
1545 5038 1623 5107 quae)
1637 5050 1694 5091 non
1712 5022 1778 5103 parit
1831 5054 1836 5076 ι

1019 5109 1151 5166 etviduae
1176 5107 1247 5164 bene
1262 5122 1321 5163 non
1337 5106 1414 5162 lecit.

983 5181 1113 5238 Detraxit
1129 5180 1219 5237 lortes
1234 5179 1263 5233 in
1283 5177 1431 5235 lertudioe
1446 5191 1520 5233 sua:

1018 5257 1048 5311 et
1062 5269 1129 5311 eum
1143 5249 1266 5320 steterit,
1277 5266 1336 5306 nou
1351 5248 1450 5306 credet
1461 5247 1517 5321 (lt.
1533 5245 1640 5319 credit)
1654 5245 1715 5302 vile
1726 5253 1779 5299 aaa·

981 5469 1041 5540 fiet,
1058 5483 1114 5537 qno
1129 5481 1187 5522 uno
1202 5462 1291 5521 verbo
1305 5460 1421 5519 abludit
1436 5477 1453 5517 a
1467 5459 1611 5529 Palatino,

1017 5537 1167 5606 ‘Palatim
1180 5552 1236 5592 ma.
1252 5541 1460 5606 oppresserant,
1481 5531 1700 5590 uicdcmicbaut.
1830 5568 1838 5607 ,

1017 5610 1029 5646 ⁸
1043 5615 1199 5683 Perpcram
1215 5608 1243 5664 in
1256 5605 1374 5680 Regiae
1391 5621 1446 5662 ms.
1463 5606 1517 5661 crit
1531 5604 1617 5677 quasi
1625 5588 1786 5663 meabat

981 5685 1044 5756 teri,
1060 5687 1114 5739 ate.
1131 5696 1201 5740 voce
1227 5680 1275 5749 [vr
1289 5676 1497 5753 pretermissa.
