3870 6120
107 154 177 210 1047
626 162 656 215 S.
676 159 882 216 flthttorttess
899 160 1027 215 mvme
1044 120 1293 213 promerentes.
1747 152 1810 211 itte

107 282 178 336 Ecce
192 295 246 352 ego
272 278 336 352 ipse
362 296 453 354 super
478 285 611 353 pastores
640 282 790 355 requiram
813 287 971 355 gregemA
1024 294 1119 352 nequa
1134 280 1295 351 portabunt
1311 276 1439 350 amplius
1454 275 1615 351 opprobria
1630 276 1775 349 gentium.

182 368 279 406 ursum
296 353 330 407 de
344 369 433 409 manu
450 369 562 420 sorum,
988 355 1023 408 Et
1036 353 1131 406 scient
1146 349 1216 423 quia
1230 367 1284 423 ego
1298 350 1442 407 Dominus
1462 354 1540 406 Deus
1562 364 1669 405 sorum
1685 364 1752 405 cum
1764 350 1810 418 eis,

85 472 87 477 ,
144 427 173 478 et
187 439 303 479 cessare
317 438 367 479 sos
383 424 539 493 iaciam,ut
554 425 630 482 ultra
645 442 703 483 non
723 430 846 500 pascant
867 441 932 498 gra·
1021 421 1121 493 stipsi
1152 421 1260 495 opulus
1276 437 1360 479 meus
1386 421 1493 477 domus
1509 419 1600 477 lsrael
1617 436 1626 474 ι
1652 419 1696 476 ait
1722 420 1811 478 Domi·

183 509 248 565 gem
263 494 317 562 (tt.
333 495 396 550 cdd.
414 498 536 569 mauro),
1058 509 1116 549 nus
1131 439 1220 558 Beue,

109 567 478 692 Etrffgepgigganteamplius
493 572 628 694 postiores
642 569 818 641 semetipsos
835 584 842 623 :
986 564 1045 621 Vos
1061 560 1379 693 ιιιιθῑὲιιιῂςοιιοέιιὶιὲ.ιὲιεεὶίἰ,8
1392 577 1499 662 greges
1521 560 1578 635 (At.
1602 562 1689 636 grex)
1705 578 1813 636 pascue

143 712 173 761 et
188 723 245 762 non
261 652 318 762 erist
333 654 416 765 effi1
424 654 647 768 erile&llrhnesceerqrr.e
661 656 763 697 eorum
782 683 789 697 ⁸
1023 653 1118 775 ettggo
1129 679 1272 764 Dominus
1288 710 1365 762 Deus
1379 704 1562 772 vester,dicit
1572 704 1720 761 Dominus
1731 711 1814 772 Deos,

109 777 182 841 Ouia
197 777 258 833 hac
274 779 345 835 dicit
361 780 505 838 Dominus
521 788 596 838 Deus
614 798 621 838 :
988 780 1071 852 (Cap.
1088 778 1206 848 XXXV.)
1219 779 1255 834 Dt
1270 779 1365 835 iectus
1379 781 1425 833 est
1446 792 1543 834 sermo
1570 774 1694 833 Domini
1709 779 1746 833 sd
1759 794 1812 847 ma,

109 851 181 903 Ecce
195 865 249 922 ego
264 848 327 921 ipse
343 854 493 926 requiram
509 870 577 911 oves
592 868 685 921 mssa,
1060 850 1161 907 disens
1176 867 1183 906 :

144 925 173 975 et
185 921 309 978 visitabo
326 939 386 980 sss.
989 921 1042 979 Fili
1057 921 1200 991 hominis,

111 990 193 1048 Sicut
208 992 306 1049 visitet
319 1000 420 1067 pastor
439 1010 556 1067 gregem
572 1012 672 1062 suum,
696 995 727 1051 in
753 995 800 1051 die
816 995 934 1067 quando
1025 1010 1100 1065 pone
1116 993 1219 1048 taciem
1235 995 1316 1047 tuam
1332 990 1487 1047 adversum
1504 993 1637 1048 moutam
1653 991 1730 1059 Scir,

182 1064 269 1119 luerit
283 1064 313 1119 io
331 1067 427 1122 medio
443 1066 539 1122 ovium
565 1083 686 1124 suarum
702 1066 910 1142 dissipatarum
926 1084 933 1122 ε
1024 1072 1053 1121 et
1068 1062 1256 1136 prophetabis
1272 1063 1307 1119 ds
1322 1077 1366 1129 eo,
1382 1066 1411 1118 et
1425 1063 1505 1119 dices
1519 1061 1564 1119 illi
1580 1079 1587 1118 :

146 1135 188 1190 sic
203 1136 327 1192 visitabo
335 1154 402 1194 oves
415 1154 495 1194 meas
505 1143 534 1194 et
544 1136 674 1195 liberabo
689 1155 739 1196 eas
750 1139 785 1195 de
796 1139 935 1195 omnibus
990 1138 1054 1192 llere
1070 1137 1141 1191 dicit
1155 1134 1296 1191 Dominus
1311 1132 1389 1189 Deus
1405 1149 1413 1188 ι

147 1205 219 1263 locis
235 1207 263 1261 iu
287 1208 396 1280 quibus
422 1210 562 1282 dispersa
587 1211 706 1266 lucrant
729 1212 759 1266 in
784 1211 831 1267 dis
846 1210 935 1267 nubis
989 1212 1060 1264 Ecce
1075 1222 1128 1279 ego
1144 1208 1179 1262 ad
1195 1211 1235 1271 ts,
1251 1222 1337 1261 mons
1352 1205 1416 1261 Scir

178 1283 207 1334 st
224 1277 368 1352 caliginis.
1024 1285 1053 1336 et
1067 1279 1223 1335 extendam
1240 1292 1361 1334 manum
1376 1292 1473 1333 meam
1489 1291 1580 1348 super
1595 1278 1638 1342 ts,

109 1348 144 1404 Dt
158 1351 281 1405 educam
306 1367 356 1408 aas
371 1353 406 1408 de
430 1350 558 1424 populls,
584 1356 614 1410 et
637 1353 820 1426 congregabo
834 1368 884 1410 sas
898 1354 934 1410 ds
1024 1355 1053 1408 st
1067 1351 1142 1406 dabo
1158 1354 1186 1406 to
1201 1350 1366 1405 desolatum
1383 1354 1471 1420 atque
1485 1347 1641 1405 desertum

180 1421 279 1485 terris,
989 1422 1081 1479 Urbes
1096 1427 1162 1478 tuas
1177 1419 1330 1488 demoliar,

145 1496 174 1548 et
186 1493 325 1548 inducero
341 1509 391 1550 eas
407 1493 437 1549 in
453 1498 560 1550 terram
575 1510 660 1551 suam
677 1511 684 1550 :
1025 1499 1054 1551 et
1069 1499 1100 1549 tu
1115 1494 1248 1550 desertus
1262 1491 1321 1549 eris
1337 1506 1344 1544 ε

109 1565 144 1618 st
159 1579 277 1634 pascam
293 1580 342 1621 aas
359 1565 389 1621 in
406 1567 559 1623 montibus
574 1566 674 1636 lsrael,
1025 1565 1101 1622 scies
1116 1564 1185 1635 quia
1195 1579 1248 1636 ego
1262 1561 1417 1630 Dominus,

142 1633 172 1689 in
189 1636 271 1702 rivis,
289 1642 318 1692 st
331 1635 362 1692 iu
378 1639 493 1693 cunetis
509 1637 627 1694 sedibus
642 1642 736 1694 terro.
948 1658 973 1726 B
990 1637 1028 1693 llo
1044 1636 1122 1709 quod
1137 1635 1227 1692 tueris
1242 1633 1381 1690 inimicus
1395 1631 1599 1715 sempiternus

109 1708 139 1760 In
158 1707 275 1776 pascuis
291 1708 448 1764 uberrimis
465 1726 584 1781 pascam
600 1726 661 1778 eas,
1023 1714 1050 1766 et
1064 1706 1243 1764 concluseris
1258 1705 1333 1761 illius
1349 1702 1438 1760 lsrael
1449 1720 1480 1760 ιιι
1490 1718 1580 1758 manu
1592 1700 1689 1776 gladrr
1701 1720 1732 1759 ru
1746 1707 1808 1759 tem·

143 1781 206 1833 etin
218 1779 366 1836 montibus
377 1778 500 1837 excelsis
511 1779 600 1839 lsrael
615 1784 932 1854 eruntpssouaserum
1058 1795 1127 1850 pore
1142 1777 1310 1834 altliotionis
1325 1791 1437 1832 eorum.

108 1846 152 1903 lbi
168 1850 352 1921 requiescent
368 1851 396 1907 in
413 1850 513 1908 herbis
528 1852 701 1922 virentibus,
1022 1850 1052 1905 ia
1067 1854 1199 1922 tempora
1214 1847 1380 1920 iniquitatis
1393 1850 1541 1903 extreme.

143 1927 172 1975 at
189 1921 219 1975 in
236 1923 353 1993 pascuis
366 1924 527 1997 pinguibus
542 1939 700 1996 pascemur
714 1939 804 1996 super
818 1928 933 1983 montes
987 1924 1144 1993 Propterea
1156 1921 1219 1977 vivo
1234 1935 1299 1993 ago,
1314 1918 1385 1975 dicit
1398 1917 1543 1975 Dominus
1557 1920 1639 1972 Deus
1656 1932 1674 1999 t·

178 1992 277 2050 lsrael.
1024 1993 1161 2066 quonium
1177 1989 1314 2064 sanguini
1326 1988 1442 2047 tradam
1457 1992 1496 2056 te,
1512 1992 1543 2044 et
1563 2003 1693 2061 actiguis
1708 1991 1737 2045 te
1750 2004 1803 2060 per·

106 2064 165 2133 Ego
182 2080 302 2136 pascam
318 2079 384 2119 ovss
401 2080 491 2134 meas,
1057 2070 1221 2137 sequatur:

142 2138 171 2189 et
185 2151 238 2206 ego
249 2151 298 2190 eas
316 2135 460 2191 accubare
472 2136 588 2206 tactam,
602 2135 674 2191 dicit
682 2135 826 2193 Dominus
842 2136 931 2195 Dens.
1022 2141 1052 2192 et
1075 2152 1142 2192 cum
1167 2132 1341 2207 sanguinem
1370 2131 1479 2203 oderis,
1504 2129 1631 2202 sanguis
1655 2145 1804 2202 perseque-

106 2205 188 2268 Quod
205 2206 340 2276 perierat,
356 2208 518 2278 requiram,
1057 2212 1107 2263 tur
1121 2212 1160 2262 te.

142 2283 172 2332 et
187 2278 263 2348 quod
280 2277 428 2347 objectum
444 2283 516 2347 erat,
534 2278 685 2347 reducam,
988 2278 1022 2334 Et
1036 2279 1113 2335 dabo
1129 2281 1255 2334 montom
1270 2275 1334 2333 sair
1349 2273 1513 2330 desolatum
1530 2276 1621 2344 atque
1637 2272 1798 2329 desertum:

142 2352 171 2402 et
186 2348 262 2418 quod
280 2348 463 2404 contractam
480 2350 587 2416 luerat,
603 2348 742 2474 alligabo,
1023 2355 1052 2406 et
1067 2350 1198 2406 aulerom
1214 2349 1250 2403 de
1264 2363 1298 2403 so
1313 2351 1431 2403 euntem
1441 2348 1476 2428 ⁸et
1489 2345 1676 2401 redeuntem.

142 2424 171 2474 st
188 2420 264 2490 quod
280 2418 432 2474 infirmum
449 2421 558 2489 lucrat,
572 2436 660 2476 conso
675 2419 771 2490 idabo,
988 2424 1020 2477 Et
1035 2421 1164 2493 implebo
1179 2423 1293 2476 montes
1306 2419 1371 2491 ejus
1386 2432 1552 2474 occisorum
1567 2431 1695 2472 suorum
1711 2432 1719 2472 :

143 2495 173 2546 et
187 2491 265 2562 quod
281 2491 389 2616 pingue
402 2495 432 2547 et
446 2491 530 2560 locta,
547 2491 713 2548 custodiam
729 2507 737 2547 ι
1025 2494 1053 2549 in
1070 2492 1196 2549 collibus
1210 2491 1281 2560 tuis,
1296 2493 1325 2545 et
1340 2489 1370 2544 ln
1384 2486 1510 2545 vallibus
1522 2487 1594 2554 tuis,
1609 2492 1700 2558 atque
1715 2487 1743 2542 in
1755 2490 1799 2543 tor·

142 2565 172 2617 et
187 2578 305 2633 pascam
322 2563 329 2616 i
347 2562 389 2618 las
400 2562 430 2618 in
445 2562 567 2634 judicio.
1058 2563 1190 2620 rentibus
1206 2560 1353 2618 interlecti
1369 2559 1467 2631 gladio
1483 2559 1600 2616 cadent.
1733 2628 1738 2639 Ι

107 2631 165 2689 Vos
180 2639 288 2701 autem,
325 2648 408 2705 reges
423 2635 493 2701 mei,
510 2634 571 2689 hrec
590 2633 660 2690 dicit
674 2633 819 2690 Dominus
833 2639 931 2692 Deus.
1022 2637 1051 2690 in
1065 2634 1241 2692 solitudines
1257 2633 1451 2704 sempiternas
1466 2630 1581 2687 tradam
1597 2632 1672 2698 te,et
1687 2628 1796 2685 civitates

108 2704 180 2761 Doce
193 2720 247 2775 ego
259 2649 362 2775 jmfico
378 2704 456 2762 inter
480 2722 571 2778 pecus
593 2710 623 2762 st
647 2721 746 2779 pecus,
762 2706 888 2762 arietum
904 2712 932 2763 st
1057 2711 1115 2763 tute
1130 2722 1188 2762 non
1203 2703 1447 2760 habitabuntur:

178 2774 339 2845 hircorum,
1022 2781 1051 2833 et
1066 2779 1165 2834 scistis
1175 2777 1245 2848 quia
1255 2791 1309 2848 ego
1325 2772 1552 2832 DominusDeus
1564 2771 1620 2839 (tt.
1631 2775 1704 2829 tocet
1719 2770 1793 2828 Deust

108 2847 210 2930 Nonne
226 2847 299 2903 setis
313 2847 397 2930 vohis
416 2851 479 2931 erat
504 2863 645 2921 pascuam
668 2847 775 2904 honam
789 2847 932 2921 depascit
987 2848 1026 2904 Do
1042 2851 1119 2922 quod
1137 2848 1245 2905 dixeris
1262 2864 1269 2903 :
1284 2846 1353 2904 Dus
1372 2850 1486 2931 gentes,
1510 2847 1540 2900 ot
1554 2843 1621 2899 dua
1644 2847 1728 2899 terra
1741 2855 1793 2897 meu

142 2922 308 3046 amfleat
320 2919 669 3061 pgall'iffiltlrffsvels'tarfiguzmm
684 2924 848 2977 vestrarum
863 2937 932 2977 oon·
1025 2925 1236 3048 etohgrrlttehitate
1248 2987 1405 3072 possidebo
1420 3004 1470 3045 ess
1485 3001 1493 3044 τ

112 3063 146 3115 st
162 3076 229 3116 cum
245 3061 435 3130 purissimam
452 3078 559 3133 squam
571 3061 721 3129 biberetis,
950 3026 972 3094 c
1026 3078 1094 3119 cum
1110 3063 1252 3119 Dominus
1268 3066 1345 3118 asset
1361 3060 1410 3116 rbi.

142 3131 292 3203 reliquam
308 3133 431 3202 pedibus
446 3133 551 3189 vestris
566 3133 742 3190 turbabatis.
988 3133 1141 3207 Propterea
1156 3135 1221 3191 vivo
1236 3149 1301 3205 ego,
1316 3132 1389 3188 dicit
1404 3129 1546 3187 Dominus
1561 3127 1654 3195 Dens,

110 3203 145 3256 Et
157 3218 224 3259 oves
244 3219 315 3258 mea
330 3202 388 3271 hie,
427 3221 470 3260 us.
496 3205 669 3262 conculcata
689 3203 815 3278 pedibus
829 3205 934 3262 restris
1024 3206 1094 3279 quia
1106 3205 1390 3275 leciamjurtairam
1404 3207 1486 3259 tuam
1497 3199 1703 3257 sesecundum
1716 3195 1790 3254 zelum

181 3274 306 3345 luerent,
324 3221 543 3347 paeee‘hrutur:
1062 3282 1158 3346 tuum,
1175 3293 1263 3349 quern
1280 3275 1374 3333 lactati
1390 3274 1455 3330 odio
1470 3271 1584 3328 habens
1600 3287 1650 3354 eos
1662 3290 1677 3352 ς.

143 3346 171 3399 et
187 3360 249 3416 quaa
266 3346 355 3417 pcdcs
370 3346 460 3403 vestri
484 3347 682 3416 turbaverant,
698 3345 760 3403 haec
786 3346 933 3405 bibebant.
1023 3353 1053 3404 et
1068 3354 1157 3406 notus
1172 3348 1283 3405 alliciar
1297 3363 1349 3420 per
1363 3362 1424 3416 eos,
1446 3360 1514 3400 cum
1542 3343 1598 3414 (At.
1624 3341 1678 3397 trbr
1692 3340 1792 3407 cumllt

111 3413 264 3486 Propterea
281 3415 342 3472 hec
357 3418 428 3474 dicit
442 3418 583 3474 Dominus
598 3416 677 3472 Deus
692 3419 727 3473 ad
739 3434 789 3474 eos
805 3435 812 3474 :
1055 3420 1236 3491 judicavero.
1765 3479 1769 3490 ,
1784 3477 1789 3488 ,

110 3484 183 3542 Ecce
198 3503 250 3557 ago
265 3487 327 3557 ipse
339 3487 439 3559 judico
455 3489 531 3544 inter
547 3504 636 3562 pecus
661 3488 780 3561 pingue,
796 3492 825 3545 ot
840 3491 931 3546 maci·
987 3490 1021 3546 tlt
1032 3492 1107 3548 scies
1118 3491 1248 3565 quiaego
1261 3488 1403 3544 Dominus
1414 3486 1539 3558 (Alsum
1551 3481 1789 3555 Dominusluudru

181 3556 294 3614 lantum
433 3629 438 3641 ι
671 3632 678 3647 .
712 3630 718 3644 ι
775 3630 781 3643 Ι
896 3633 902 3645 Ι
1059 3565 1192 3647 universa
1208 3560 1442 3644 opprobriatae,
1459 3573 1523 3629 quae
1540 3556 1662 3612 locutus
1677 3554 1748 3611 sede

140 3629 932 3762 {tucoeronffitlrzdvlgglhhssueegtillhffilgffiohrrnuqhnffiffis
1022 3630 1668 3790 Dessopssqtssgffiglzffq'gdffingsd'dgvomdm

141 3788 492 3916 uoffisss'pergerentnr
507 3845 605 3903 lorea:
984 3774 1191 3922 §ttrlsgrrorgggtilg
1204 3788 1424 3906 :ldefflgromee
1432 3776 1641 3899 ζῖιθιῗὲἰοεῑια
1657 3855 1665 3896 :

106 3913 229 3972 Salvebo
239 3931 354 3987 gregem
366 3921 508 3982 meumst
518 3932 575 3973 oon
588 3916 644 3973 erit
655 3917 769 3975 ultreia
784 3917 929 3989 rapinam,
1022 3936 1077 3992 ego
1090 3920 1200 3985 audivi,

141 3992 169 4042 et
179 3987 319 4058 judicabo
335 3987 412 4043 inter
426 4004 519 4059 pecus
534 3992 564 4044 et
578 4005 679 4061 pecus.
984 3988 1050 4047 Ilaec
1064 3991 1135 4048 dicit
1150 3989 1291 4047 Dominus
1306 3987 1384 4044 Deus
1400 4003 1407 4044 :
1710 4051 1716 4064 ¹

107 4056 143 4113 ht
156 4058 296 4114 susitabo
311 4074 401 4130 super
414 4075 448 4114 ea
471 4066 617 4131 pastorem
639 4076 741 4129 uuum,
758 4060 808 4133 qul
830 4064 932 4131 pascat
984 4059 1109 4119 Lelanto
1125 4062 1261 4119 anniversa
1276 4060 1397 4126 terra,in
1412 4054 1601 4113 solitudinem
1619 4057 1647 4109 te
1658 4052 1779 4121 redigam.

176 4145 220 4198 sn,
236 4146 353 4186 servum
369 4146 466 4186 meum
486 4130 598 4188 David:
1020 4133 1109 4190 Sicuti
1131 4134 1249 4207 gavisus
1268 4148 1299 4187 es
1319 4127 1616 4202 superbeneditutem
1646 4125 1744 4181 domus
1759 4121 1787 4175 ls·

141 4199 203 4269 ipse
219 4206 317 4272 pascet
334 4217 379 4269 ea,
395 4204 424 4256 et
439 4200 500 4271 ipse
516 4202 571 4258 erit
586 4202 666 4259 eisin
678 4206 835 4275 pastorem.
1054 4205 1126 4273 rael,
1140 4222 1174 4263 eo
1188 4204 1266 4277 quod
1284 4202 1373 4258 luerit
1386 4200 1542 4271 dissipata,

108 4268 166 4341 ligo
183 4277 283 4328 eutem
299 4271 443 4327 Dominus
457 4288 507 4328 ero
522 4274 564 4330 eis
580 4272 609 4330 in
626 4274 717 4330 Deum
734 4291 742 4329 t
759 4279 788 4330 et
801 4290 905 4332 servus
1019 4276 1061 4332 sio
1077 4277 1179 4333 taciem
1196 4276 1250 4331 tibi
1267 4290 1274 4328 ε
1658 4336 1665 4348 ,

178 4358 263 4398 meus
278 4342 366 4426 David
384 4344 519 4415 princeps
535 4345 564 4400 in
582 4345 678 4402 medio
693 4361 792 4401 sorum
810 4361 817 4403 :
986 4348 1154 4419 Dissipatus
1166 4347 1235 4429 eris,
1252 4360 1338 4401 mons
1352 4343 1424 4425 Scir,
1439 4342 1569 4397 idumea
1583 4353 1682 4395 omnis
1697 4351 1705 4391 t

111 4413 580 4557 Elegaociggrmpgc'tsufficghglsscuunm
592 4487 645 4556 eis,
946 4405 1476 4562 D(Cgptr.sl⁰l¹lel¹l¹ltllq?)m'l'{rgzr?tgffll,n[llll.
1499 4479 1642 4548 hominis,
1668 4474 1791 4551 propheti

142 4556 171 4606 at
185 4569 300 4636 cessare
313 4557 418 4637 luciam
434 4558 543 4614 hostias
560 4559 703 4631 pessimas
716 4558 752 4614 de
767 4562 846 4615 terra
863 4576 870 4616 :
1054 4578 1143 4634 super
1155 4564 1269 4617 montes
1286 4557 1386 4623 lsrael,
1402 4560 1431 4613 et
1445 4556 1525 4610 dices
1541 4570 1547 4608 :
1600 4622 1606 4636 .
1632 4622 1639 4634 .

143 4627 172 4678 et
186 4625 386 4708 qurhabrtant
402 4626 455 4697 (At.
476 4628 661 4694 habitabant)
686 4630 714 4686 in
739 4632 866 4699 desorto,
883 4648 929 4688 se·
1018 4635 1129 4689 hiantes
1144 4630 1231 4689 lsrael
1249 4647 1255 4685 :
1273 4629 1370 4685 audite
1385 4626 1506 4684 verbum
1520 4627 1640 4681 Domum
1657 4637 1665 4677 :

180 4709 242 4749 curr
257 4697 404 4752 dormient
420 4697 448 4751 in
465 4699 602 4756 saltibus.
983 4709 1049 4760 Haec
1064 4705 1135 4761 dicit
1148 4701 1294 4760 Dominus
1308 4700 1386 4758 Deus
1403 4716 1410 4757 :

108 4768 141 4820 et
156 4781 261 4837 ponant
278 4767 365 4822 sosiu
378 4767 500 4826 circuitu
517 4771 601 4828 collis
613 4772 669 4828 mei
685 4771 928 4831 benedictionem:
984 4776 1023 4832 Eo
1036 4779 1112 4846 quod
1129 4776 1236 4831 dixerit
1250 4772 1388 4829 inimicus
1403 4771 1439 4826 da
1453 4767 1536 4824 vobis
1552 4781 1561 4822 t

139 4842 168 4892 et
182 4836 324 4892 deducam
341 4837 468 4897 imbrem
484 4840 513 4896 in
530 4848 661 4915 tempore
676 4858 729 4898 suo
746 4859 753 4898 :
1019 4845 1280 4917 Duge‚altitudinos
1295 4843 1479 4915 sempiternae
1495 4838 1525 4894 ia
1539 4835 1737 4893 hereditatem
1748 4827 1791 4900 (tt

141 4906 244 4980 pluvie
261 4908 470 4968 benedictionis
485 4920 581 4970 arunt.
1056 4918 1284 4990 possessionem)
1299 4914 1376 4970 datae
1391 4919 1462 4970 sunt
1478 4909 1575 4967 nohis.

107 4983 141 5036 ltt
153 4980 234 5036 dabit
247 4979 360 5051 lignum
373 4981 436 5053 agri
447 4983 765 5051 sructumsuum,terra
775 4985 929 5060 dabitger-
982 4990 1138 5064 Propterea
1155 4988 1323 5049 vaticinare.
1339 4990 1369 5041 et
1383 4985 1430 5041 dio
1445 5000 1454 5041 t

178 5066 360 5109 mensuum.
982 5057 1406 5118 HaecdicitDomlnusDeus:
1664 5117 1672 5131 ‚
1765 5111 1770 5124 ,

141 5126 170 5179 st
184 5128 270 5180 oront
285 5122 314 5178 in
331 5127 408 5177 terra
421 5138 475 5177 sua
490 5124 602 5195 absque
618 5127 721 5183 timore
737 5142 744 5184 :
981 5137 1036 5189 Pro
1051 5151 1084 5190 eo
1100 5133 1177 5206 quod
1193 5130 1316 5189 desolati
1342 5126 1425 5196 estis,
1451 5128 1481 5181 at
1506 5118 1673 5181 conculcati
1688 5133 1737 5191 per
1748 5128 1795 5170 crr-

141 5200 171 5251 et
185 5195 279 5252 soient
294 5194 364 5267 quia
378 5208 431 5266 ego
448 5193 598 5256 Dominus.
1053 5205 1177 5274 curtum,

142 5282 210 5324 oum
225 5266 387 5324 contrivero
401 5269 520 5321 eatenus
531 5266 598 5338 jugi
613 5282 726 5323 aarum.
1017 5278 1046 5330 et
1060 5276 1130 5332 lacti
1145 5276 1174 5331 in
1190 5271 1388 5330 hereditatem
1405 5265 1524 5338 reliquis
1536 5261 1688 5337 gentibus,

141 5344 171 5395 et
184 5355 287 5397 eruero
301 5354 351 5396 ecs
365 5336 402 5393 do
417 5351 506 5393 manu
521 5335 731 5410 imperantium
745 5338 812 5397 sihi.
1018 5351 1046 5401 at
1061 5343 1237 5403 ascendistis
1252 5357 1341 5415 super
1360 5340 1472 5397 labium
1500 5337 1619 5409 lingue,
1647 5336 1679 5390 st
1700 5341 1798 5402 oppro-

107 5409 141 5464 ttt
156 5427 214 5468 non
230 5415 316 5469 erunt
330 5406 407 5466 ultre
421 5406 450 5462 in
467 5407 601 5480 rapinam
614 5409 765 5482 gentibus,
1054 5419 1152 5474 briam

141 5498 237 5554 nequa
250 5483 351 5540 bestia
366 5478 547 5536 devorabunt
560 5496 612 5537 eoa
628 5497 635 5537 :
1053 5489 1152 5561 populi
1166 5487 1221 5561 (At.
1237 5482 1365 5557 populis)
1381 5500 1389 5540 ι
1761 5540 1768 5554 ,
1790 5538 1797 5553 ,

142 5553 192 5608 sed
209 5554 385 5611 habitabunt
398 5549 578 5607 confidenter
590 5550 703 5623 absque
728 5550 789 5609 ullo
803 5555 925 5609 terrore.
981 5556 1145 5631 Propterea,
1161 5561 1275 5616 montes
1289 5553 1391 5620 lsrssl,
1417 5550 1518 5611 sudlts
1541 5547 1667 5607 verbum
1691 5545 1798 5602 Donum

106 5621 140 5672 st
154 5625 303 5682 suscitabo
318 5624 361 5681 eie
375 5637 494 5693 germen
512 5623 695 5680 nominatum
1051 5630 1101 5687 noi
1119 5648 1126 5688 :

141 5696 169 5746 et
184 5710 240 5750 aon
257 5705 342 5753 erunt
355 5694 432 5752 ultre
444 5694 593 5752 imminuti
608 5694 684 5754 lame
699 5692 729 5751 iu
744 5697 831 5764 terra,
980 5699 1045 5758 llaec
1059 5701 1130 5760 dicit
1143 5701 1287 5761 Dominus
1297 5703 1374 5757 Deus
1389 5694 1588 5760 montibus,et
1602 5687 1801 5757 collibus,tor-
