3870 6120
103 219 180 274 ιοοι
673 224 778 285 cirion
799 226 1013 285 nzuciiisnis
1033 218 1244 309 rnorniirm'.
1751 230 1822 303 loce
1915 298 1919 305 .

102 350 137 400 et
163 341 254 424 socies
268 341 322 398 tibi
338 359 430 416 penes
456 362 578 405 numero
594 347 708 406 diorum
732 351 841 424 quibus
867 353 936 409 dor·
952 354 980 421 Α
995 352 1029 408 lilt
1044 352 1149 409 facium
1174 354 1204 411 in
1220 360 1248 411 te
1269 358 1347 438 quod
1368 375 1426 415 non
1444 339 1508 432 ieci,
1524 344 1553 418 ct
1576 346 1687 436 quibus
1711 367 1821 426 similia

183 430 257 470 inies
273 430 362 487 super
377 414 456 472 letus
472 421 578 476 tuum:
1066 423 1145 482 ultra
1160 443 1218 483 non
1235 427 1354 496 seciam,

150 486 291 542 trecentis
305 492 333 543 et
347 488 510 559 noneginia
525 490 629 548 diebus
644 493 777 551 comedes
792 493 877 566 illud,
1030 504 1149 568 propter
1160 513 1263 554 omnes
1279 500 1515 560 abominationes
1531 509 1606 563 tues.

108 557 204 639 Cibus
218 562 317 640 autem
332 563 402 615 tuus
417 575 474 632 quo
490 563 627 634 vesceris,
643 566 699 621 erit
713 563 742 621 in
754 568 882 639 pondere
897 567 940 624 vi·
995 566 1062 623 ideo
1078 572 1177 639 patres
1191 572 1346 629 comedent
1360 571 1475 632 filiosiii
1488 578 1584 634 medio
1600 578 1654 649 tui,
1666 581 1818 640 ettiliico·

168 632 242 702 ginti
258 633 382 686 stateres
396 629 428 686 in
444 632 511 689 die:
1066 639 1183 696 medent
1196 647 1294 723 patres
1309 660 1391 713 suos,

151 718 168 756 a
184 707 317 772 tempore
332 718 426 774 usque
441 704 476 760 ad
494 709 612 779 tempus
627 709 763 765 comedes
783 708 867 765 illud.
1030 714 1058 764 et
1073 711 1179 766 faciam
1194 729 1224 768 in
1240 719 1268 769 te
1279 715 1399 797 judicia,

109 774 148 828 Et
162 787 267 844 nquam
284 772 314 828 in
331 789 471 830 mensura
486 776 581 845 bibes,
596 783 709 835 sextam
732 786 849 906 pectem
865 781 939 838 hin:
1029 787 1058 837 et
1072 782 1219 840 ventilabo
1237 801 1387 844 universas
1411 787 1550 861 reliquias
1563 795 1630 849 tuas
1649 792 1680 850 in
1700 810 1818 853 omnem

150 861 168 899 a
183 849 316 915 tempore
331 862 426 917 usque
438 847 475 903 ud
492 853 608 920 tempus
623 850 706 906 bibes
721 849 730 905 i
743 851 805 908 lud.
1064 857 1195 909 veritum.

109 921 144 972 Bi
160 917 246 987 quasi
260 916 491 975 subcinericium
503 920 698 977 hordeaceum
710 925 844 979 comedes
854 922 937 980 illud:
994 924 1103 981 ldcireo
1121 925 1183 982 sivo
1197 941 1260 998 ego.

148 994 177 1043 et
192 993 330 1056 stercore,
357 990 436 1060 quod
452 991 602 1063 egreditur
616 993 651 1049 de
671 994 790 1050 homine
806 995 859 1068 (dt.
880 995 937 1051 hu·
1030 997 1101 1051 dicit
1116 996 1259 1054 Dominus
1273 998 1367 1054 Deus:

168 1075 277 1127 mano.»
993 1066 1054 1123 Nisi
1066 1084 1118 1140 pro
1128 1083 1161 1123 eo
1173 1071 1249 1141 quod
1261 1077 1503 1128 sanctummeum
1517 1073 1631 1132 violasti
1642 1077 1818 1136 inomnibus
1898 1104 1905 1109 ·

149 1131 264 1203 operies
280 1129 353 1185 illud
370 1130 400 1187 in
415 1132 508 1190 oculis
523 1150 635 1191 eorum.
1064 1140 1276 1197 offensionibus
1287 1144 1357 1211 tuis,
1368 1149 1398 1198 et
1409 1142 1438 1198 in
1448 1146 1819 1206 omnibusabominationi·

111 1206 151 1259 Et
166 1203 240 1257 dixit
254 1202 416 1259 Dominus:
1065 1211 1122 1266 bus
1137 1211 1214 1267 tuis:

111 1275 161 1330 Sic
185 1273 340 1329 comedent
368 1274 423 1331 tilii
444 1277 533 1333 lsrnel
549 1293 656 1350 penem
680 1295 767 1337 suum
793 1279 938 1353 pollutum
1029 1298 1082 1354 ego
1098 1298 1216 1354 quoque
1228 1283 1410 1356 confringam
1422 1286 1476 1357 (dt.
1493 1287 1555 1344 edd.
1572 1289 1622 1360 te),
1638 1295 1666 1345 et
1681 1307 1815 1364 nonper-

167 1345 245 1401 inter
257 1350 372 1428 gentes,
1064 1358 1109 1408 cet
1123 1355 1227 1410 oculus
1242 1372 1336 1424 meus,
1353 1361 1381 1412 et
1395 1373 1452 1412 nou
1469 1360 1640 1418 miserebor.

148 1417 185 1471 ad
202 1433 277 1488 ques
292 1432 407 1487 ejicient
423 1435 483 1475 eos.
994 1425 1093 1483 Tertia
1106 1427 1148 1481 tui
1165 1443 1232 1498 pars
1248 1433 1329 1498 peste
1345 1429 1495 1498 morietur,

110 1489 148 1544 iit
162 1488 221 1543 dixi
235 1504 242 1542 :
258 1494 282 1542 Α
298 1504 315 1543 a
329 1505 357 1557 a,
372 1489 495 1547 Domine
511 1491 600 1559 Deus,
1029 1501 1057 1553 et
1073 1498 1149 1553 ieme
1163 1504 1354 1554 consumetur
1369 1499 1398 1554 in
1415 1501 1512 1556 medio
1528 1501 1587 1557 tui:

148 1575 216 1615 ecce
231 1559 331 1615 anima
345 1578 409 1617 mea
423 1578 480 1618 non
496 1567 541 1618 est
560 1562 689 1635 pollutn;
993 1569 1029 1625 Dt
1043 1566 1128 1624 tertia
1143 1585 1212 1640 pars
1227 1570 1270 1625 tui
1294 1569 1324 1625 in
1340 1570 1437 1643 gladic
1453 1573 1537 1628 cadet
1552 1574 1582 1628 in
1597 1573 1720 1630 circuitu
1739 1579 1790 1630 tuo
1808 1593 1814 1631 :

149 1638 178 1687 et
194 1631 394 1700 morticinum,
406 1638 435 1689 et
446 1633 605 1690 laceratum
616 1653 633 1691 a
644 1636 746 1693 bestiis
757 1654 815 1694 non
827 1637 938 1694 comedi
1030 1639 1146 1696 tertiem
1160 1656 1228 1696 vero
1243 1646 1356 1714 purtem
1371 1646 1453 1698 tuam
1468 1642 1499 1698 in
1515 1651 1759 1703 omnemventum
1771 1647 1817 1702 di·

188 1702 224 1758 ab
240 1703 364 1759 inferitis
379 1721 443 1760 mes
459 1722 554 1779 usque
568 1723 658 1777 nunc,
954 1725 979 1792 g
1063 1726 1211 1783 spergam,

150 1780 179 1830 st
196 1790 253 1829 non
268 1779 313 1829 est
327 1775 462 1848 ingressa
478 1779 506 1833 in
522 1793 555 1834 οι
571 1795 669 1835 meum
686 1778 783 1837 omnis
798 1796 866 1838 caro
881 1779 937 1838 iiii·
1029 1786 1058 1838 et
1072 1781 1204 1854 gladium
1219 1780 1380 1853 evaginabo
1396 1788 1463 1855 post
1476 1800 1536 1842 ecs.

188 1845 310 1900 munds.
992 1857 1030 1910 lit
1043 1853 1195 1925 complebo
1211 1853 1338 1909 furorem
1354 1870 1473 1921 meum;

112 1918 150 1974 Et
165 1917 239 1972 dixit
253 1918 289 1973 ad
305 1933 369 1974 me:
1029 1929 1058 1980 et
1068 1925 1235 1998 requiscere
1248 1924 1354 1981 faciam
1368 1927 1599 1999 indignationem
1613 1944 1709 1985 ineam
1721 1928 1751 1986 in
1763 1929 1818 1996 sis,

112 1990 188 2045 Ecce
212 1987 280 2044 dedi
295 1990 348 2045 tibi
365 1989 469 2046 limum
494 1991 584 2048 boum
611 2009 663 2065 pro
679 1994 860 2052 stercoribus
884 1994 939 2052 bii·
1064 2000 1093 2052 et
1108 1996 1296 2052 consolabor:

188 2061 306 2116 menis:
994 2068 1208 2138 Etscientquie
1218 2083 1271 2140 ego
1289 2066 1552 2125 Domluuslocutus
1562 2069 1816 2140 suminzelomeo,

151 2138 181 2188 et
196 2132 286 2187 facies
299 2148 403 2204 panem
417 2137 500 2189 tuum
517 2133 546 2191 in
562 2151 606 2192 eo.
1030 2155 1096 2194 cuin
1112 2138 1271 2210 implevero
1286 2137 1520 2210 indignationem
1537 2157 1633 2197 meam
1650 2142 1679 2196 in
1695 2141 1748 2197 eis.
1902 2140 1906 2147 '

113 2205 150 2260 Et
166 2204 239 2259 dixit
254 2205 290 2259 ad
308 2219 371 2260 me:
995 2212 1030 2268 tlt
1044 2211 1119 2266 dabo
1134 2216 1163 2266 te
1179 2210 1366 2265 indesertum
1381 2214 1409 2265 et
1419 2210 1448 2266 in
1462 2212 1652 2283 opprobrium
1666 2213 1816 2286 gentibus,
1930 2224 1933 2229 ·

112 2275 168 2330 eiii
186 2274 333 2331 bominis:
1066 2297 1132 2354 quae
1146 2281 1176 2337 in
1191 2281 1317 2337 circuitu
1332 2286 1384 2336 tuo
1399 2285 1479 2352 aunt,

115 2352 189 2403 Ecce
205 2363 258 2418 ago
274 2351 421 2403 conteram
436 2347 574 2405 baculum
599 2350 684 2423 panis
698 2351 729 2407 iri
753 2351 937 2409 Jerusalem:
1030 2354 1060 2409 in
1076 2357 1234 2425 conspectu
1250 2351 1347 2408 omnis
1363 2355 1576 2424 pretereuntis.

150 2420 498 2489 Eteomedentpanemin
507 2422 938 2492 pondere,etiusollicitudine:
995 2425 1030 2482 Dt
1045 2425 1135 2482 eriso
1158 2423 1319 2496 probrium,
1336 2435 1365 2480 et
1380 2424 1577 2497 blasphemie,

151 2491 188 2545 Et
203 2507 311 2563 equum
326 2489 356 2544 in
373 2506 524 2562 mensura,
539 2497 568 2547 et
582 2493 612 2549 iii
628 2495 765 2566 ungustie
779 2495 897 2553 bibent:
1030 2441 1207 2568 excarpsum,
1222 2499 1251 2551 et
1264 2500 1367 2567 stupor
1376 2495 1407 2552 ln
1420 2497 1558 2568 gentibus
1570 2512 1635 2569 quoe
1646 2496 1676 2553 in
1692 2496 1817 2554 circuitu

116 2563 160 2629 Ut,
173 2561 379 2618 delinientibus
388 2567 496 2634 pancet
507 2580 593 2636 aqua,
605 2570 723 2623 corruat
735 2568 940 2640 unusquisque
1064 2572 1116 2623 tiio
1131 2571 1211 2634 sunt,

189 2634 227 2689 ud
243 2634 358 2689 fratrem
373 2650 479 2690 suum:
968 2691 970 2696 ,
1030 2655 1096 2695 cum
1113 2639 1206 2694 fecero
1216 2636 1245 2690 in
1261 2638 1289 2690 te
1302 2635 1415 2705 judicia
1430 2636 1459 2691 iii
1474 2636 1581 2704 furore,
1597 2641 1627 2695 et
1640 2637 1819 2710 inindigou·

148 2709 177 2761 et
193 2704 404 2761 contabescant
418 2705 447 2761 in
463 2704 671 2778 iniquitatibus
687 2708 760 2765 suis.
1065 2711 1157 2776 tione,
1173 2713 1203 2763 et
1217 2708 1247 2761 in
1263 2706 1514 2777 increpationibus
1529 2706 1590 2763 irs.

113 2777 191 2850 (Cup.
216 2776 263 2847 V.)
280 2777 314 2831 Et
328 2780 372 2842 tu,
397 2775 437 2831 sili
453 2777 594 2848 hominis,
625 2796 710 2837 sume
730 2781 784 2837 tibi
807 2780 938 2854 gladium
993 2781 1053 2854 Dgo
1067 2781 1211 2837 Dominus
1224 2777 1339 2833 locutus
1355 2794 1422 2833 auin
1436 2795 1455 2859 ιΙ

189 2852 321 2917 scutum,
338 2848 489 2905 rudentem
506 2849 599 2921 pilos:
993 2852 1114 2920 Quando
1130 2851 1237 2906 misero
1248 2848 1371 2919 sagittas
1385 2849 1473 2905 lamis
1485 2849 1492 2883 ¹
1502 2850 1647 2920 pessimos
1659 2850 1689 2905 in
1701 2865 1752 2907 eos
1761 2847 1819 2923 (dt.

114 2925 143 2977 et
158 2936 295 2976 assumes
310 2935 389 2989 eum,
405 2925 434 2976 et
448 2921 539 2977 duces
560 2938 612 2993 per
626 2927 715 2995 ceput
733 2928 828 2995 tuum,
844 2928 873 2980 et
887 2940 940 2996 per
1063 2928 1117 2979 tec.
1135 2923 1165 2978 in
1180 2921 1251 2991 coel,
1290 2990 1296 3002 .

186 2992 310 3047 barbam
326 2994 419 3046 tuam.
1029 3011 1094 3068 quse
1110 2997 1198 3051 erunt
1212 2990 1379 3057 mortiferae,

116 3064 148 3121 Et
164 3078 301 3119 assumes
316 3062 368 3117 tibi
384 3067 523 3120 steteram
539 3064 687 3138 ponderis,
952 3090 975 3158 C
1029 3071 1059 3123 et
1072 3082 1147 3138 quus
1162 3065 1277 3120 mittam
1293 3067 1327 3118 ut
1341 3062 1509 3133 disperdam
1524 3077 1594 3119 vos:

150 3140 180 3190 et
195 3134 308 3190 divides
324 3150 383 3191 eos.
948 3176 953 3191 .
993 3139 1265 3203 thamemcongre
1286 3133 1525 3216 ebosupervcs,

118 3207 247 3262 Tertium
264 3209 376 3278 portem
392 3204 452 3277 igni
472 3206 627 3263 combures
643 3206 672 3262 in
689 3207 785 3265 medio
799 3206 938 3275 civitatis,
1029 3214 1058 3265 et
1072 3213 1222 3289 contersm
1234 3148 1378 3331 vobisfidt.
1389 3210 1445 3260 tec.
1460 3204 1554 3277 vobis)
1566 3203 1706 3261 baculum
1717 3203 1813 3278 panis.

147 3280 235 3350 juxta
250 3276 474 3348 completionem
489 3278 604 3335 dierum
620 3279 781 3346 obsidionis
796 3280 850 3352 (ii.
867 3295 938 3335 con·
994 3279 1313 3338 Etimmittsminvos
1339 3291 1447 3341 amem,
1517 3345 1524 3360 .
1649 3347 1656 3360 ι

189 3348 344 3420 clusionis)
357 3365 364 3404 ε
1029 3357 1058 3409 et
1072 3350 1181 3407 bestias
1195 3347 1341 3421 pessimas
1355 3362 1450 3419 iisque
1464 3347 1501 3403 ed
1515 3349 1765 3404 internecionem:

120 3421 150 3478 llt
160 3436 318 3478 assumens
327 3419 445 3476 tertiam
457 3420 724 3493 pertem,concides
734 3419 831 3495 gladio
843 3421 939 3479 incir-
994 3424 1029 3480 iit
1043 3421 1209 3495 pestilentis
1223 3424 1252 3476 et
1265 3419 1385 3488 sanguis
1401 3418 1572 3474 transibunt
1584 3435 1636 3491 per
1650 3424 1689 3488 te,

190 3492 272 3548 cuitu
288 3493 369 3561 ejus:
1030 3500 1058 3551 st
1093 3493 1203 3550 tedium
1217 3491 1356 3547 inducam
1372 3506 1461 3562 super
1474 3494 1513 3546 te.

153 3564 273 3621 tertiam
287 3578 356 3618 vero
372 3561 459 3618 eliam
474 3561 627 3635 disperges
642 3562 814 3637 inventum,
994 3511 1435 3627 iiossominuaiocuiuaaum,
1549 3631 1588 3644 Η
1727 3630 1732 3643 Ι

152 3641 182 3692 et
197 3634 328 3707 gladium
345 3633 463 3690 nudubo
478 3640 545 3707 post
559 3650 619 3691 eos.
995 3582 1071 3765 ἱξορ.
1088 3636 1149 3708 Vl.)
1164 3639 1193 3691 st
1203 3635 1297 3690 factus
1307 3636 1353 3689 est
1363 3647 1460 3714 sermo
1472 3632 1590 3688 Domini
1600 3633 1635 3687 ed
1648 3647 1695 3687 me
1705 3633 1817 3687 dicens:

152 3711 189 3763 Et
204 3721 305 3762 sumes
319 3705 388 3761 inde
403 3721 525 3775 pervum
541 3722 718 3762 numerum:
1019 3708 1049 3765 ili
1063 3705 1203 3774 bominis,
1227 3721 1302 3776 pone
1317 3704 1420 3758 faciem
1437 3708 1519 3757 tunm
1534 3702 1570 3758 ad
1587 3708 1704 3759 montes
1715 3702 1817 3770 lsrael,

152 3784 182 3835 et
197 3776 304 3849 ligabis
320 3792 370 3833 eos
385 3776 415 3831 iii
431 3777 602 3833 summitate
617 3777 697 3860 pallii
712 3777 767 3834 tui.
913 3847 920 3859 .
1031 3783 1060 3834 et
1075 3774 1265 3902 prophetabis
1280 3774 1315 3856 ud
1331 3789 1391 3842 eos,
1408 3778 1437 3828 et
1450 3772 1549 3828 dices:
1572 3841 1610 3855 Η
1671 3842 1678 3854 θ

123 3850 152 3906 lit
167 3866 204 3906 ex
218 3847 497 3917 eisrursumtollcs,
511 3852 539 3904 et
572 3847 943 3921 rejicies(dl‚cdit.ecs)in
997 3851 1110 3907 Montes
1139 3845 1226 3914 arnol,
1242 3844 1342 3900 audite
1356 3844 1478 3899 verbum
1495 3842 1612 3926 Domini
1627 3842 1690 3899 Dei.
1738 3910 1745 3924 ·

192 3919 290 3975 medio
318 3918 407 3992 ignia,
423 3924 452 3975 et
480 3865 636 3977 eumeniae
665 3936 714 3977 eos
730 3916 791 3992 igni
808 3920 862 3993 (dt.
889 3924 942 3976 tec.
996 3927 1064 3978 Haec
1087 3918 1158 4047 dgcit
1183 3914 1595 4043 ¹2⁰ffiiq⁹ss¹⁸neu⁹m⁰⁰t¹b⁰⁹'
1624 3919 1653 3970 et
1680 3911 1816 3977 collibus,

190 3990 285 4047 ini·
1033 4002 1356 4048 ruruseiiius:

155 4067 185 4119 et
201 4007 235 4120 egr
245 3990 460 4134 go'egredietur
474 4061 504 4117 in
520 4078 637 4120 omnem
652 4063 773 4118 domum
789 4060 890 4119 lsrael.
997 4008 1137 4134 Docepego
1151 4060 1291 4117 indecem
1306 4072 1396 4129 super
1409 4072 1460 4112 vos
1476 4054 1620 4129 gladium,

125 4133 187 4191 Haeo
201 4133 274 4190 dicit
289 4132 431 4189 Dominus
447 4133 541 4189 Deus:
1034 4138 1064 4192 st
1077 4131 1245 4204 disperdem
1259 4127 1371 4185 excelsa
1386 4130 1502 4198 vestra;

125 4204 184 4262 lats
198 4202 432 4275 seiromasten,
448 4203 478 4260 in
501 4204 598 4262 medio
612 4204 743 4279 gentium
758 4203 844 4278 posui
868 4219 944 4269 eain,
999 4207 1035 4264 ue
1048 4202 1191 4261 demoliar
1204 4216 1271 4257 arsa
1286 4203 1408 4282 vestros,
1636 4276 1643 4283 ι

157 4281 188 4334 et
202 4277 233 4332 in
250 4275 376 4332 circuilu
390 4277 455 4403 ⁶³⁰⁸
466 4279 580 4332 terrea:
1035 4281 1065 4334 et
1078 4273 1301 4355 confringentur
1315 4269 1473 4327 simulacra
1486 4271 1600 4350 vestre:

127 4348 157 4404 lit
172 4346 352 4419 contempsit
363 4347 398 4418 Ju
421 4345 478 4403 icia
492 4362 568 4415 mea,
1036 4344 1172 4419 dejiciam
1184 4343 1352 4400 interfectos
1366 4345 1478 4397 vestros
1493 4343 1560 4396 ante
1574 4337 1776 4421 idolaniiestra.

159 4423 194 4475 ut
209 4417 276 4491 plne
291 4422 371 4474 esset
384 4417 478 4490 impia
492 4432 581 4490 quani
595 4420 699 4490 gentes
1000 4419 1036 4475 lit
1049 4418 1125 4475 dabo
1140 4415 1281 4472 cadavera
1292 4411 1420 4468 filiorum
1433 4409 1522 4467 lsrsel
1537 4411 1717 4468 antefaciem
1726 4422 1820 4465 simu·

158 4493 188 4545 et
203 4492 347 4562 precepto
362 4505 437 4557 mes,
961 4455 986 4521 D
1071 4488 1217 4545 lacrorum
1232 4487 1418 4541 vestrorum:

158 4559 240 4617 ultra
255 4574 344 4632 quam
360 4563 444 4617 terrra
459 4575 523 4631 que
537 4559 568 4614 in
582 4557 707 4615 circuitu
723 4557 788 4630 ejus
807 4561 890 4614 sunt.
1035 4563 1065 4616 et
1078 4559 1246 4629 dispergam
1261 4569 1329 4637 ossa
1343 4556 1440 4637 uestra
1455 4551 1571 4634 circum·
1581 4567 1649 4609 aras
1662 4554 1787 4616 vestras,

124 4631 244 4687 iudicia
257 4630 335 4686 enim
353 4646 417 4687 mea
431 4630 626 4712 projecerunt,
1035 4630 1066 4686 in
1082 4627 1221 4687 omnibus
1236 4624 1471 4682 habitationibus
1485 4626 1600 4679 vestris.

123 4706 239 4832 ldgitrlcliIi
251 4718 313 4828 fleo
328 4771 400 4828 dicit
414 4772 553 4828 Dominus
569 4770 658 4854 Deus..
711 4841 717 4854 ⁹
1037 4775 1067 4855 et
1080 4768 1194 4853 excelsa
1207 4765 1413 4833 demolientur,
1428 4767 1459 4820 et
1471 4762 1716 4847 dissipabuntur:

123 4845 201 4912 Quia
211 4842 376 4916 superestis
384 4847 498 4925 gentes,
509 4857 575 4917 quse
585 4842 615 4899 in
628 4844 752 4899 circuitu
761 4845 858 4897 vestro
867 4843 949 4897 sunt:
1002 4840 1282 4922 cernennentes
1293 4840 1408 4903 vestre,
1424 4838 1454 4891 et
1467 4835 1708 4908 confringentur:

163 4918 194 4972 et
209 4914 240 4971 iii
256 4928 349 4986 precs
369 4916 409 4970 tis
424 4913 498 4970 meis
512 4928 574 4974 ιιοιι
595 4912 781 4982 emunitatis,
796 4916 826 4970 et
836 4910 952 4983 Judioia
1038 4917 1069 4969 et
1083 4909 1242 4970 cesaebunt
1254 4906 1331 4965 idola
1345 4908 1452 4976 vestra,

183 5000 252 5041 Μ
265 5000 324 5040 ⁰⁰¹1
349 4983 460 5053 θθῑθῑῑῡι
1040 4987 1070 5040 et
1083 4976 1404 5039 conterenturdelubre
1417 4978 1524 5046 vestre,

165 5059 197 5112 et
208 5054 294 5125 Juxta
302 5053 417 5126 judicia
427 5054 572 5138 gentium,
588 5070 653 5128 quea
666 5052 698 5113 in
712 5053 835 5112 circuitu
856 5056 952 5111 vestre
1040 5057 1070 5111 et
1084 5052 1260 5110 delebuntur
1274 5063 1362 5120 opere
1374 5050 1482 5130 vestre.

203 5129 287 5193 flunt,
306 5140 364 5182 non
380 5129 452 5183 estis
467 5125 596 5198 operati:
1004 5125 1042 5182 iii
1055 5125 1139 5182 cedet
1152 5120 1323 5205 interfectus
1333 5119 1365 5174 in
1380 5118 1476 5174 medio
1490 5115 1597 5200 uestri:

124 5196 201 5255 Ideo
216 5194 279 5252 bac
292 5195 365 5253 dicit
377 5195 522 5254 Dominus
535 5196 633 5254 Deus:
1043 5199 1073 5253 et
1085 5192 1184 5253 soletis
1199 5204 1339 5274 quoniam
1354 5203 1408 5261 ego
1424 5189 1576 5270 Dominus.
1727 5252 1734 5267 .

124 5268 208 5325 3⁰⁰⁰
222 5281 276 5339 ⁰80
291 5266 328 5323 nd
341 5269 381 5335 ἴθι
1006 5267 1044 5324 Dt
1052 5263 1220 5336 relinquam
1233 5278 1264 5318 in
1278 5260 1361 5319 vobis
1372 5274 1434 5327 eos,
1449 5274 1500 5332 qui
1517 5255 1647 5330 lugerint
1658 5252 1789 5327 gledium
1798 5251 1831 5307 in

164 5337 204 5394 itt
218 5336 283 5409 ipse
296 5352 350 5411 ego
363 5338 471 5397 faciem
481 5337 513 5395 iii
527 5337 625 5396 medio
638 5334 803 5411 tuijudicie
816 5336 847 5394 ln
861 5334 956 5394 oculis
1078 5334 1230 5410 gentibus,
1475 5397 1481 5410 Ι

205 5406 350 5480 Βθῦῐὶῦῐῦ·
1043 5422 1111 5465 cum
1126 5403 1291 5477 dispersero
1306 5415 1359 5458 vos
1370 5398 1402 5457 in
1412 5401 1510 5455 terris.

271 4703 405 4785 receptis
421 4715 494 4758 meis
510 4716 568 4757 non
583 4699 826 4758 ambulaverunt:
1000 4700 1094 4758 Urbes
1108 4699 1228 4755 deserte
1243 4699 1343 4762 erunt,

167 5623 177 5656 ¹
196 5618 319 5677 Addunt
341 5620 397 5679 boc
410 5619 475 5680 luco
490 5618 669 5694 exemplaria
683 5616 810 5677 (lenonie
824 5617 957 5691 verbum,
1011 5617 1160 5692 sequenti,
1175 5613 1225 5672 ubi
1238 5618 1305 5686 post
1314 5609 1401 5685 sumis
1411 5607 1525 5664 cladem
1537 5606 1838 5665 memoranturleettae

123 5692 248 5759 caree,
265 5696 298 5748 ut
310 5690 351 5749 sit
362 5708 488 5751 sensus:
504 5693 622 5762 Quando
635 5693 738 5749 misero
751 5693 853 5763 copitar
862 5690 959 5763 tomis,
1010 5692 1153 5766 pessimae.
1168 5686 1263 5744 Mlier.

125 5762 238 5821 eattae
250 5762 384 5835 puriores
398 5765 430 5821 tu
445 5779 509 5834 eos;
525 5763 604 5836 quod
615 5766 770 5836 sumptum
780 5764 855 5820 este
872 5777 959 5819 versu

299 5876 432 5942 Persei.
452 5877 588 5943 xxviii.
1665 5859 1721 5919 Ὦ
