3870 6120
77 294 117 354 ιιι
785 291 1093 359 unosuuounuu.
1170 253 1178 262 ⁸
1750 291 1793 359 ss
1876 344 1881 357 ,

78 444 153 488 mus
167 424 202 486 in
216 423 279 486 line
294 423 349 486 lib.
367 441 390 486 ιι
403 424 567 505 Apologia
577 427 727 489 aduersus
739 427 911 491 Rufinum:
927 427 955 496 A
971 446 1057 491 mum
1086 431 1205 511 petitur
1231 449 1271 492 ex
1306 425 1431 491 silentio
1467 425 1570 489 sancti
1610 424 1794 508 Hieronymi

79 522 281 583 Psaiterinm
311 542 441 603 quoque,
471 523 556 604 quod
582 530 663 585 certe
699 525 914 587 emendatissi·
968 527 1034 605 qni,
1051 529 1173 590 caeteris
1200 527 1346 590 omnibns
1374 524 1605 605 praetermissis,
1637 542 1693 587 sex
1721 530 1793 587 tan·

79 620 273 702 murmjuxta
286 619 499 702 Septuaginta
520 621 708 705 Interpretes
731 629 838 685 uestro
861 623 911 685 ta·
968 629 1034 686 tum
1064 626 1218 689 librorum
1243 625 1338 705 juxta
1366 623 1575 702 Septuaginta
1606 623 1795 686 emendetis

80 720 155 781 bore
182 719 305 781 dudum
334 719 435 783 Rama
474 722 621 804 suscepit,
660 743 787 784 rursum
816 722 913 804 juxta
967 721 1119 786 simorum
1136 722 1213 804 (jem
1242 721 1325 783 enim
1354 719 1493 801 reliquos
1519 719 1617 782 libros
1644 721 1795 783 amiserat

78 816 278 878 Hebraicum
317 823 450 897 uertens,
471 819 661 901 prefatione
690 821 821 900 munivi,
851 825 911 884 eto.
966 818 1078 882 fraude
1093 819 1272 901 eujusdam)
1286 817 1435 898 :meminit
1456 816 1607 880 adversus
1631 818 1793 899 Rufinum,

78 916 180 978 Plura
209 916 315 978 adhuc
339 915 454 978 videsis
480 916 514 978 in
548 917 764 982 admonitione
804 923 913 981 nostra
967 919 1227 999 etaliquotlocis
1254 917 1478 1000 praeiutionum
1506 916 1538 979 in
1567 934 1657 979 snam
1687 916 1796 982 editio·

77 1017 119 1075 ad
150 1023 327 1096 utrumqne
348 1014 536 1079 psalterium
566 1017 762 1099 Hieronymi.
795 1023 912 1080 Herna·
966 1034 1037 1079 nem
1053 1017 1250 1080 exHebraeo.
1280 1020 1342 1079 Sex
1369 1013 1533 1079 uolumina
1560 1014 1723 1095 speciatim
1752 1014 1793 1077 ab

75 1131 157 1172 unm
173 1118 207 1173 et
220 1114 418 1175 Gallicanum
434 1114 530 1177 hodie
544 1121 775 1197 nuncupatum.
965 1133 1004 1177 eo
1018 1116 1172 1177 recensita
1199 1116 1261 1178 ista
1288 1119 1373 1189 sunt,
1403 1113 1483 1176 liber
1509 1110 1577 1188 lob,
1602 1111 1682 1174 liber
1695 1111 1792 1174 Psat-

117 1210 212 1272 Dedit
225 1211 321 1273 eliam
345 1215 378 1275 S.
407 1213 619 1294 Hieronymus
646 1215 761 1277 Latino
791 1231 911 1277 sermo·

74 1309 107 1370 ni
123 1309 206 1371 alios
219 1310 393 1390 Scriptura
414 1329 512 1373 sacru
536 1311 634 1376 libros
655 1312 749 1393 juxta
775 1317 910 1393 Septua·

73 1407 166 1487 ginta
180 1408 491 1489 interpretationem,
507 1428 587 1491 quos
614 1410 715 1473 obelis
742 1417 774 1473 et
798 1410 910 1474 asteri-

966 1232 1097 1290 morum,
1115 1214 1188 1276 libri
1213 1219 1277 1277 tres
1304 1210 1494 1286 Salomonis,
1516 1208 1702 1286 Proverbia,
1733 1209 1795 1271 Ee·
1896 1222 1900 1231 ·

964 1311 1137 1387 clesiastes,
1160 1312 1298 1374 Cantica
1312 1310 1516 1385 canticorum,
1533 1316 1565 1371 et
1579 1308 1659 1370 liber
1687 1310 1795 1369 Para·

965 1407 1154 1489 lipamenon.
1171 1411 1226 1473 His
1253 1409 1406 1489 exceptis,
1435 1406 1558 1468 nullum
1586 1405 1683 1468 alium
1707 1405 1794 1469 Sori-

74 1506 136 1565 scis
149 1507 308 1568 distinxit.
333 1511 382 1569 An
409 1523 483 1570 reso
510 1508 637 1588 singule
665 1507 830 1571 volumina
857 1511 908 1571 ln·
965 1512 1067 1586 pturae
1083 1526 1181 1571 sacrm
1196 1509 1328 1582 librum,
1356 1513 1392 1569 ut
1418 1506 1527 1578 sciam,
1557 1504 1633 1567 dicit
1654 1505 1688 1566 in
1715 1521 1783 1585 pras

74 1606 247 1667 strumenti
273 1606 387 1668 veteris
415 1606 476 1668 hoc
515 1607 612 1670 modo
651 1608 841 1669 converterit
877 1608 909 1669 in
963 1603 1136 1666 sationibus
1155 1623 1188 1667 se
1214 1624 1286 1667 eum
1315 1604 1426 1666 Latine
1454 1601 1622 1664 tradidisse
1647 1601 1798 1665 amanda‘

76 1703 239 1776 Latinum,
257 1721 312 1767 seu
327 1703 434 1783 potius
462 1705 677 1767 emendaverit
703 1724 742 1767 ex
765 1705 909 1785 origenis
963 1706 1030 1763 tum
1042 1702 1137 1783 juxta
1151 1705 1229 1767 LXX
1244 1722 1315 1766 cum
1331 1701 1431 1765 obelis
1454 1706 1487 1765 et
1513 1701 1682 1763 asteriscis.
1699 1700 1796 1763 Dein·

78 1799 241 1880 Hexaplls‚
271 1801 416 1863 nonnihil
444 1800 629 1880 ambiguum
671 1803 805 1865 videtur.
848 1807 910 1866 Pro
927 1792 950 1858 B
965 1797 1004 1860 de
1031 1799 1114 1862 idem
1145 1801 1310 1863 manifesto
1340 1798 1470 1881 probari
1497 1797 1623 1860 videtur
1647 1816 1687 1860 ex
1713 1815 1796 1878 qua·

77 1911 112 1954 eo
143 1895 286 1957 maxime
313 1895 434 1957 iaciunt
462 1916 533 1976 qum
561 1897 711 1977 leguntur
739 1899 845 1960 multis
877 1900 911 1961 in
966 1903 1038 1960 tuor
1093 1899 1194 1962 solnm
1258 1897 1508 1981 praefatiunculis
1575 1915 1646 1976 quun
1703 1894 1795 1959 nobis

76 1990 155 2052 locis
184 1991 256 2071 ejus
297 1994 520 2073 scriptionum,
562 1996 617 2057 ubi
660 1997 834 2074 generatim
871 1997 911 2059 de
964 2000 1134 2075 supersunt
1161 1997 1193 2058 in
1221 1997 1421 2077 supradictos
1447 1994 1557 2057 libros.
1599 1996 1678 2056 Nem
1716 2010 1794 2055 con·

76 2088 226 2151 omnibus
263 2090 353 2152 libris
393 2092 546 2153 versionis
586 2095 669 2156 LXX
694 2093 727 2155 id
751 2093 911 2157 alflrmare
965 2093 1066 2170 geries
1092 2099 1277 2156 cunctarum
1305 2093 1528 2174 praefationum
1565 2093 1601 2152 Β.
1640 2091 1794 2170 Hierony-

74 2187 608 2271 risusestegregiusipselloctorz
626 2209 700 2253 nam
719 2192 911 2274 lib.11Apo·
965 2189 1020 2266 mi,
1049 2209 1145 2271 quam
1174 2192 1328 2254 habemus
1356 2190 1525 2270 separatim
1561 2188 1595 2250 iu
1633 2186 1795 2250 nonnullis

76 2283 171 2363 logiae
185 2285 499 2349 adsersusltuilnum
518 2288 702 2352 vindicatae
716 2289 909 2369 abejusdem
965 2289 1205 2369 antiquissimis,
1233 2289 1456 2363 monumentis,
1483 2305 1520 2350 ac
1547 2286 1580 2347 in
1598 2304 1731 2366 corpore
1744 2285 1795 2349 Bi·

80 2382 350 2461 nephrehensione
378 2391 410 2446 et
451 2385 595 2464 objectis,
639 2387 770 2452 dicens:
799 2386 912 2469 Egone
964 2384 1101 2447 bliornm
1123 2392 1191 2447 tum
1215 2387 1385 2461 editorum,
1405 2392 1472 2446 tum
1489 2383 1790 2463 manuscriptorum,

79 2486 187 2539 contra
201 2479 415 2562 Septuaginta
429 2482 619 2566 Interpretes
632 2483 761 2566 aliquid
772 2505 841 2547 sum
865 2485 908 2548 tc·
965 2488 1103 2562 quatuor
1129 2485 1297 2547 solumodo
1325 2484 1440 2546 retinet
1467 2482 1617 2562 prologos
1649 2480 1792 2561 duplices

80 2584 180 2654 enters,
197 2598 278 2659 quas
293 2585 366 2641 anm
380 2600 479 2642 arunas
496 2581 667 2663 plurimos,
692 2583 910 2664 diligentissi·
964 2579 998 2641 in
1011 2581 1174 2644 volumina
1189 2600 1289 2659 sacra,
1321 2598 1434 2661 nempe
1447 2581 1480 2642 in
1503 2579 1601 2642 libros
1623 2578 1707 2653 lobi,
1730 2581 1793 2642 Da·

78 2696 124 2734 me
152 2678 345 2751 emendatos,
376 2699 446 2740 enee
474 2679 594 2761 linguae
631 2680 786 2743 siudiosis
822 2683 908 2764 dedi,
965 2680 1056 2758 vidis,
1073 2681 1252 2745 Salomonis
1267 2682 1344 2746 etin
1371 2679 1625 2760 susspensus.
1655 2676 1791 2758 Reliqui,
1897 2697 1900 2701 ·

79 2792 154 2853 quos
169 2775 316 2856 quotidie
331 2778 365 2837 in
392 2785 541 2839 conuentu
581 2782 720 2850 fratrum
757 2781 908 2854 edissero,
963 2776 1034 2857 ipso
1076 2779 1242 2841 advivente
1278 2779 1485 2857 Hieronymo,
1528 2776 1701 2856 perierant,
1736 2780 1793 2837 eut

80 2891 212 2951 quornm
240 2873 390 2936 Psalmos
417 2876 492 2956 iugi
519 2877 722 2939 meditatione
751 2880 911 2942 decanta?
963 2882 1048 2937 certe
1075 2894 1147 2938 eum
1177 2876 1328 2939 latebant.
1358 2879 1579 2945 Quarflauteffl
1611 2891 1630 2934 Β
1654 2870 1792 2934 tibiali!

80 2976 137 3030 eto.
155 2972 245 3032 Idem
263 2971 399 3051 legimus
427 2975 614 3054 praefatione
641 2977 674 3037 in
698 2979 911 3058 Paralipome-
963 2974 1184 3036 omitterentur
1207 2974 1336 3055 reliquae
1365 2972 1548 3052 Hieronymi
1576 2969 1789 3052 praelationes.

83 3068 269 3131 nonlihros,
300 3074 335 3132 111
362 3071 498 3152 epistola
525 3076 575 3148 28,
601 3074 642 3135 ad
669 3075 909 3152 Lucinium‚ita
964 3071 990 3132 si
1018 3091 1088 3152 quae
1119 3072 1251 3134 luissent
1278 3071 1371 3134 editae
1400 3089 1472 3134 oum
1500 3068 1684 3149 hujusmodi
1703 3066 1793 3131 libris

79 3183 205 3244 quoque
234 3169 345 3229 scribit
372 3168 410 3231 de
437 3172 650 3251 Septuaginta
683 3153 1063 3253 interpretibuscversis
1090 3171 1140 3232 vel
1168 3169 1343 3233 Omessdsstss
1365 3168 1460 3249 juxta
1487 3168 1564 3229 LXX
1588 3169 1792 3246 ῙῦῑθῐΡῐθῑθθι
1881 3182 1884 3187 “

80 3263 185 3324 Latine
224 3264 358 3325 redditis
394 3287 402 3327 :
445 3266 659 3348 Septuaginta
701 3268 908 3351 Interpretum
966 3267 1054 3328 nulla
1077 3272 1182 3346 potest
1206 3267 1269 3328 ulia
1297 3265 1452 3344 assignari
1482 3263 1573 3339 ratio,
1602 3280 1698 3343 quem
1721 3280 1794 3342 qnae

83 3359 248 3420 editionem
277 3368 307 3421 et
334 3367 363 3422 te
390 3363 502 3425 tabere
530 3385 591 3426 non
620 3365 741 3447 dubito,
771 3373 801 3428 et
840 3374 912 3429 ante
966 3373 1072 3427 movet
1098 3371 1132 3425 ul
1163 3365 1331 3427 credemus
1345 3370 1483 3444 quatuor
1500 3367 1622 3424 tentum
1644 3362 1676 3422 in
1704 3359 1795 3424 sche-

83 3475 178 3515 cnuos
213 3455 377 3537 plurimos
418 3459 670 3540 diligentissime
719 3463 911 3526 emendatam
966 3465 1048 3527 dulia
1071 3465 1173 3527 sancti
1201 3464 1346 3527 Hectoris
1388 3463 1482 3525 luisse
1524 3467 1675 3543 repertas.
1705 3461 1794 3523 Unus

86 3553 239 3613 studiosis
252 3556 387 3618 tradidi.
403 3559 612 3621 Hmendatum
638 3566 761 3622 tentum
787 3561 839 3623 hio
862 3562 910 3623 di-

22 3723 30 3739 ·
86 3650 358 3716 citeditionemse
375 3656 540 3718 tradidisse
563 3657 703 3719 Latinis:
733 3666 767 3718 et
793 3657 825 3719 iu
844 3660 911 3739 epi·

85 3747 161 3808 stola
192 3751 263 3820 135,
293 3751 335 3813 ad
363 3754 517 3815 Sunniem
549 3760 580 3815 et
612 3754 770 3815 Fretelem
798 3756 911 3819 versio·

84 3863 149 3907 nem
166 3848 330 3928 appellat:
348 3851 431 3920 Κοινὴ
460 3856 562 3913 aretem
592 3852 665 3926 ista,
695 3851 753 3912 hoc
772 3858 820 3913 est
832 3874 912 3915 cam·

84 3945 185 4003 rurrnis
224 3946 335 4018 editio,
374 3948 488 4028 inquit,
529 3949 598 4032 ipsa
632 3954 680 4008 est
707 3968 772 4029 quse
798 3956 828 4009 et
854 3956 911 4016 Se-

966 3581 1030 3643 prae
1068 3563 1189 3626 eunctis
1230 3562 1434 3626 Cassiodorus
1475 3578 1584 3623 omues
1623 3563 1789 3621 memorat.

964 3662 1070 3722 Tertio
1112 3661 1281 3740 scriptores
1322 3666 1455 3732 ueteres,
1493 3675 1573 3738 quos
1619 3674 1718 3737 usque
1758 3654 1792 3717 in

965 3756 1048 3819 hanc
1063 3757 1145 3819 diem
1176 3757 1248 3835 legi,
1278 3774 1341 3819 non
1370 3755 1576 3818 recordentur
1598 3754 1733 3816 aliorum
1757 3753 1793 3815 li·
1917 3798 1920 3803 -

964 3852 1198 3933 brornmjuxts
1214 3855 1292 3916 LXX
1321 3852 1479 3915 editorum
1508 3852 1548 3914 ab
1576 3852 1789 3929 Hieronymo:

963 3954 1029 4015 imo
1069 3960 1197 4015 sanetus
1234 3952 1431 4031 Augustinus
1487 3948 1682 4028 diligentium
1720 3945 1791 4026 ejus

83 4042 262 4122 ttreagiuta.
292 4044 355 4105 Sed
382 4045 440 4106 hoc
468 4047 597 4107 interest
624 4046 706 4107 inter
734 4052 908 4129 utramque,
963 4050 1137 4112 admiratus
1175 4050 1209 4111 in
1244 4049 1380 4112 editione
1417 4048 1489 4109 libri
1524 4046 1584 4110 tob
1616 4045 1789 4107 seeundum

79 4140 163 4219 puroet
192 4141 273 4208 κοινὴ
294 4149 358 4223 pro
398 4142 477 4204 iacis
514 4149 543 4203 et
571 4142 769 4225 temporibus,
797 4151 827 4204 et
845 4153 909 4228 pra
962 4149 1088 4210 eosdem
1104 4149 1181 4210 LXX
1206 4146 1385 4227 (ignorabat
1410 4144 1606 4224 Augustinus
1633 4141 1790 4223 Hierony·

82 4239 241 4301 uoluntate
266 4241 467 4321 scriptorum,
497 4246 583 4302 uetus
624 4247 770 4324 corrupta
811 4243 909 4305 editio
965 4265 1050 4308 mum
1066 4245 1126 4307 hoc
1151 4245 1218 4324 jam
1240 4244 1335 4306 fuisse
1358 4244 1468 4305 labore
1490 4239 1712 4322 perfunctum),
1735 4240 1791 4303 ad·
1902 4294 1907 4311 ,

79 4344 133 4397 est.
151 4338 202 4400 Ea
218 4344 322 4398 autem
337 4358 403 4417 qun
418 4337 550 4400 habetur
564 4337 763 4418 iu‘uteulote,
777 4345 909 4420 utquam
963 4343 1109 4404 hortetur
1123 4341 1211 4402 illum
1236 4346 1271 4402 ut
1300 4341 1423 4402 arecas
1452 4339 1619 4403 canonicus
1647 4337 1790 4417 Scriptu-

78 4436 311 4509 noscerimus,
330 4436 398 4516 ipsa
412 4442 535 4516 estque
546 4437 579 4498 in
602 4437 798 4498 eruditarum
813 4437 908 4499 libris
963 4459 1026 4516 ras,
1043 4457 1113 4519 quae
1129 4438 1338 4519 Septuaginta
1365 4441 1577 4518 Interprelum
1601 4434 1791 4497 auctoritate

79 4531 260 4615 incorrupta
284 4539 315 4593 et
342 4534 543 4594 immaculata
569 4535 779 4617 Septuaginta
802 4535 906 4597 Inter·
922 4512 946 4577 D
961 4535 1178 4617 perhibentur,
1213 4534 1438 4614 interpretetur
1461 4533 1609 4596 Ecclesia
1636 4531 1788 4594 Latina:

77 4636 197 4689 eretum
239 4629 409 4691 translatio
452 4638 640 4694 reservatur.
683 4634 743 4695 Sed
801 4651 907 4696 rursus
960 4634 1105 4709 Perhac,
1123 4635 1237 4715 inquil,
1260 4633 1436 4716 plurimum
1458 4632 1635 4716 profueris,
1664 4631 1789 4692 sicam

78 4725 130 4785 lib.
162 4745 196 4788 ιιι
218 4728 386 4808 apologiae
416 4730 568 4792 adversus
601 4731 753 4794 Rufinum
779 4730 907 4793 nomine
964 4731 1107 4795 Graecam
1135 4731 1345 4813 Scripturam,
1375 4751 1466 4810 quam
1494 4728 1704 4811 Septuaginta
1719 4735 1788 4810 ape·

78 4824 309 4887 emendationis
324 4826 473 4888 auditur:
500 4827 587 4889 Mite·
612 4849 674 4890 non
702 4826 907 4899 tiresiatus
959 4833 1122 4906 ratisnnt,
1141 4829 1259 4890 Latine·
1289 4829 1416 4890 veritati
1444 4827 1636 4907 reddideris,
1661 4846 1729 4907 qua
1754 4825 1789 4886 in

78 4920 290 5003 Septuaginta
317 4924 498 5004 editionem,
527 4946 620 5007 quarn
654 4926 907 5006 diligentissime
959 4928 1094 4989 diuersis
1121 4925 1283 4988 codicibus
1312 4927 1357 4986 ita
1386 4926 1475 4987 uaria
1504 4930 1561 5004 est,
1591 4930 1625 4985 ut
1655 4922 1789 4984 tolerari

77 5020 273 5081 ernendatam
299 5033 486 5084 anteannas
504 5024 665 5105 plurimos
686 5044 757 5085 mee
785 5023 906 5105 lingna
959 5025 1134 5107 vixpossit,
1151 5030 1181 5083 et
1196 5024 1241 5084 ita
1255 5028 1398 5106 suspec⁴a
1426 5044 1463 5083 ne
1492 5023 1524 5083 in
1557 5020 1669 5083 Gracc
1696 5018 1789 5082 aliud

77 5115 258 5180 icrrrinibus
287 5119 373 5199 dedi,
403 5128 463 5182 ele.
495 5125 566 5183 Haeo
595 5129 669 5184 sunt
695 5128 811 5202 praeter
842 5123 904 5185 alie
959 5124 1147 5194 irrueniatur,
1166 5120 1289 5181 utinde
1312 5120 1439 5201 aliquid
1458 5120 1604 5202 proferri
1631 5124 1688 5179 aut
1708 5125 1789 5198 pro-

76 5216 191 5293 quibus
218 5217 348 5297 probari
374 5226 479 5298 potest
506 5239 545 5282 ex
586 5220 656 5300 ipso
700 5219 901 5299 Hieronymo,
958 5219 1029 5280 bari
1040 5217 1213 5279 dubitetur.
1231 5219 1275 5278 He
1302 5235 1376 5278 vero
1406 5218 1564 5280 scribebat
1591 5213 1788 5294 Augustinus

75 5323 190 5376 ennete
214 5315 363 5378 editionis
390 5320 507 5379 (iraecae
536 5317 697 5380 volumina
726 5317 766 5378 ab
790 5317 902 5379 eodem
957 5317 1091 5399 epistola
1107 5319 1155 5390 71,
1172 5333 1244 5378 cum
1256 5314 1325 5395 jans
1340 5314 1501 5378 laberetur
1528 5332 1631 5377 annus
1653 5329 1672 5372 a
1695 5308 1788 5370 Chri·

73 5410 170 5473 iuisse
197 5414 311 5476 latine
347 5432 500 5478 convema
529 5434 586 5477 seu
614 5415 783 5478 emendata
809 5413 903 5495 juxte
956 5417 996 5479 sti
1024 5417 1189 5479 nativitate
1204 5416 1274 5476 403.
1302 5416 1350 5476 Hx
1373 5435 1437 5496 quo
1465 5414 1671 5493 intelligimus
1699 5408 1788 5472 haud

72 5509 291 5591 Hexaplorum
318 5513 494 5576 veritatem.
523 5516 640 5577 Contra
660 5532 736 5576 vero
766 5512 903 5576 militant
955 5514 1158 5596 improbabili
1187 5511 1379 5592 conjectura,
1407 5513 1562 5593 quosdam
1592 5513 1785 5570 tantummo-

72 5608 214 5688 plnrima
237 5628 337 5692 eaque
366 5612 559 5676 validissima
600 5617 798 5692 arguments.
836 5610 902 5675 Pri·
955 5614 996 5677 do
1010 5613 1108 5679 libros
1141 5612 1312 5693 Scriptura
1340 5616 1469 5683 Graeca,
1498 5625 1552 5671 seu
1579 5602 1790 5691 Septuaginta
