3878 6150
602 329 709 384 LIBER
728 328 753 380 ΙΙ
772 325 975 384 Mauscflru.
1589 330 1642 386 778

90 457 198 522 natus,
212 454 355 527 quianon
370 453 573 528 derelinquam
589 454 762 524 tecumque
776 448 802 515 Α
819 466 855 506 ne
869 452 943 508 forte
954 452 1056 510 tulerit
1071 468 1137 510 eum
1155 454 1280 526 spiritus
1295 452 1423 522 Domini,
1439 459 1469 513 at
1486 455 1645 528 projecerit

90 548 162 601 ment
178 543 240 616 (mx.
259 543 471 615 descendisset)
497 542 628 608 Beth-lli,
653 540 763 614 egressi
818 539 909 612 (Valp.
925 541 990 598 add.
1006 542 1087 611 eum)
1103 541 1132 598 in
1150 558 1241 598 unum
1259 543 1416 611 montium,
1432 544 1528 601 autin
1555 561 1645 601 unam

96 631 685 705 prophetarum,quierantDeth·El‚ad
711 629 766 686 Di·
819 629 1022 697 velliumoui
1041 632 1114 688 ait:
1143 630 1248 688 Noliite
1273 630 1397 689 mittere.
1422 632 1648 707 coegeruntque
1724 630 1727 635 '
1786 706 1791 715 1

90 721 244 779 ‚dixerunt
258 722 283 777 ei
300 721 467 792 :Numquid
484 722 561 779 nosti
586 721 656 794 qnia
679 719 766 775 hodie
820 734 899 786 eum,
915 720 1008 777 donec
1021 720 1230 793 acquiesceret,
1244 724 1274 777 et
1296 721 1408 777 diceret
1432 738 1439 777 :
1470 720 1588 779 Mittite.
1612 723 1649 782 lit

103 810 186 867 tollet
199 813 262 883 (ms.
279 810 372 879 tollat)
388 812 541 867 dominum
567 817 652 866 tuum
676 826 693 866 a
716 810 767 865 tet
821 808 966 864 miserunt
980 809 1197 881 quinquaginta
1212 808 1309 865 viros:
1325 809 1456 882 quicum
1469 810 1650 883 quesissent

90 899 168 956 ondit
184 917 191 954 :
207 900 243 955 [tt
256 916 309 973 ego
325 898 390 955 novi
416 916 423 955 :
448 900 541 956 silete.
566 899 644 956 Dixit
667 903 765 954 autem
820 896 916 954 tribus
931 897 1047 967 diebus,
1064 914 1122 954 non
1138 898 1324 955 invenerunt.
1341 897 1586 958 conversisque
1610 901 1648 957 ad

90 989 224 1045 illisaeum
242 1006 249 1045 ε
265 990 337 1045 Sede
353 989 409 1054 bic,
425 989 494 1060 quia
518 983 660 1045 Dominus
685 986 767 1042 misit
820 1000 887 1042 eum
901 1003 909 1042 :
925 990 956 1043 at
968 986 1018 1043 ille
1033 986 1188 1044 habitabat
1211 989 1239 1043 in
1263 986 1391 1056 iericho,
1416 987 1549 1061 dixitque
1571 989 1614 1047 eis
1638 1004 1647 1047 τ

90 1077 215 1133 richellt
229 1076 280 1134 illa
295 1078 335 1132 ait
350 1093 357 1133 :
375 1077 451 1132 Vivit
466 1078 620 1147 Dominus,
644 1081 673 1133 et
695 1075 766 1131 vivit
821 1075 972 1148 Numquid
989 1091 1046 1132 non
1063 1075 1123 1131 dixi
1138 1074 1222 1132 vobis
1239 1093 1246 1132 :
1261 1074 1357 1132 Nolite
1372 1077 1488 1135 mittere
1509 1077 1542 1135 ‘l
1562 1077 1647 1137 Dixe-

91 1183 119 1233 a,
135 1166 204 1239 quis
220 1182 278 1223 non
293 1166 495 1239 derelinquam
510 1173 549 1222 te.
566 1166 700 1237 Cumque
713 1181 765 1220 ve·
821 1171 889 1220 runt
901 1164 1084 1235 qnoquaviri
1095 1154 1222 1221 civitatis
1233 1165 1268 1222 ad
1280 1164 1416 1222 Clisaeum
1428 1167 1516 1225 :liene
1530 1167 1646 1226 habits·

90 1255 200 1324 ericho,
216 1259 403 1312 accesserunt
414 1254 466 1310 tilii
482 1255 703 1327 prophetarum,
716 1253 767 1323 qui
821 1251 862 1308 tio
872 1253 999 1310 civitatis
1009 1254 1100 1324 hujus
1111 1253 1287 1327 optimsest,
1303 1254 1420 1312 sicutte
1432 1255 1507 1330 ipse,
1518 1256 1647 1327 domine,

90 1344 250 1412 taricheas
266 1343 449 1414 illisaum,et
463 1344 600 1401 dixerunt
614 1343 640 1401 ai
654 1360 660 1398 :
675 1343 765 1399 Num·
821 1341 1030 1414 perspicistsed
1042 1358 1125 1415 squar
1147 1344 1282 1415 pessima
1299 1349 1414 1412 suntet
1431 1349 1510 1402 terra
1527 1344 1649 1404 sterills⁸

90 1432 118 1500 ti,
135 1433 204 1504 quia
229 1431 315 1489 hodia
341 1432 484 1489 Dominus
506 1432 589 1488 tollet
613 1431 765 1488 dominum
821 1430 866 1501 (Τ.
883 1430 989 1500 CXIV.)
1003 1432 1040 1488 st
1054 1431 1104 1488 ille
1120 1433 1162 1488 sit
1179 1449 1185 1487 :
1201 1432 1309 1490 Allerte
1325 1433 1399 1489 mihi
1414 1451 1466 1491 vas
1481 1421 1602 1508 novum,
1620 1438 1651 1493 et

90 1521 227 1578 statuit
243 1539 251 1576 ι
267 1522 368 1594 Etego
385 1523 451 1578 novi
468 1540 474 1578 :
492 1521 584 1578 silete.
611 1520 689 1576 Dixit
714 1537 765 1575 su·
822 1519 928 1576 mittite
943 1520 972 1575 in
986 1519 1057 1578 illud
1074 1521 1127 1577 sal.
1145 1522 1226 1588 Quod
1243 1521 1305 1593 (ms.
1322 1521 1389 1592 oui)
1404 1539 1472 1580 cum
1489 1523 1650 1593 attulisset,

90 1610 138 1667 rias
154 1627 161 1666 ε
178 1610 251 1666 Sede
272 1609 330 1677 hic,
355 1611 425 1681 quia
448 1611 590 1667 Dominus
615 1610 697 1666 misit
721 1625 766 1665 me
821 1624 959 1681 egressus
973 1609 1010 1666 ad
1025 1610 1136 1666 iontem
1152 1626 1307 1682 aquarum,
1323 1611 1406 1668 misit
1420 1613 1451 1668 in
1465 1627 1533 1670 eum
1549 1612 1605 1686 sal,
1620 1618 1651 1672 et

90 1699 108 1756 l.
134 1704 236 1771 usque)
261 1700 297 1756 ad
318 1700 489 1756 Jordanem.
516 1699 569 1767 Qui
592 1699 634 1756 ait
659 1718 666 1756 :
691 1699 769 1756 Vivit
822 1698 863 1753 ait
877 1715 884 1753 :
900 1702 966 1755 Hac
980 1698 1052 1755 dicit
1068 1698 1228 1756 Dominus:
1244 1700 1349 1756 Sanavi
1363 1716 1457 1774 aquas
1471 1700 1536 1772 hes,
1552 1707 1581 1760 et
1592 1719 1651 1760 non

90 1826 103 1857 .,
117 1793 146 1846 et
168 1788 238 1843 vivit
261 1789 361 1844 anima
384 1793 445 1858 tua,
469 1789 538 1859 quia
561 1805 618 1845 non
643 1788 765 1844 derelin·
783 1786 1002 1881 Beritultrain
1013 1789 1056 1844 sis
1071 1803 1162 1854 mors,
1179 1802 1275 1860 neque
1289 1788 1442 1847 sterilitas.
1456 1795 1652 1849 Satanasunt

90 1920 92 1931 .
108 1879 208 1936 lerunt
223 1879 313 1951 igitur
327 1879 414 1934 ambo
429 1877 549 1950 pariter,
566 1882 595 1934 et
619 1877 768 1951 quinqua·
823 1893 892 1950 ergo
903 1893 986 1950 sque
997 1893 1091 1950 usqne
1101 1878 1138 1933 ad
1150 1877 1532 1951 diambancp'uxtsvarbum
1544 1880 1650 1953 ultast,

89 1967 149 2024 ida
164 1966 232 2022 fillis
248 1967 457 2039 prophetarum
473 1967 566 2023 secuti
582 1973 651 2023 sunt
675 1969 766 2038 (l'utp.
823 1968 901 2038 quod
919 1966 1035 2024 locutus
1050 1970 1104 2023 est.
1121 1967 1166 2038 (Τ.
1182 1967 1277 2038 CXV.)
1293 1969 1433 2026 Ascendit
1457 1973 1557 2027 autem
1582 1970 1651 2029 inde
1709 1987 1715 1995 ·

98 2056 198 2129 quiet
221 2060 367 2112 steterunt
391 2072 406 2111 e
428 2060 528 2112 contra
549 2057 636 2128 louge
658 2061 666 2093 ¹
692 2074 698 2113 :
725 2056 768 2113 illi
823 2056 942 2113 Beth-Di
959 2073 966 2111 :
984 2071 1112 2128 cumque
1125 2057 1298 2113 ascenderet
1313 2073 1364 2129 per
1377 2059 1552 2132 viam,puari
1568 2060 1651 2134 parvi

90 2146 142 2203 nbc
152 2146 272 2202 stabant
282 2145 698 2218 superlaudanem.('l'.CXll.)
709 2147 767 2203 Tu·
823 2146 933 2219 egressi
949 2150 1020 2202 sunt
1034 2145 1070 2201 ds
1085 2144 1215 2217 civitate,
1231 2153 1260 2201 et
1274 2145 1440 2203 illudebant
1454 2149 1492 2218 ei,
1507 2147 1650 2207 dicentes:

90 2235 142 2293 lias
165 2234 286 2307 pallium
309 2251 408 2306 suum,
434 2240 463 2290 et
486 2234 607 2291 involvit
630 2234 715 2304 illud,
740 2241 769 2292 et
821 2236 964 2301 Ascende,
980 2234 1077 2301 calve;
1094 2235 1230 2304 ascende,
1246 2234 1335 2292 calre.
1352 2235 1408 2301 Qui
1435 2253 1504 2294 cum
1529 2242 1598 2310 post
1620 2252 1652 2296 se

90 2340 210 2397 ¹squas,
226 2340 290 2395 quse
300 2323 398 2380 divise
408 2328 479 2379 sunt
489 2324 519 2378 in
535 2329 687 2396 utramque
702 2341 767 2396 par·
823 2329 885 2403 (nu.
899 2333 926 2381 et
942 2324 1020 2393 Veto.
1037 2331 1125 2380 tarem
1139 2327 1206 2395 post
1221 2324 1263 2395 se)
1279 2324 1468 2397 respexisset,
1492 2325 1568 2382 vidit
1588 2342 1651 2398 eos,

99 2413 282 2470 transierunt
305 2413 391 2468 ambo
416 2429 467 2483 per
490 2411 612 2469 siccum.
637 2413 769 2486 Cumque
823 2418 852 2469 et
867 2412 1017 2470 maledixit
1040 2411 1083 2468 eis
1104 2410 1133 2467 in
1167 2413 1287 2470 nomine
1310 2413 1428 2470 Domini
1454 2414 1655 2489 :egressique

90 2506 133 2559 nt.
149 2502 227 2558 Elias
241 2502 314 2558 dixit
329 2502 365 2557 ad
382 2500 517 2558 [elisaeum
532 2519 539 2557 ε
556 2500 676 2559 Postula
691 2504 769 2575 quod
825 2501 1656 2577 suntduoursidesaltuetlaceraveruntexeistmstucst

90 2590 158 2648 >ism
175 2590 240 2658 tibi,
250 2595 406 2661 antequam
423 2590 507 2645 tollar
522 2607 538 2646 a
552 2595 580 2646 te
594 2591 635 2663 (h.
654 2589 771 2663 postule
825 2608 860 2647 ex
874 2591 928 2658 eis)
943 2589 1139 2663 quadraginta
1150 2591 1224 2646 duos
1235 2606 1341 2661 pueros
1352 2590 1561 2664 (bparvulos.)
1575 2593 1656 2652 Abiit

90 2679 149 2736 ism
165 2678 229 2750 tibi,
245 2683 404 2750 antequam
419 2677 507 2735 tollar
521 2696 537 2734 a
561 2681 610 2751 te).
634 2681 772 2751 Dixitque
825 2686 924 2738 autem
939 2678 1008 2736 inde
1023 2678 1052 2734 in
1068 2684 1199 2735 montem
1214 2678 1352 2749 Carmeli,
1376 2684 1405 2736 et
1427 2680 1502 2738 inde
1518 2698 1654 2740 reversus

90 2768 255 2836 lbsscro,ut
269 2769 320 2823 list
334 2767 441 2839 duplex
454 2767 661 2840 spirituqtuus
671 2769 701 2823 in
713 2784 771 2825 mc.
825 2774 870 2826 est
884 2768 1059 2826 Samariam.

90 2859 191 2915 ondit:
209 2858 281 2914 llam
296 2856 447 2913 difficilem
464 2857 771 2929 postulastizattsmen
863 2862 900 2916 tT.
915 2857 1013 2922 CXVl,
1028 2860 1095 2928 Cap.
1113 2856 1174 2927 ΙΙΙ.)
1187 2855 1288 2913 loram
1303 2872 1370 2914 varo
1392 2856 1472 2914 sslius
1496 2856 1579 2915 abab
1603 2875 1653 2916 re·

90 2964 170 3015 arne,
187 2948 304 3019 quando
320 2945 406 3002 tollar
420 2947 431 2980 ²
445 2963 462 3001 a
476 2951 515 3013 te,
536 2946 592 3002 erit
616 2945 669 3003 tibi
693 2947 770 3019 quod
826 2947 925 3020 gnavit
939 2961 1029 3018 super
1043 2943 1131 3001 lsrael
1148 2945 1177 2999 in
1193 2945 1325 3000 Samaria
1339 2961 1415 3001 anno
1426 2949 1528 3002 octavo
1539 2944 1654 3003 decimo

90 3080 103 3093 ..
120 3052 167 3092 me
183 3035 246 3091 tolli
262 3040 331 3103 ate,
347 3035 403 3091 erit
417 3035 494 3107 quod
519 3035 631 3107 petisti)
646 3051 653 3091 τ
668 3037 693 3091 si
718 3053 773 3091 au·
825 3034 966 3105 iosaphat
981 3033 1059 3106 regis
1070 3033 1086 3090 J
1091 3034 1368 3106 udae.ltegnavitqus
1383 3033 1539 3091 duodecim
1555 3035 1654 3091 annis.

96 3125 217 3195 rideris,
234 3141 290 3180 non
306 3125 372 3181 erit.
396 3123 529 3195 Cumque
553 3129 717 3197 pergerent,
743 3130 772 3181 et
827 3126 863 3180 ΙΙΙ
874 3124 941 3180 lecit
952 3121 1061 3178 malam
1073 3138 1171 3178 coram
1185 3121 1306 3179 Domino
1318 3122 1393 3195 (bin
1405 3122 1656 3195 oculisDominil,

90 3231 119 3272 es
143 3214 422 3279 sermocinarentur,
445 3229 512 3269 ecee
535 3229 640 3270 currus
666 3216 770 3285 igneus
828 3215 879 3270 sed
896 3229 954 3268 non
970 3213 1047 3267 sicut
1062 3215 1144 3283 pater
1157 3227 1232 3268 suus
1247 3219 1275 3268 et
1287 3211 1473 3268 mater2tulit
1497 3213 1576 3270 enim
1594 3215 1655 3270 sta·

90 3303 325 3377 gneldivisernnt
340 3303 771 3375 utrumqueetascenditlitiss
826 3302 947 3374 tuaslh.
971 3300 1113 3368 titulum).
1138 3299 1218 3368 Basl,
1244 3317 1320 3373 quas
1340 3302 1449 3358 lecerat
1472 3307 1555 3375 pater
1579 3303 1656 3375 ejus.

90 3392 164 3449 inem
177 3391 221 3461 (h.
237 3391 267 3447 in
283 3390 412 3462 turbine)
433 3392 462 3446 in
487 3391 592 3447 coelum
617 3409 624 3447 :
651 3391 772 3449 Cliseus
827 3392 1036 3448 Verumtamen
1053 3391 1083 3445 in
1099 3389 1226 3463 peccatis
1239 3390 1397 3447 Jeroboam
1409 3389 1461 3446 lilii
1483 3390 1588 3464 Nabat,
1605 3389 1657 3466 qui

92 3482 190 3550 debat,
206 3485 236 3537 et
250 3481 397 3536 clamabat
413 3496 420 3535 ε
436 3484 521 3536 Pater
537 3480 588 3547 mi,
615 3486 697 3553 pater
721 3481 772 3549 mi,
829 3497 949 3554 peccare
964 3478 1031 3537 lecit
1047 3479 1145 3546 lsrael,
1163 3479 1297 3549 adhesit,
1316 3495 1370 3537 nec
1396 3481 1518 3537 recessit
1540 3481 1577 3536 ab
1601 3480 1657 3536 eis.

90 3569 168 3639 srael,
185 3575 213 3626 et
225 3568 413 3643 aurigaejns.
430 3571 465 3624 Et
477 3587 533 3624 non
550 3570 619 3624 virlit
634 3586 701 3625 enm
714 3588 773 3626 am·
829 3576 919 3626 Porro
934 3568 1031 3626 Messa
1045 3585 1096 3624 rex
1118 3568 1180 3639 (ms.
1206 3569 1296 3632 Mosa)
1322 3570 1405 3626 Moab
1429 3569 1581 3626 nutriebat
1603 3585 1655 3642 ps·

90 3658 772 3732 prebenditquevestimentasua,eteciditillain
830 3675 898 3716 cora
911 3658 1001 3714 multo
1014 3657 1055 3730 (b.
1071 3674 1129 3713 non
1147 3657 1253 3729 babet),
1270 3662 1299 3714 et
1323 3657 1455 3715 solvebat
1478 3658 1540 3731 regi
1566 3658 1655 3715 lsrael

90 3749 186 3805 >tes.llt
200 3746 304 3804 levavit
319 3746 440 3819 palliam
458 3746 619 3818 Cliae,quod
631 3746 776 3804 ceciderat
830 3752 947 3804 centum
964 3745 1059 3802 millia
1072 3752 1260 3819 agnorum,et
1274 3752 1391 3803 centnm
1408 3745 1502 3803 millia
1516 3747 1654 3816 arietum,

90 3838 115 3893 vd
128 3838 275 3894 ceciderat
286 3852 375 3908 super
384 3836 463 3907 euni)
476 3853 482 3891 :
493 3853 684 3909 reversusque
694 3837 776 3893 stetit
830 3853 897 3893 cum
911 3835 1069 3892 velleribus
1079 3834 1287 3907 suisCumque
1298 3840 1432 3893 mortuns
1443 3835 1547 3892 luisset
1557 3835 1652 3904 abab,

90 3942 150 3998 nam
165 3925 313 3992 iordanis,
331 3929 359 3981 et
383 3923 471 3996 pallio
496 3923 574 3990 Elia,
599 3927 675 3995 quod
701 3925 775 3980 ceci·
831 3925 1038 3999 prevaricatus
1053 3928 1098 3980 est
1113 3924 1217 3987 fredus,
1242 3924 1319 3996 quod
1343 3924 1471 3981 habebat
1494 3940 1561 3981 cum
1586 3939 1654 3998 rege

90 4014 224 4088 (bsuper
238 4013 328 4085 eum),
337 4014 483 4084 percussit
497 4030 590 4086 aquas
605 4018 626 4083 ⁸,
636 4018 665 4069 et
679 4013 751 4070 dixit
767 4031 774 4071 :
831 4013 922 4073 lsrael
935 4013 977 4085 (h.
994 4013 1200 4085 prevaricatus
1212 4018 1257 4069 est
1267 4029 1315 4069 rex
1327 4015 1408 4070 Moab
1419 4014 1449 4069 in
1460 4029 1527 4087 rege
1538 4012 1651 4086 lsrael).

90 4103 223 4160 lominus
239 4102 316 4159 Deus
331 4101 399 4158 etia
423 4101 511 4158 etiam
536 4102 634 4159 nunc?
659 4102 778 4160 Percus-
832 4105 975 4176 Egressus
989 4103 1081 4175 igitur
1093 4119 1142 4158 rex
1156 4102 1256 4158 loram
1272 4101 1302 4157 in
1318 4103 1365 4158 die
1380 4101 1432 4159 illa
1451 4103 1487 4160 de
1509 4104 1652 4172 Samaria,

90 4197 198 4264 quas,et
208 4190 305 4247 divisa
315 4195 385 4248 sunt
397 4190 453 4247 huc
463 4200 550 4264 atque
562 4191 673 4255 illucet
683 4196 778 4249 trans·
832 4192 980 4250 recensuit
993 4191 1004 4226 ⁸
1019 4191 1187 4247 universum
1205 4189 1303 4249 lsrael.
1319 4193 1363 4264 (T.
1378 4191 1500 4264 CXVII.)
1516 4191 1654 4265 llisitqus

93 4297 139 4337 us.
155 4280 294 4336 Videntes
310 4285 408 4336 autem
424 4296 491 4336 eum
506 4287 569 4349 (mr.
585 4285 612 4336 et
628 4281 705 4352 Vulq.
731 4288 776 4338 ta·
832 4283 867 4338 ad
882 4279 1026 4352 Josapbat
1040 4296 1138 4352 regem
1150 4281 1164 4337 J
1170 4281 1238 4346 uda,
1253 4281 1354 4337 dicens
1371 4300 1378 4339 :
1394 4281 1454 4338 ilex
1466 4282 1549 4338 Moab
1564 4297 1646 4338 reoes

90 4372 110 4442 r)
126 4369 179 4426 lilii
194 4369 403 4443 prophetarum
425 4370 476 4442 qui
498 4375 582 4426 erant
607 4373 636 4427 tn
662 4370 777 4427 iericho
833 4372 872 4428 sit
886 4388 904 4427 a
919 4386 975 4441 me,
990 4369 1056 4426 veni
1073 4385 1188 4426 mecum
1204 4369 1247 4442 (h.
1258 4371 1395 4427 veniesne
1411 4371 1540 4442 mecum)
1555 4374 1658 4427 contra

90 4476 109 4515 a
123 4459 263 4515 dixerunt
279 4475 285 4513 :
302 4456 454 4529 Requievit
469 4458 591 4530 spiritus
607 4457 673 4514 Dtia
689 4477 779 4532 super
833 4477 901 4517 eum
929 4459 966 4515 ad
982 4457 1127 4532 praelium.
1144 4459 1198 4525 Qui
1213 4459 1366 4531 respondit
1381 4476 1389 4516 z
1405 4460 1567 4516 tacendam
1582 4476 1589 4516 :
1607 4458 1659 4531 qui

90 4546 310 4621 1.(T.cxt11.)ut
327 4546 477 4602 venientes
487 4545 516 4601 in
532 4562 685 4602 occursum
702 4550 779 4617 ejus,
794 4539 818 4604 D
837 4566 919 4605 meus
934 4552 989 4620 est,
1005 4553 1075 4604 tuus
1089 4553 1134 4603 est
1150 4565 1157 4603 ε
1174 4547 1301 4619 populus
1317 4563 1411 4616 meus,
1429 4547 1557 4621 populus
1568 4553 1658 4606 tuus:

90 4640 230 4692 runteum
241 4634 325 4708 proni
335 4634 366 4690 in
377 4639 497 4700 terram,
508 4635 703 4707 dixeruntque
718 4637 780 4693 illi:
839 4638 906 4712 equi
921 4639 990 4705 mei,
1005 4636 1074 4708 equi
1089 4637 1132 4692 tui
1148 4637 1188 4706 th.
1204 4636 1287 4692 Sicut
1301 4652 1355 4708 ego
1371 4653 1449 4708 sum,
1465 4638 1507 4694 ite
1520 4642 1548 4694 et
1564 4641 1608 4704 tu,
1632 4643 1662 4694 et

90 4741 112 4782 n
128 4725 221 4782 serris
235 4725 295 4780 tuis
309 4724 607 4797 suntquinquaginta
617 4725 670 4780 viri
684 4727 783 4791 lortes,
839 4729 917 4784 sicut
932 4725 1058 4800 populus
1075 4742 1170 4791 meus,
1186 4726 1272 4783 itaet
1287 4724 1414 4798 populus
1430 4730 1511 4796 tuus,
1534 4733 1562 4783 et
1585 4726 1664 4784 sicut

90 4815 142 4870 tint
156 4814 209 4882 ire,
225 4818 255 4869 et
266 4828 395 4884 quarere
414 4817 476 4881 (ms.
493 4821 519 4868 et
534 4812 611 4882 tate.
628 4815 784 4884 requireret
840 4817 907 4890 equi
920 4815 1030 4881 metita
1040 4817 1069 4870 et
1080 4813 1149 4885 equi
1162 4814 1227 4884 tui).
1246 4814 1379 4887 Dixitque
1394 4831 1401 4869 ε
1419 4819 1470 4871 Per
1484 4832 1570 4889 quam
1585 4814 1664 4871 dam

90 4903 359 4972 ntuum(b.eantet
376 4918 439 4973 que
450 4902 786 4976 rentdominumtuum),
842 4903 1057 4963 ascendemus?
1081 4906 1118 4957 et
1142 4902 1193 4959 ille
1225 4903 1377 4976 respondit
1400 4920 1407 4959 :
1432 4908 1488 4961 Per
1515 4905 1665 4963 desertum

90 5081 186 5123 inens.
203 5080 272 5136 ms,
292 5064 432 5121 Steterunt
454 5065 550 5120 contro
572 5080 587 5120 e
613 5062 703 5137 longe,
729 5065 789 5122 lere
843 5066 950 5134 diuuae,
964 5065 992 5119 et
1005 5062 1090 5130 dicit,
1107 5064 1162 5118 etc.
1173 5061 1305 5135 Denique
1320 5062 1397 5119 idem
1413 5076 1519 5119 nomen
1535 5060 1669 5117 Dominus

90 5138 147 5194 ius.
844 5141 1005 5203 teretrum
1019 5133 1154 5206 Vulgatia
1168 5134 1333 5203 Graecisque
1346 5134 1558 5191 vetustioribus
1573 5132 1667 5188 libris.

90 5236 106 5275 n
122 5234 178 5275 ms.
191 5218 274 5274 tollor
289 5233 298 5272 .·
314 5216 364 5288 qui
380 5221 408 5273 ct
424 5233 491 5273 mox
505 5217 705 5289 pretermittit
724 5219 787 5275 tibi.
882 5207 1160 5276 ‘Cod.Veronens.,
1170 5205 1257 5262 nolite
1269 5205 1322 5277 ire,
1338 5208 1446 5263 rectius
1462 5206 1497 5262 sd
1513 5205 1668 5261 Hebraeum

90 5315 126 5354 nn
141 5313 234 5370 purus
246 5303 294 5379 est
311 5299 364 5352 boc
378 5296 451 5366 loco,
469 5300 565 5378 etsuo
582 5297 654 5352 lenti
681 5297 790 5354 directe
846 5279 982 5364 nin-ia,
996 5297 1025 5350 et
1040 5293 1197 5366 plerosque
1212 5293 1345 5366 aliosque
1361 5299 1468 5378 textus.
1533 5364 1538 5376 Ι

90 5368 656 5426 let.Cetar1msacumedrtrsaddunt
680 5369 742 5425 hac
766 5374 792 5426 et
882 5367 989 5424 'Idem
1011 5381 1081 5436 ms,
1102 5371 1127 5423 et
1151 5368 1270 5436 steriles,
1295 5383 1363 5422 voce
1384 5364 1559 5422 intermedie
1583 5372 1669 5432 terro,

91 5440 225 5504 verare,
271 5439 328 5495 uod
353 5440 590 5496 additamentum
617 5440 792 5513 marginalis
848 5438 898 5512 qui
914 5436 1091 5494 manifestus
1107 5438 1271 5509 antiquarii
1286 5454 1368 5493 error
1382 5442 1436 5504 est,
1463 5433 1671 5507 pretermissa.

90 5512 244 5570 renuntiat.
291 5527 353 5567 aar.
882 5512 893 5546 ⁶
918 5511 997 5566 Idem
1024 5526 1080 5565 ms.
1103 5511 1232 5580 Egressus
1252 5512 1292 5565 eat
1318 5508 1426 5580 igitur.
1445 5547 1452 5561 .
1471 5548 1477 5562 .
1493 5512 1520 5562 et
1535 5515 1671 5562 recenset.

90 5601 110 5641 ro
139 5596 259 5656 quoque
289 5584 317 5639 et'
347 5586 425 5638 tacet
456 5579 616 5638 veronens.
644 5598 699 5638 ms.
728 5582 794 5640 Mox
848 5583 884 5639 Et
900 5596 967 5636 mox
980 5584 1077 5637 contro
1092 5581 1173 5637 Moab
1189 5597 1242 5654 pro
1256 5584 1352 5636 contro
1365 5596 1428 5636 eum
1451 5594 1518 5635 curn
1541 5575 1674 5652 vulgatis

101 5654 170 5730 plus
184 5654 304 5726 babent,
318 5655 460 5726 percussit
477 5669 577 5726 equos,
601 5657 627 5710 et
650 5670 705 5712 noe
728 5663 794 5712 ruat
851 5658 880 5711 et
894 5653 1016 5709 Hebreo
1030 5655 1122 5709 textu.

128 5775 263 5838 Parnon.
285 5768 419 5835 xxv1D.
1483 5774 1531 5837 qa,
