3870 6120
75 314 81 323 '
106 330 166 389 289
842 335 950 391 usna
967 334 1090 393 uxone
1760 326 1815 394 ‘teo
1884 290 1897 353 .'

109 460 254 517 Dominus
267 459 303 516 ad
313 462 413 515 Mosen
428 463 457 516 et
466 460 561 516 Aaron
573 459 603 514 in
614 463 693 517 terra
703 459 839 532 AEgypti:
857 460 936 516 Men·
949 460 977 528 Α
990 465 1039 517 tur
1052 464 1081 518 in
1098 463 1235 519 domibus
1246 463 1370 521 vestris:
1388 463 1439 536 qui
1466 463 1628 521 comederit
1655 465 1815 522 termentu-

104 549 150 607 sis
165 550 231 618 iste,
248 548 331 606 vobis
347 547 525 621 principium
543 549 711 616 mensium
738 549 852 621 primus
878 549 934 606 erit
991 554 1067 617 tum.
1082 551 1188 624 peribit
1202 552 1302 608 anima
1316 553 1381 624 ejus
1396 552 1431 608 de
1447 557 1523 609 caetu
1548 552 1660 610 lsrael:
1687 556 1749 610 tam
1778 554 1815 611 de

106 639 137 695 in
150 638 306 696 mensibus
320 637 402 694 anni.
419 636 585 710 Loquimini
596 638 630 694 ad
645 638 814 695 universum
825 643 933 696 oretum
992 640 1111 696 advenis
1126 640 1260 712 quamde
1275 640 1422 714 indigenis
1438 646 1530 698 terra.
1547 647 1639 699 Omne
1659 642 1815 699 fermenta·
1908 708 1913 715 ,

104 727 238 785 illiorum
254 726 354 800 lsrael,
372 730 401 784 et
414 727 504 783 dicite
523 727 566 783 eis
583 743 590 782 ι
619 726 737 785 Decima
755 728 802 784 die
824 728 935 785 mensis
993 734 1057 785 tum
1073 745 1130 785 non
1147 729 1324 786 comedetis:
1341 729 1371 785 in
1385 729 1499 786 cunetis
1515 729 1691 788 habitaculis
1711 731 1816 788 vestris

109 815 521 889 hujustollatunusquieque
550 832 724 889 agnumper
753 817 880 874 familias
909 820 937 872 et
994 818 1207 892 edetisazyma.
1225 817 1453 875 Vocavitautem
1467 817 1816 878 llosesomnesaeniores
1910 844 1914 853 ·

108 904 517 962 domoesuas¹.8inautem
542 906 639 962 minor
650 909 696 961 ast
723 922 876 975 numerus,
906 912 938 962 ut
996 906 1298 981 [b.]1srael,etdixit
1321 908 1441 965 adeost
1471 909 1512 965 lte
1537 908 1672 966 tollentes
1702 907 1813 965 animal
1873 948 1880 960 ,

108 994 393 1068 sulficerepossitad
404 994 581 1051 vescendum
594 995 937 1068 agnum,assumetvici·
994 1013 1046 1069 per
1061 997 1187 1054 familias
1202 999 1366 1063 vestisset
1380 996 1531 1054 immolate
1545 997 1648 1054 Phase.
1677 997 1816 1055 Fascicu-

109 1099 183 1140 num
208 1100 295 1140 suum
316 1084 367 1156 qui
388 1083 673 1154 tunctusostdomui
689 1085 858 1157 ejus‚juxta
881 1102 937 1140 nu·
994 1085 1115 1159 lumque
1130 1085 1249 1160 hyssopi
1265 1085 1368 1158 tingite
1378 1085 1408 1141 iu
1424 1085 1568 1158 sanguiue
1583 1086 1632 1158 qui
1648 1090 1693 1142 est
1720 1086 1751 1142 in
1780 1085 1816 1141 li·

108 1188 227 1229 merum
243 1173 410 1230 animarum
426 1189 491 1246 que
506 1171 640 1230 sulficere
652 1178 779 1246 possunt
794 1174 829 1230 sd
854 1190 936 1230 esum
996 1175 1085 1249 mine,
1100 1181 1129 1231 et
1143 1175 1288 1249 aspergite
1302 1191 1337 1231 ex
1352 1191 1385 1232 eo
1401 1174 1637 1248 superliminare,
1653 1178 1682 1231 et
1702 1177 1816 1230 utrum·

109 1263 193 1334 agni.
209 1261 271 1318 urit
285 1267 384 1318 autem
400 1277 495 1335 agnus
510 1262 759 1334 absquemacula,
777 1261 938 1329 masculus,
996 1269 1199 1338 quepostem:
1234 1264 1332 1322 nullus
1359 1263 1679 1337 vestrumegrediatur
1707 1262 1818 1320 ostium

109 1350 271 1407 anniculus
288 1368 295 1407 :
309 1352 397 1424 juxta
410 1365 496 1421 quem
508 1349 716 1407 ritumtolletis
727 1355 756 1407 et
766 1351 940 1408 baedumllt
995 1356 1100 1412 domus
1114 1371 1174 1411 sue
1190 1370 1284 1427 usque
1299 1369 1394 1411 mano.
1410 1353 1561 1410 Transibit
1573 1351 1652 1410 enim
1667 1351 1819 1409 ‘Dominus

107 1439 266 1496 servabilis
278 1455 346 1496 eum
362 1455 457 1513 usque
467 1439 502 1495 ad
529 1443 665 1513 quartam
688 1440 831 1497 decimam
860 1441 937 1497 diem
996 1444 1163 1519 percutiens
1178 1444 1345 1517 AEgyptios:
1363 1458 1488 1514 cumque
1511 1442 1617 1499 viderit
1643 1441 1818 1515 sanguinem
1912 1460 1916 1467 ·

109 1528 225 1584 mensis
236 1527 346 1600 hujus:
367 1527 594 1600 immolabitque
609 1545 677 1586 eum
688 1529 825 1587 universa
840 1528 938 1587 multi·
996 1533 1026 1589 in
1039 1531 1270 1605 superliminari,
1285 1536 1313 1589 et
1328 1530 1358 1587 in
1377 1534 1503 1602 utroque
1517 1533 1609 1604 posta,
1631 1529 1820 1587 transcendet

108 1618 185 1673 tudo
201 1615 329 1673 liliorum
346 1615 435 1673 lsrael
452 1616 486 1672 ad
503 1631 671 1690 vesparum.
685 1618 732 1690 {lit
758 1623 877 1676 sument
904 1619 939 1675 de
996 1622 1105 1679 ostium
1120 1622 1236 1690 domus,
1253 1625 1284 1679 et
1298 1637 1355 1677 non
1371 1620 1448 1678 sinet
1471 1635 1675 1692 percussorem
1704 1617 1818 1693 ingredi

108 1705 399 1779 sangoineejus,so
418 1711 794 1780 ponentsuperutrumque
814 1712 939 1780 postem,
998 1711 1232 1768 domusveatms
1250 1713 1279 1766 et
1299 1708 1414 1765 ledere.
1441 1707 1563 1764 Custodi
1588 1708 1709 1765 verbum
1738 1706 1818 1765 istud
1899 1720 1913 1745 ··

109 1800 140 1851 et
156 1795 186 1851 in
202 1793 479 1868 superliminaribus
495 1795 661 1866 domorum,
678 1795 828 1869 inquibus
843 1812 940 1854 come·
959 1822 983 1889 B
998 1799 1162 1874 legitimum
1179 1799 1231 1856 tibi
1246 1797 1719 1872 etliliiatuisuequeinestornom.
1730 1801 1819 1854 Cum·

110 1885 186 1941 dent
199 1883 295 1941 illum.
311 1884 346 1941 nt
362 1885 450 1941 edent
464 1900 567 1942 cernes
583 1889 667 1942 nocte
694 1885 744 1942 illa
772 1902 855 1944 assas
882 1886 944 1959 igni
998 1905 1055 1961 que
1069 1885 1225 1944 intoleritis
1240 1891 1359 1956 terram,
1376 1884 1620 1957 quemdominus
1636 1884 1760 1941 daturus
1775 1888 1819 1941 est

112 1979 145 2031 et
159 1990 278 2046 azymos
294 1989 386 2046 panea
401 1990 467 2030 cum
482 1971 607 2031 lactucis
623 1975 800 2048 agrestibus.
817 1976 880 2032 Non
895 1993 946 2032 co·
999 1976 1129 2033 vobisut
1153 1973 1303 2047 pollicitus
1326 1977 1381 2044 est,
1407 1973 1602 2031 observabitis
1630 1973 1819 2031 ceremonias

112 2062 241 2120 medelis
255 2078 289 2119 ex
299 2078 333 2119 eo
348 2062 473 2119 crudum
490 2063 572 2134 quid,
588 2079 641 2120 nec
656 2068 771 2121 coctum
789 2082 875 2138 aqua,
893 2064 944 2120 sed
999 2066 1082 2123 istas.
1099 2065 1132 2121 lit
1148 2079 1215 2120 oum
1231 2063 1360 2120 dixerint
1373 2063 1457 2119 vobis
1471 2062 1525 2118 dlii
1539 2063 1628 2119 vestri
1641 2079 1649 2119 :
1663 2065 1744 2130 iQua
1773 2066 1820 2120 est

111 2155 349 2209 assumtantum
367 2152 640 2226 igni:caputcum
672 2154 798 2225 pedibus
822 2155 888 2225 ejus
916 2158 945 2209 et
997 2153 1317 2226 istareligio‘ldicetis
1343 2151 1407 2209 eis:
1437 2151 1565 2209 Victima
1592 2152 1733 2209 transitus
1762 2157 1821 2218 υο·Ι

111 2240 265 2298 intestinis
281 2240 501 2297 vorabitisNeo
527 2241 692 2299 remanebit
719 2244 882 2316 quidquam
911 2259 946 2299 ex
999 2246 1072 2302 mnii
1085 2249 1139 2314 est,
1156 2242 1276 2316 quando
1291 2242 1429 2299 transivit
1443 2257 1533 2314 super
1560 2242 1664 2300 domos
1692 2240 1821 2299 tiliorum

112 2345 263 2401 eousque
290 2345 390 2397 mane,
419 2329 444 2385 si
470 2329 540 2402 quid
571 2331 723 2389 residuum
753 2333 850 2402 fuerit,
880 2333 945 2403 igno
1000 2332 1284 2405 lsraelinAEgypto‚
1302 2330 1641 2404 percutiansAEgyptios,
1664 2334 1694 2387 at
1718 2331 1839 2390 domos.

111 2418 306 2476 comburetis.
338 2419 386 2475 Sic
417 2422 514 2475 autem
551 2421 709 2477 comedetis
736 2419 833 2491 illum,
860 2436 945 2478 renes
999 2428 1116 2479 nostros
1133 2421 1271 2478 liberans.
1288 2419 1521 2493 lncurvatusque
1538 2419 1666 2493 populus
1681 2417 1822 2477 adoravit·

110 2515 226 2566 vestros
242 2509 413 2582 accingetis,
428 2512 457 2565 et
472 2508 671 2567 calceamenta
685 2511 833 2569 habebitis
848 2511 877 2566 in
894 2527 945 2583 pe·
998 2511 1034 2567 Εἰ
1058 2508 1170 2583 egressi
1196 2508 1250 2564 lilii
1280 2506 1367 2566 lsrael
1397 2508 1529 2564 lecerunt
1556 2508 1634 2566 siout
1651 2510 1826 2582 preceperat

113 2598 204 2654 dibus
219 2603 357 2655 tenentes
371 2597 532 2655 baculosin
563 2599 710 2667 manibus,
732 2605 761 2657 et
785 2599 946 2657 comedetis
999 2598 1142 2656 Dominus
1158 2597 1231 2654 Mosi
1246 2603 1275 2654 et
1296 2600 1403 2655 Aaron.
1420 2597 1467 2670 [to
1488 2587 1597 2670 Piceo]
1628 2598 1747 2656 l'eotum
1778 2602 1822 2654 est

111 2688 312 2745 festinanter:
330 2688 460 2744 estenlm
475 2687 569 2746 Phase
582 2688 622 2760 (id
635 2690 686 2760 [est
705 2678 863 2760 transitus)
889 2695 945 2748 Do·
999 2692 1096 2745 autam
1112 2687 1142 2742 in
1158 2686 1252 2742 noctis
1268 2685 1376 2755 medio,
1391 2685 1537 2758 percussit
1565 2685 1709 2743 Dominus
1738 2699 1824 2742 omne

115 2777 202 2834 mini.
220 2777 256 2832 ut
270 2776 403 2833 transibo
418 2793 469 2850 per
497 2781 606 2834 terram
628 2778 744 2851 AEgypti
772 2785 856 2835 nocte
883 2778 943 2851 illa,
998 2774 1226 2849 primogenitum
1242 2775 1363 2831 interra
1378 2774 1502 2847 AEgypti,
1519 2773 1825 2848 aprimogenitol'ha·

115 2864 344 2940 percutiamque
358 2881 445 2922 omne
460 2865 692 2940 primogenitum
708 2866 738 2923 in
748 2868 945 2941 terraAEgypti
998 2865 1108 2937 raonis,
1121 2865 1171 2938 qui
1189 2864 1311 2921 sedebat
1324 2863 1355 2919 in
1371 2864 1444 2921 solie
1458 2864 1534 2935 eius,
1552 2864 1695 2937 usquead
1712 2863 1824 2937 primo·
1905 2926 1908 2931 ,

113 2957 152 3011 ab
164 2954 385 3028 hominemque
396 2955 432 3011 ad
444 2970 545 3026 pecus,
556 2960 585 3012 et
596 2955 626 3012 in
638 2957 819 3013 cunctisdiis
830 2957 945 3031 AEgypti
998 2953 1267 3029 genitumcaptivs
1295 2968 1360 3025 qua
1384 2952 1491 3009 eratin
1520 2969 1650 3019 earcere.
1678 2956 1707 3010 et
1734 2968 1821 3010 omne
1913 2994 1916 3005 .

113 3042 689 3116 saciamjudicia,agoDcmimus.llrit
711 3047 945 3119 autemeanguis
999 3042 1228 3117 primogenitum
1244 3043 1459 3115 jumentorum.
1489 3043 1680 3116 surrexitque
1709 3042 1822 3100 Pharan

113 3135 201 3192 vobis
216 3134 247 3190 in
263 3133 379 3204 signum
396 3133 427 3189 in
443 3134 554 3190 edibus
570 3133 600 3190 in
616 3134 724 3206 quibus
740 3135 832 3203 oritis,
847 3142 877 3192 et
899 3136 944 3192 vi·
959 3181 981 3249 c
1000 3139 1095 3202 nocte,
1111 3138 1140 3189 et
1154 3148 1256 3188 omnes
1271 3132 1346 3187 servi
1374 3133 1450 3203 ejus,
1480 3137 1643 3204 ounotaque
1671 3132 1823 3205 AEgyptua,
1880 3160 1885 3181 .-

112 3223 192 3279 dabo
208 3220 396 3293 sanguinem,
411 3226 440 3279 et
451 3221 583 3279 transibo
597 3239 658 3293 vos,
676 3240 729 3279 nec
741 3224 798 3280 erit
813 3226 843 3280 in
861 3226 943 3282 vobis
1000 3227 1028 3278 et
1043 3226 1125 3278 ortus
1140 3225 1185 3276 ast
1204 3219 1314 3276 clamor
1342 3236 1468 3293 maguus
1498 3221 1527 3276 iu
1555 3219 1697 3294 AEgypto:
1728 3236 1824 3293 noque

112 3310 200 3384 plaga
210 3310 384 3383 disperdens
395 3311 693 3383 quandopercuasern
705 3313 942 3386 terramAEgypti.
998 3311 1076 3368 enim
1093 3316 1155 3365 erat
1170 3309 1272 3365 domus
1287 3308 1317 3364 in
1333 3325 1393 3380 qua
1405 3324 1463 3365 non
1473 3309 1587 3381 jaceret
1605 3310 1752 3365 mortuus.
1769 3308 1825 3365 Vo-
1914 3372 1917 3377 ,

115 3399 567 3458 Habebitisauternhancdiem
593 3401 623 3456 in
649 3408 888 3474 mouumentum,
916 3406 945 3459 et
999 3397 1310 3471 cetisquell'clq.odd.
1327 3397 1699 3469 Phareolltoseetllaron
1728 3400 1824 3468 nocte,

115 3487 380 3545 celebrabitiseam
396 3486 556 3544 solemnem
573 3487 696 3545 Domino
720 3489 750 3546 in
780 3492 945 3563 generatio·
999 3488 1200 3561 cutbergae,
1215 3487 1544 3560 egrediminiapopulo
1560 3502 1637 3552 meo,
1653 3492 1682 3543 et
1706 3502 1767 3553 vos,
1796 3489 1826 3542 et
1917 3514 1919 3519 ·

118 3577 206 3635 nibus
233 3576 338 3634 vestris
367 3576 448 3634 cultu
477 3577 667 3650 sempiterne.
695 3578 811 3652 Septem
842 3581 946 3640 diebus
1000 3579 1054 3634 lllii
1073 3576 1179 3634 lsrael:
1206 3576 1256 3644 ite,
1281 3574 1432 3633 immolate
1454 3575 1580 3633 Domino
1608 3574 1686 3632 sicut
1715 3573 1824 3648 dicitis,

120 3683 224 3739 azyma
239 3665 400 3723 comedetis
418 3683 424 3722 :
442 3665 472 3722 in
493 3667 540 3723 die
555 3667 651 3740 primo
667 3684 725 3724 non
742 3669 799 3725 erit
814 3668 946 3727 iermeu·
999 3672 1071 3726 Oves
1088 3671 1200 3723 vestras
1223 3669 1253 3722 et
1274 3670 1409 3721 armenta
1437 3663 1583 3720 assumite
1608 3668 1641 3720 ut
1663 3663 1824 3736 petieratis,

121 3760 180 3812 tum
196 3755 248 3811 ¹iu
260 3755 399 3811 domibus
408 3757 513 3811 vestris
524 3756 709 3830 :quicunque
720 3759 879 3815 comederit
890 3760 946 3815 ler—
1001 3758 1167 3815 elabentes
1181 3754 1345 3811 benedicite
1360 3752 1445 3809 mibi.
1468 3753 1672 3826 Urgebautque
1700 3751 1826 3826 AEgyptil

123 3847 297 3914 mentatum,
309 3843 417 3915 peribit
430 3843 530 3900 anima
546 3843 749 3917 illudajlsrael,
766 3848 888 3919 aprimo
901 3847 947 3904 die
1002 3845 1144 3920 populum
1162 3844 1198 3900 de
1210 3848 1288 3899 terra
1303 3843 1382 3900 exire
1394 3842 1542 3913 velociter,
1554 3843 1685 3899 dicentes
1697 3859 1704 3910 3
1717 3846 1826 3900 Omnes
1899 3854 1903 3861 '

127 3947 219 4005 usque
234 3932 272 3989 ad
287 3932 365 3988 diem
382 3932 553 4005 septimum.
569 3933 636 3990 Dies
651 3935 747 4007 prima
761 3936 818 3992 erit
847 3942 949 3993 sancta
1003 3936 1172 3992 moriemur.
1184 3931 1826 4006 Tulitigiturpopulusoonsparsamfarinam

129 4027 212 4094 atque
228 4020 382 4090 solemnis,
397 4026 426 4076 et
441 4021 505 4077 dies
520 4023 646 4094 septima
661 4022 764 4080 eadem
792 4024 949 4081 festivitate
1003 4030 1161 4096 antequam
1177 4023 1422 4079 fermentaretur:
1440 4024 1469 4077 et
1479 4020 1576 4093 ligans
1591 4020 1620 4076 in
1637 4018 1746 4092 palliis,
1775 4034 1829 4092 po·

130 4108 302 4166 venerabilis
315 4125 323 4164 ε
337 4108 410 4165 nihil
423 4109 520 4182 operis
536 4111 648 4168 iacietis
664 4111 757 4184 ineis,
769 4113 950 4185 exceptisbis
1004 4113 1063 4172 suit
1074 4127 1162 4185 super
1177 4111 1316 4167 humeros
1331 4126 1414 4166 suos.
1429 4109 1631 4181 Feceruntque
1656 4108 1708 4164 lilii
1738 4105 1828 4166 lsrael

131 4200 233 4270 quead
243 4198 420 4254 vescendum
432 4199 950 4276 pertinent.Etobservabitisazyma,
1004 4204 1081 4261 sicut
1096 4203 1273 4274 preceperat
1286 4203 1398 4256 Moses:
1415 4203 1444 4254 et
1459 4197 1607 4271 petierunt
1622 4197 1659 4255 ab
1686 4196 1830 4272 AEgyptiis

131 4284 155 4342 in
169 4287 273 4345 eadem
288 4286 367 4343 euim
381 4286 446 4359 ipsa
456 4287 503 4343 die
514 4288 638 4345 educam
649 4291 808 4347 exercitum
818 4296 950 4350 vestrum
1004 4309 1073 4349 vasa
1087 4295 1225 4363 argentea
1238 4293 1269 4345 et
1283 4304 1382 4358 aurea,
1399 4291 1568 4359 vestemque
1588 4286 1759 4360 plurimam.
1774 4286 1831 4344 De·

133 4375 162 4432 de
176 4383 254 4432 terra
268 4375 393 4448 AEgypti
409 4382 438 4432 et
448 4377 620 4434 custodietis
629 4379 706 4435 diem
717 4379 807 4436 istum
819 4381 849 4436 ia
860 4397 952 4455 gene·
1005 4380 1048 4437 dit
1058 4386 1157 4438 eutem
1167 4376 1442 4451 Dominusssratiam
1453 4375 1561 4451 populo
1573 4375 1831 4450 coramAEgyptiiq

133 4465 256 4523 rationes
266 4466 445 4523 vestrasrilu
455 4469 712 4540 perpetuo.Primo
723 4488 835 4546 mense,
846 4477 952 4545 quarta
1006 4476 1040 4528 ut
1066 4469 1289 4527 oommodarent
1312 4468 1376 4524 eis:
1393 4472 1423 4523 et
1438 4465 1642 4538 spoliaverunt
1669 4464 1832 4540 AEgyptios.

135 4554 243 4610 decima
258 4554 307 4610 die
319 4555 431 4610 mensis
446 4556 482 4612 ad
497 4572 661 4631 vesperam,
678 4561 837 4618 comedetis
853 4579 954 4636 azyma
968 4553 992 4618 l)
1007 4561 1052 4633 [T.
1071 4558 1154 4630 llll]
1169 4556 1353 4629 Proiectique
1367 4561 1438 4613 sunt
1453 4554 1506 4612 tilii
1526 4554 1615 4613 lsrael
1631 4556 1667 4612 de
1694 4555 1835 4613 bamesse
1895 4630 1901 4637 ι

135 4656 222 4715 usque
236 4643 317 4699 diem
331 4644 502 4702 vicesimam
513 4646 639 4719 primam
650 4649 783 4722 ejusdem
795 4653 905 4709 mensis
918 4652 955 4709 ad
1010 4650 1040 4705 in
1056 4649 1190 4716 soccoth,
1206 4650 1343 4704 sexcenta
1364 4646 1423 4703 iere
1437 4644 1531 4703 millia
1545 4644 1677 4718 pediturn
1692 4644 1834 4715 virorum,

134 4744 292 4806 vesperam.
308 4732 428 4806 Septem
443 4734 550 4793 diebus
564 4736 744 4796 fermentum
761 4757 819 4796 non
830 4739 957 4800 invenie·
1011 4739 1122 4811 absque
1137 4735 1277 4811 parvulis,
1292 4738 1322 4793 et
1341 4734 1517 4793 mulieribus
1531 4733 1543 4770 ⁸
1567 4735 1608 4808 [b.
1637 4750 1696 4793 non
1725 4733 1833 4793 hebet:

168 4946 188 5007 ¹.
201 4951 303 5010 Canon
318 4953 407 5010 Hebr.
424 4967 481 5012 rer.
497 4949 582 5014 docet
597 4959 675 5016 unde
688 4957 837 5018 tollendus
855 4958 895 5018 sit
907 4976 957 5037 ag·
1014 4957 1110 5020 breico
1122 4959 1290 5042 tormentum
1304 4952 1442 5026 legimus,
1458 4968 1517 5009 non
1532 4952 1729 5035 tormentatum
1740 4946 1836 5004 Mssa.

138 5037 280 5093 nus,nam
297 5026 333 5081 ad
346 5024 637 5099 demossuosadJeoit,
655 5033 830 5089 cicuituret
847 5033 959 5104 bediu
1051 5061 1084 5074 -
1099 5032 1147 5087 Sro
1176 5034 1254 5085 recte
1278 5028 1389 5084 babent
1417 5041 1488 5081 mss.
1515 5027 1620 5091 nostri,
1647 5021 1836 5092 fomentum:

137 5095 210 5165 qood
226 5096 321 5152 Arabs
337 5098 444 5169 partim
456 5100 710 5172 expressitdiceus
732 5104 905 5177 idquecoput
926 5121 962 5163 es
1015 5120 1101 5162 secus
1129 5103 1237 5175 quibus
1266 5098 1400 5155 Martias.
1429 5112 1501 5153 usus
1530 5098 1585 5162 est,
1622 5093 1835 5162 temeratam.

137 5166 240 5222 acibus·
252 5166 408 5224 Glossema
417 5169 532 5228 videtur
547 5150 756 5247 mergtaete'in
772 5192 892 5303 corpere
904 5194 962 5260 po·
1015 5173 1182 5232 Membauo
1198 5172 1288 5228 babet
1303 5169 1483 5226 notationem
1498 5168 1528 5223 in
1544 5182 1637 5239 marg.
1653 5164 1837 5235 termentum,

136 5240 817 5322 situmalibrariis.Proximumsstbuicquo
854 5247 963 5322 legitur
1018 5264 1078 5304 non
1095 5250 1129 5301 ut
1143 5244 1193 5301 alii
1207 5245 1416 5314 fermentatum.
1483 5309 1488 5322 .
1916 5290 1919 5297 ,

137 5325 198 5382 ⁰⁸12·
215 5327 224 5365 ¹
241 5308 464 5380 1¹⁰V¹2¹⁰¹2V0r³·
485 5316 527 5370 ¹⁰·
542 5315 638 5374 MART.
1054 5320 1065 5354 ³
1081 5316 1206 5374 lectioni
1222 5313 1344 5371 canonis
1356 5312 1547 5371 consentiunt
1561 5313 1621 5365 tres
1650 5321 1726 5389 mse
1752 5304 1838 5363 codd.
1903 5372 1906 5379 Ι

171 5378 373 5439 -Voculasct
383 5382 610 5444 domorUrbinas
619 5404 675 5444 ms.
687 5387 814 5461 ignorat.
824 5390 964 5448 Habrsus
1018 5389 1190 5447 colbertina
1199 5385 1393 5453 bibliothecas,
1409 5390 1437 5439 et
1452 5395 1528 5438 unus
1543 5394 1558 5434 e
1574 5379 1786 5460 recentioribus
1806 5376 1841 5462 β.

137 5436 207 5512 mul
221 5464 271 5512 niv
285 5464 440 5517 mit-niu
455 5469 504 5517 nu
516 5474 631 5531 merum,
646 5460 818 5534 perdomum
837 5466 964 5535 potrum.
1020 5461 1158 5519 Germani
1173 5457 1306 5516 aPratis.
1322 5454 1422 5538 Deleta
1435 5459 1531 5509 autem
1561 5449 1699 5507 videntur
1722 5465 1750 5532 m
1775 5445 1843 5505 alrls

137 5539 301 5650 “iamper
311 5527 434 5654 mam·
628 5603 633 5614 ι
1021 5533 1126 5615 ultime
1139 5531 1238 5594 verba.
1253 5531 1280 5585 et
1295 5526 1469 5653 mimam
1486 5525 1604 5596 propter
1619 5523 1842 5581 adnotationem

136 5597 401 5728 “mmm-otton
416 5604 967 5750 ἓοίῗὸτουῐὲηῗὲἐᾶἵιὲιῶιῖεῆωἱοῑέἑυὲιο.
1022 5603 1216 5677 marginalem
1231 5613 1364 5658 canonis.
1409 5612 1474 5652 sar.
