3870 6120
39 354 45 363 ,
154 304 215 367 135
740 288 905 353 Pertinet
930 289 1282 358 BENElJlGTlNORUM
1805 302 1864 363 teti

153 438 288 501 metrrbra
316 434 526 506 distinxisset,
542 428 650 490 etsibi
664 428 794 489 invicem
812 446 828 486 e
847 425 975 507 regione
989 426 1017 494 A
1032 425 1211 507 citiusflhrec
1230 430 1345 493 cerba:
1371 428 1450 486 Ἀλλ’
1478 427 1571 500 ἐπειδὴ
1601 428 1696 486 πολλὰ
1726 432 1777 504 μὶν
1806 437 1862 488 τῶν

153 536 355 619 opposuisset,
386 551 447 592 una
474 548 543 588 curn
558 525 718 587 Hebraico
745 530 840 603 textu,
865 521 977 584 Hexa-
1030 519 1139 602 ἀσαφῶν
1168 527 1185 594 ἡ
1214 530 1269 583 τῶν
1298 527 1400 604 στίχων
1441 528 1589 607 σαφηνίζει
1629 527 1758 606 insipere<
1800 531 1864 596 Ubi

148 635 275 718 plorum
318 629 407 691 nobis
433 624 621 709 exemplaria
663 623 804 705 reliquit.
834 623 878 684 De
906 639 975 682 ver·
1030 619 1140 696 στίχους
1182 634 1270 688 vocat
1312 648 1378 710 qun
1419 631 1498 690 κῶλα
1522 628 1625 689 dicere
1662 629 1859 693 debuisset...

20 766 23 773 ·
77 782 80 789 .
151 733 201 795 bis
235 731 320 793 hisee
360 726 489 800 Graecis,
532 727 632 786 διελών
648 749 677 784 τε
693 728 762 804 πρὸς
776 725 867 783 κῶλον
907 719 976 779 luee
1030 732 1125 804 supro
1153 724 1340 800 monuimus,
1374 725 1454 807 quid
1473 726 1617 808 primum
1643 725 1681 787 ab
1713 726 1861 809 Origene

151 831 226 893 satis
254 824 426 906 disputarit
459 822 612 885 Henrieus
653 819 806 894 Valesius,
849 815 977 878 Eusebii
1021 821 1201 903 prestitum
1229 823 1274 882 sit
1301 823 1334 883 in
1362 822 1579 906 Hexaplorum
1593 824 1731 886 editione
1749 846 1757 886 :
1775 827 1862 908 quod

149 927 304 1005 interpres
345 921 586 993 eruditissimus,
626 917 698 998 jure
742 915 854 978 merito
882 913 976 976 catti·
1030 919 1179 1001 singutas
1222 921 1493 1003 interpretationes
1522 930 1580 1004 per
1604 943 1747 984 versuum
1786 925 1858 986 cola

150 1043 228 1104 gans
264 1020 584 1100 christophorsonum
626 1015 711 1096 quod
741 1012 868 1076 verterit
891 1031 974 1092 prae·
1030 1018 1190 1082 distinxit.
1227 1019 1339 1101 Itaque
1375 1041 1518 1081 versuum
1560 1021 1725 1083 distinctio
1763 1044 1858 1104 quam

149 1123 233 1183 dieta
260 1120 357 1182 verba
396 1114 573 1178 columellis
616 1114 697 1175 inter
738 1132 771 1172 se
806 1108 974 1172 distinxit:
1030 1114 1123 1176 leodic
1137 1117 1170 1177 in
1185 1117 1394 1200 Septuaginta
1420 1118 1586 1180 Seniorurn
1602 1119 1859 1203 interpretatione

150 1220 221 1281 eoin
248 1217 333 1280 enim
361 1221 436 1277 sunt
459 1233 567 1276 versus
595 1230 649 1272 seu
680 1210 821 1271 membre
848 1225 974 1269 centum
1030 1215 1197 1293 cernimus,
1226 1214 1384 1296 Origenis
1426 1216 1582 1278 inuentum
1624 1224 1681 1278 est.
1711 1219 1762 1280 Sia
1789 1220 1855 1299 ille,

148 1318 308 1397 integrum
337 1312 543 1377 absolventis.
574 1312 689 1372 Verum
731 1309 797 1388 ipse
833 1303 975 1367 Valesius
1029 1313 1172 1391 origenis
1199 1314 1326 1393 quidem
1361 1313 1524 1375 inventum
1548 1321 1605 1390 est,
1637 1315 1723 1394 quod
1755 1316 1855 1378 inter·

147 1435 213 1478 non
252 1413 377 1476 videtur
423 1416 570 1472 naturam
613 1424 761 1468 versuum
811 1403 975 1482 Scriptum
1030 1412 1221 1490 pretationes
1250 1415 1374 1474 Graeeas
1410 1431 1427 1473 e
1456 1413 1584 1492 regione
1619 1413 1679 1474 sibi
1719 1414 1854 1476 invicem

55 1511 60 1517 ’
146 1513 238 1595 plene
266 1514 439 1583 assecutus,
465 1508 540 1588 quia
558 1504 724 1568 contundit
741 1503 774 1564 in
791 1497 974 1580 Hieronymi
1028 1509 1234 1589 opposuerit:
1277 1517 1311 1573 er
1353 1529 1417 1572 nen
1454 1511 1547 1572 senile
1585 1511 1856 1591 acquiesceremus

147 1608 397 1691 praetatiunculis
425 1606 495 1668 oola
530 1622 677 1666 versuum
706 1619 778 1663 cum
813 1596 973 1661 commati·
1028 1607 1145 1670 Valesii
1172 1608 1339 1670 sententiar
1367 1608 1399 1669 in
1415 1608 1514 1688 priori
1542 1609 1685 1688 Origenis
1712 1609 1854 1686 invento,

143 1708 215 1783 bus,
245 1726 315 1788 tuae
343 1711 450 1786 pariet
478 1708 551 1765 tuni
581 1707 614 1764 0l
640 1699 783 1762 mimbffl
817 1697 971 1768 ⁰⁰l⁰1⁸¹¹¹1b
1027 1723 1090 1784 quo
1126 1705 1246 1768 scilieet
1284 1725 1431 1768 versuum
1467 1706 1701 1769 distinctionem
1726 1707 1853 1770 deriva-

145 1825 272 1869 sensum
312 1804 472 1884 integrum
501 1799 616 1881 sepius
656 1817 721 1861 non
762 1793 969 1860 absolventis.
984 1805 1009 1872 Β
1024 1807 1088 1864 tam
1105 1802 1181 1865 dicit
1194 1803 1227 1865 in
1255 1804 1465 1885 Septuaginta
1502 1804 1669 1866 Saniorum
1697 1805 1855 1886 interprn.

144 1906 207 1967 Sed
234 1925 304 1985 age,
341 1904 540 1986 proteramus
566 1900 599 1960 in
628 1897 765 1959 medium
792 1893 971 1958 adnotatio·
1025 1900 1519 1976 tationem.eredibi1iussemi
1543 1901 1648 1974 fallor,
1679 1902 1851 1982 aliqualem

143 2022 216 2067 nem
237 2002 438 2067 Valesianam
461 2001 494 2061 in
518 1999 623 2061 locum
653 1993 779 2057 Eusebii
803 1992 872 2073 jam
900 1991 970 2052 lau·
1025 2016 1171 2061 versuum
1213 2005 1245 2061 et
1285 2005 1480 2062 nominarem
1522 1998 1708 2061 divisionem
1745 2000 1853 2063 obser.

39 2098 42 2103 '
141 2103 263 2164 datum.
281 2100 425 2174 Primus,
439 2094 554 2177 inquit,
582 2092 667 2176 apud
693 2091 822 2153 latinos
850 2087 969 2149 Hiero·
1024 2114 1113 2158 rasse
1167 2102 1288 2160 veteres
1342 2097 1414 2160 illos
1467 2101 1593 2159 Grecos
1646 2097 1848 2177 interpretes,

142 2219 253 2277 nymus
296 2194 582 2279 interpretationem
624 2211 713 2252 suam
763 2198 821 2272 per
862 2207 969 2248 versus
1024 2194 1231 2275 septuaginta
1282 2195 1364 2267 dieo,
1417 2195 1577 2274 equiem,
1621 2195 1849 2275 symmnnhnm

142 2296 304 2374 distinxit,
322 2295 465 2356 imitatus
485 2291 671 2372 Origcntm,
694 2288 750 2371 qui
765 2288 798 2348 in
812 2284 970 2367 Hexapiis
1024 2299 1055 2355 ei
1082 2292 1341 2367 Theodotionom,
1372 2311 1467 2373 quam
1498 2293 1629 2355 confuso
1658 2311 1788 2372 prorsus
1821 2299 1852 2356 ei

143 2395 224 2455 idem
258 2393 464 2476 prestiterat.
516 2390 619 2451 Porro
665 2386 824 2468 Origenes
861 2384 895 2445 in
936 2402 970 2443 eo
1023 2391 1206 2453 indistincto
1247 2392 1465 2472 imperitorum
1521 2391 1711 2472 scriptorum
1763 2410 1851 2456 more

143 2493 275 2557 maxime
302 2491 463 2555 consuluit
505 2489 679 2571 legentium
708 2484 855 2549 utilitati.
885 2483 969 2546 Nam
1023 2506 1096 2552 suas
1119 2490 1277 2552 versiones
1301 2489 1489 2552 condidisse.
1512 2490 1559 2551 lix
1585 2489 1724 2569 iosepbo
1747 2495 1850 2551 osten·

140 2611 329 2674 quacunque
337 2599 396 2673 per
421 2608 530 2649 rusus
559 2586 713 2647 distincta
740 2589 825 2662 sunt,
854 2602 889 2642 ea
908 2584 970 2659 sa·
1023 2607 1092 2650 sum
1117 2594 1424 2669 quoqoeestsupra,
1453 2586 1728 2650 consuetissimum
1754 2587 1850 2649 tuisse

140 2689 248 2769 ellim,
279 2695 345 2749 ium
375 2686 614 2767 intelliguntur,
632 2689 698 2745 ium
713 2680 867 2743 memori&
881 2698 970 2739 man·
1025 2705 1143 2749 morem
1158 2686 1243 2768 opud
1266 2693 1387 2748 veteres
1415 2691 1571 2760 auctores,
1602 2691 1695 2747 aetote
1722 2692 1849 2765 aposio-

142 2788 272 2849 dantur.
288 2786 385 2848 Adde
399 2784 484 2866 quod
514 2784 557 2844 ad
574 2781 704 2844 Graecas
719 2779 872 2841 editiones
888 2777 970 2837 inter
1023 2784 1062 2846 lio
1089 2785 1238 2864 aequales,
1267 2802 1364 2865 opera
1389 2783 1550 2845 dividendi
1568 2801 1625 2863 per
1661 2801 1781 2859 versus,
1810 2801 1851 2845 oo

66 2934 69 2939 ,
142 2905 174 2946 se
227 2883 465 2967 comparandae,
514 2889 649 2963 prorsus
689 2876 866 2939 necessaria
906 2873 971 2941 fuit
1024 2897 1132 2943 eornm
1174 2898 1341 2943 nnmerum
1381 2880 1414 2941 in
1456 2880 1518 2941 fine
1560 2879 1713 2940 librorum
1750 2878 1848 2940 edun.

142 2982 327 3063 lrujusmodi
379 2978 555 3042 distinctio.
586 2975 770 3058 Exemplum
812 2971 970 3054 Origenis
1024 2977 1124 3041 tendi.
1152 2980 1311 3041 Praeieree
1335 2977 1411 3040 libri
1445 2984 1587 3060 στιχήρεις
1616 2976 1701 3049 dicti,
1732 2976 1764 3037 id
1791 2982 1850 3050 eet,

141 3080 240 3140 secuti
260 3084 333 3139 snut
343 3083 450 3160 postea
479 3075 663 3159 complures,
688 3079 717 3133 et
739 3072 772 3133 in
786 3071 874 3133 Novo
896 3068 924 3129 T
919 3089 970 3129 es·
1023 3073 1091 3155 lob,
1147 3074 1284 3154 Psalmi,
1335 3072 1520 3146 Propertio,
1576 3072 1782 3134 Ecclesiastes
1820 3079 1851 3137 et

142 3183 276 3237 tarrsento
305 3176 387 3236 idem
411 3175 639 3257 prestiterunt,
669 3170 754 3252 quod
794 3169 850 3230 ille
869 3167 1004 3251 priusc
1028 3172 1197 3236 Canticum
1237 3173 1440 3252 canticorum,
1479 3172 1620 3235 versibus
1670 3172 1710 3234 eh
1756 3171 1849 3233 initio

141 3278 261 3341 fecerat
287 3274 321 3334 in
368 3271 474 3334 Vetere
500 3270 726 3347 Instrumenta,
763 3272 798 3326 ut
834 3269 968 3324 testatur
1021 3272 1289 3351 commotisunt,
1311 3271 1401 3332 Unde
1428 3269 1557 3332 evidene
1585 3269 1725 3349 exsurgit
1752 3288 1848 3349 argu.

143 3369 324 3441 Hssstcit'us
364 3367 676 3444 Hierosolymiianus
710 3364 743 3425 in
772 3362 854 3425 libro
878 3381 965 3442 quem
1022 3376 1173 3443 mentum,
1206 3369 1291 3449 quod
1318 3368 1351 3430 in
1379 3368 1441 3430 illis
1477 3368 1589 3430 saltem
1615 3368 1703 3429 libris
1731 3367 1846 3431 divisio

141 3468 308 3550 inscripsit
349 3476 488 3551 Στιχηρὸν
527 3465 691 3528 duodecim
729 3461 963 3546 prophetarum·
1020 3487 1167 3531 versuum
1185 3468 1349 3529 inventum
1377 3467 1521 3545 Origenis
1535 3465 1646 3527 haberi
1662 3465 1845 3527 nullatenus

145 3565 246 3645 Quem
260 3566 385 3647 quidem
400 3564 517 3628 librum
534 3564 603 3626 ideo
619 3563 666 3624 sic
693 3561 868 3644 inscripsit,
882 3559 967 3640 quod
1019 3567 1122 3630 dehet,
1165 3568 1261 3629 Plura
1289 3573 1363 3628 eunt
1402 3566 1434 3627 in
1477 3565 1683 3627 adnotatione
1712 3565 1842 3640 Vnieeii,

141 3666 185 3726 ad
232 3664 409 3746 marginem
450 3662 654 3745 singulorum
690 3680 834 3721 uersuum
871 3665 965 3740 appo·
1019 3666 1178 3746 precipue
1215 3666 1395 3727 Graeeorum
1418 3663 1586 3724 verborum
1612 3662 1759 3743 Hesychii
1800 3663 1852 3724 in·

140 3770 246 3823 serrat
301 3762 521 3844 expositionem
578 3760 716 3822 locorum
762 3755 963 3838 difficilium,
1020 3763 1277 3843 terpretationem
1307 3761 1494 3840 spectantia,
1533 3779 1605 3840 quae
1647 3761 1847 3823 eruditorum

139 3861 223 3942 qnod
272 3867 463 3942 παρατίθεσθαι
494 3866 524 3920 et
550 3867 696 3941 παράθεσιν
753 3857 818 3938 ipse
865 3859 962 3914 vocat.
1014 3861 1135 3942 judicio
1175 3859 1397 3941 permiitimus,
1426 3863 1563 3920 Tantum
1602 3857 1706 3919 dinem
1746 3860 1847 3939 flegy.

149 3958 245 4020 Vcrba
287 3957 444 4034 Hesychit'
470 3963 545 4019 suni
573 3956 656 4018 haect
686 3965 764 4021 Ἔστι
781 3960 828 4034 μὲν
847 3960 962 4035 ἀρχαῖον
1018 3959 1124 4021 chium
1140 3959 1283 4039 apposite
1310 3977 1419 4020 versus
1448 3957 1624 4037 appellasse
1639 3952 1765 4029 στίχους,
1781 3975 1848 4018 non

136 4067 217 4119 τοῦτο
232 4067 290 4127 τοῖς
320 4063 462 4141 erepton<
483 4061 514 4116 τὸ
540 4057 713 4133 sustinone,
730 4053 861 4133 στιχηδὸν
878 4056 964 4118 bere
1016 4062 1152 4134 nolant
1178 4055 1280 4118 voluit
1307 4055 1452 4120 Valesius
1480 4055 1571 4115 colon
1598 4055 1682 4116 enim
1711 4054 1850 4117 sumitur

137 4157 323 4236 πολλοὶπρὸς
350 4160 400 4230 τὴν
426 4163 479 4213 τῶν
504 4156 702 4231 peierantem
732 4156 889 4234 σαφήνιιαν,
915 4152 962 4216 τὰς
1017 4158 1102 4239 apud
1134 4157 1361 4237 Hieronymum
1398 4175 1455 4235 pro
1507 4155 1665 4217 sententia
1706 4155 1846 4235 integra,

137 4257 305 4332 προφητείας
321 4255 483 4326 ἐκτίθεσθαι,
508 4255 578 4328 σίου,
595 4268 661 4328 quw
684 4245 794 4307 latim
822 4245 867 4305 ita
892 4246 963 4306 red·
1017 4274 1088 4334 quie
1103 4255 1227 4316 duobus
1255 4253 1305 4315 vel
1327 4253 1428 4315 tribus
1443 4252 1531 4315 eaesis
1546 4253 1685 4315 decurrit
1698 4251 1730 4313 iu
1746 4252 1848 4314 sacrm

135 4347 242 4408 dimus
260 4369 266 4408 :
286 4349 397 4409 Libros
436 4345 639 4428 propheticos
670 4343 798 4423 majoris
839 4342 962 4423 perspi·
1016 4352 1127 4414 libris:
1158 4348 1254 4424 στίχος
1277 4369 1352 4412 vero
1390 4349 1506 4411 dieitur
1533 4349 1698 4428 quodlibet
1725 4366 1847 4410 cassum

135 4446 261 4507 cultelli!
301 4464 397 4507 cauta
437 4462 494 4525 pti
536 4460 685 4505 1611111111]
714 4442 786 4504 0018
808 4441 959 4515 dividere·
1015 4449 1088 4526 coli,
1128 4454 1159 4510 et
1194 4447 1346 4527 quaelibet
1383 4445 1605 4509 subdistinctio
1637 4447 1669 4507 in
1709 4445 1850 4526 periodis

135 4543 403 4607 velusintenlum
431 4551 479 4604 1111
503 4549 686 4604 sanctorum
715 4542 856 4602 Petrum·
882 4541 1209 4614 Nembssrmonum.
1240 4549 1316 4607 item
1334 4544 1488 4624 exemplis
1517 4544 1715 4605 manifestam
1742 4544 1849 4605 lacere

135 4640 224 4702 initio
274 4641 340 4702 siue
390 4640 456 4702 ulla
511 4639 716 4701 distinetione
758 4638 959 4717 legebantur.
1012 4642 1359 4725 juvabit.Pselmus1
1401 4643 1483 4703 hane
1512 4641 1624 4703 habuit
1666 4641 1851 4721 antiquitus

136 4741 251 4800 Postea
265 4755 338 4800 vero
353 4738 411 4800 riri
426 4739 511 4800 docti
536 4746 568 4801 et
581 4755 744 4801 sacrarum
770 4736 960 4799 Litterarum
1017 4760 1163 4805 versuum
1203 4741 1441 4821 dispositionem
1475 4758 1511 4800 ae
1544 4739 1781 4801 distinctionem
1818 4740 1849 4800 iu

136 4837 281 4907 studiosi,
308 4836 447 4917 majoris,
464 4843 499 4899 ut
514 4837 590 4910 dixi,
608 4834 840 4915 perspicuitatis
853 4853 960 4914 eausa,
1015 4839 1236 4904 vetustissimis
1261 4839 1469 4902 Ecclesiarum
1487 4838 1720 4899 monumentis:

135 4934 321 5015 hujusmodi
347 4954 496 4997 versuum
525 4932 762 4997 distinctionem
801 4933 960 5012 excogita·
1055 4948 1163 5004 Beatus
1175 4945 1219 5001 vir
1235 4945 1286 5017 qul
1297 4962 1354 5001 nen
1380 4943 1454 5000 abiit
1468 4944 1498 4998 in
1522 4942 1645 4999 concilio
1674 4942 1849 5017 impiorum,

136 5037 219 5095 runt.
250 5035 299 5095 lta
325 5033 558 5112 Prophetarum
571 5030 643 5092 libri
658 5029 697 5090 ab
712 5029 775 5091 illis
787 5029 864 5091 editi
877 5035 960 5091 sunt.
1088 5024 1117 5074 et
1139 5019 1169 5074 ln
1199 5015 1244 5073 tlt
1273 5020 1460 5088 90⁰⁰⁸l⁰r1¹111
1489 5031 1548 5070 non
1574 5014 1666 5080 ttelit.

160 5132 167 5146 ·
271 5131 311 5144 ··
452 5129 485 5161 ·.
527 5129 534 5142 ·
723 5127 729 5141 ·
1089 5089 1161 5145 etin
1177 5089 1316 5145 cathedra
1345 5086 1587 5159 pestilentiorem
1603 5087 1689 5142 sedit.

136 5134 187 5195 Sic
202 5131 328 5193 Davrdrs
343 5131 486 5203 Psalmi,
510 5147 554 5190 are
580 5128 763 5201 proverbia,
794 5134 825 5189 et
852 5127 963 5189 liente-
1054 5161 1110 5216 Sed
1128 5160 1232 5233 inlege
1249 5158 1365 5216 Domini
1380 5158 1517 5214 voluntas
1532 5157 1620 5228 ejus:

135 5229 256 5304 siastes,
287 5234 319 5290 et
347 5228 511 5289 Canticum
555 5226 761 5287 cantieorum.
804 5225 855 5287 Sic
882 5225 963 5286 liber
1087 5237 1117 5288 et
1131 5232 1161 5287 in
1176 5232 1240 5304 lege
1255 5234 1319 5302 eius
1335 5230 1529 5286 meditabitur
1543 5229 1590 5284 die
1605 5245 1638 5284 ae
1653 5233 1748 5289 noete.

133 5326 206 5389 tobi
233 5346 289 5408 per
315 5345 425 5388 versus
449 5324 617 5385 distinctus
645 5323 812 5403 reperitur.
855 5324 963 5385 Sedet
1055 5331 1124 5392 Duo
1138 5331 1181 5391 ibi
1202 5334 1277 5391 sunt
1292 5324 1381 5397 κῶλα,
1411 5328 1443 5390 id
1478 5335 1526 5390 esi
1562 5328 1633 5388 duae
1670 5326 1847 5400 sententies,

135 5424 252 5485 librum
292 5424 522 5504 Apostolicum,
552 5422 668 5494 idest,
697 5425 795 5482 Actus
832 5429 864 5483 et
890 5422 961 5500 Epi·
1017 5427 1104 5506 prior
1136 5426 1339 5499 trimembris,
1371 5433 1403 5488 et
1444 5425 1599 5505 posterior
1636 5424 1844 5486 bimembris:

136 5519 233 5580 stolas
269 5520 486 5600 apostolorum
511 5518 571 5578 hoe
600 5519 695 5579 modo
736 5517 776 5578 ab
805 5517 962 5598 aliquibus
1017 5524 1157 5603 quinque
1192 5529 1297 5586 autem
1326 5524 1469 5586 membra
1510 5529 1542 5583 et
1584 5522 1723 5601 quinque
1752 5518 1847 5596 στίχοι

138 5615 330 5697 descriptum
352 5617 469 5681 inveni.
498 5613 675 5697 Subjungit
715 5615 828 5676 deinde
855 5615 961 5695 Hesy-
1014 5640 1072 5685 seu
1110 5639 1218 5683 versus
1254 5621 1457 5703 Hesychiani,
1497 5619 1554 5700 qui
1595 5618 1730 5699 singulis
1773 5631 1849 5682 sen-
