3870 6120
96 245 157 304 tes
802 245 1109 311 aestuabimus.
1746 251 1806 312 luti
1918 286 1921 291 ·

95 375 206 449 ritino,
237 377 373 456 etquid
402 378 529 442 demum
553 381 586 443 in
613 382 736 444 amieria
776 381 924 444 omnibns
938 381 965 448 l
980 402 1068 445 versa
1082 384 1162 446 serie
1176 383 1320 445 lectionis
1335 381 1446 445 imulas
1470 382 1664 445 credidimus
1689 382 1803 464 impri-
1875 416 1879 421 ·

98 475 274 553 Scripturas
299 493 398 539 sacrm
426 478 642 542 voluminibus
669 480 807 562 positum
836 480 921 560 lege·
979 483 1117 558 mendas,
1134 504 1152 543 a
1168 481 1343 556 maioribus
1371 481 1491 543 nostris
1520 481 1631 542 ordine
1658 487 1802 543 currente
1903 552 1906 557 ,

99 579 196 634 retur.
217 573 338 636 Deinde
354 593 426 637 oum
455 576 496 637 ad
518 576 689 642 editionem
715 581 797 642 Lxx
824 581 925 641 inter·
978 581 1163 664 descriptos,
1179 587 1215 642 ut
1230 580 1327 642 lectar
1342 578 1466 641 utiliter
1491 580 1684 659 admonitus,
1709 580 1801 642 salu-

98 677 224 750 pretum
245 671 396 735 adornati
422 674 542 738 inerint
569 675 756 756 hujusmodi
783 677 867 739 tituli
894 681 926 739 et
979 678 1077 740 briter
1090 680 1244 742 reddatur
1256 683 1404 753 attentus,
1420 683 1450 738 et
1463 676 1568 754 facila
1594 697 1800 760 unamquam-

97 770 354 850 capituiaiionaa,
382 780 418 835 ut
445 774 610 838 nominum
639 781 672 838 et
701 776 923 840 vocabulorum
978 795 1037 858 que
1064 797 1128 838 rem
1158 778 1233 838 dum
1263 775 1385 857 querit,
1432 775 1582 855 inueniat,
1613 795 1706 856 quam
1739 776 1807 840 sibi

97 869 232 948 antiqua
247 870 364 950 prohat
387 872 561 948 harbaries,
593 874 789 955 antiquiores
817 876 924 937 Hiero·
980 876 1144 956 cognoscit
1157 875 1293 936 breviter
1306 873 1493 934 indicatam.
1508 872 1630 936 Titulos
1656 877 1802 937 Ootateu·

96 985 195 1048 nymo
212 969 292 1031 talos
319 970 440 1032 indices
467 988 537 1034 esse
563 973 616 1034 rix
643 973 783 1037 dubitari
810 980 923 1054 potest.
980 973 1043 1048 ehi,
1072 973 1226 1035 librorum
1257 972 1376 1034 scilicet
1404 971 1546 1051 quinque
1573 971 1803 1047 Mosaioornm,
1919 1023 1922 1027 .

95 1066 233 1129 Εοιάοω
262 1068 361 1147 igitur
390 1070 531 1133 habuere
559 1078 708 1151 parentes
737 1073 821 1136 tituli
842 1079 924 1136 vete·
980 1075 1087 1146 loeue,
1120 1071 1271 1133 iudicum
1298 1076 1331 1132 et
1358 1068 1457 1141 Ruth,
1489 1067 1701 1147 amajoribus
1740 1070 1805 1134 suis

95 1183 143 1226 ras
156 1170 192 1226 et
208 1165 361 1247 capitula,
379 1185 460 1247 quos
480 1167 659 1232 habuerant
686 1176 832 1233 auctores
859 1178 924 1233 tam
980 1170 1089 1232 ordine
1119 1169 1294 1248 descriptos
1321 1166 1466 1246 agnoscit
1493 1166 1697 1229 Cassiodorus
1728 1184 1735 1242 ;
1766 1174 1800 1231 at
1894 1193 1897 1199 ·
1929 1196 1934 1215 ·

94 1263 229 1325 diversa
257 1263 381 1326 Latina
409 1284 573 1328 sacrorum
615 1267 792 1331 Bibliorum
830 1270 924 1331 inter·
980 1267 1141 1328 nunidem
1169 1266 1203 1327 in
1232 1265 1321 1327 libris
1349 1264 1618 1344 Paralipomenon
1646 1264 1803 1330 insanisse

95 1362 304 1441 pretationas.
354 1363 426 1425 Scio
468 1365 658 1445 Hesychium
707 1367 923 1431 doctissimum
979 1383 1013 1426 se
1027 1364 1124 1426 dicit:
1141 1363 1182 1425 Iu
1203 1363 1384 1425 memoratis
1412 1367 1527 1436 autem,
1551 1362 1669 1442 inquit,
1697 1362 1804 1426 Para-

95 1459 318 1540 presbyterum
353 1463 567 1542 composuisse
600 1471 789 1544 argumente
825 1471 856 1527 at
879 1493 925 1529 ue-
979 1462 1154 1545 lipamenan
1170 1460 1266 1523 tibris
1280 1459 1402 1522 duabus
1407 1504 1639 1524 ........
1656 1461 1803 1542 quoniam

95 1565 204 1642 quitata
231 1559 267 1620 in
295 1558 452 1621 duodecin
480 1561 653 1642 prophetas
691 1563 839 1638 minores,
868 1567 923 1627 sad
979 1561 1091 1623 titulos
1120 1561 1267 1641 antiquas
1295 1579 1356 1621 nan
1384 1558 1498 1641 reperi,
1513 1578 1607 1621 novas
1621 1558 1664 1620 ad
1682 1568 1804 1643 prece·

95 1675 183 1718 nunc
215 1657 256 1719 de
279 1658 469 1720 Latinorum
498 1659 673 1723 tristiorum
701 1661 848 1743 capitulis
867 1662 922 1725 io·
978 1660 1119 1721 dentium
1134 1657 1381 1720 similitudinem
1398 1656 1647 1737 locissiugulis,
1663 1663 1699 1719 ut
1718 1657 1802 1722 eati·
1848 1650 1852 1657 ’

95 1772 192 1835 quor,
223 1774 297 1836 quse
325 1757 461 1818 multum
490 1758 610 1821 distant
632 1758 673 1820 ab
710 1760 925 1840 Hesychiano·
940 1762 965 1829 B
980 1777 1041 1831 ma,
1069 1761 1289 1837 consequenter
1315 1753 1462 1837 impressi
1487 1775 1496 1818 .·
1527 1759 1562 1814 ut
1593 1755 1803 1837 qualicunque

97 1871 166 1914 rum
183 1853 347 1934 elegantia
360 1860 395 1917 ei
415 1855 580 1919 fusilitate.
609 1857 752 1922 Primum
782 1876 800 1920 e
826 1859 925 1939 vigin-
979 1855 1125 1937 obsequia
1140 1853 1305 1929 sermonis,
1322 1852 1496 1915 deuotionis
1511 1857 1624 1914 nostru
1660 1853 1801 1933 qualitas

93 1950 312 2032 ticapiinlnm
340 1956 419 2015 Osee
445 1953 611 2035 prophete
639 1954 701 2017 hoc
729 1956 824 2018 modo
852 1975 924 2020 eon·
974 1954 1132 2036 patuisset
1146 1953 1290 2034 agnosci.
1311 1951 1452 2032 idipsum
1476 1951 1624 2031 praestitit
1650 1952 1683 2012 in
1713 1951 1802 2012 libris
1885 2010 1889 2015 .

91 2048 198 2110 texuit
225 2049 402 2130 Hesychius
431 2056 508 2113 tom.
553 2052 626 2114 vin
648 2052 835 2116 (triticorum
871 2074 921 2117 aa·
977 2052 1155 2114 Salomonis
1170 2050 1298 2114 nomine
1327 2049 1523 2131 prenotatis,
1552 2064 1669 2110 vocans
1697 2048 1801 2128 eapite

88 2164 243 2208 crorum:
274 2153 364 2211 sues
391 2161 443 2225 τῆς
475 2159 529 2212 τῶν
567 2153 708 2214 Ἰουδαίων
750 2166 921 2235 συναγωγῆς,
976 2150 1162 2233 beapitula,
1177 2147 1440 2230 quodaliislocis
1459 2146 1528 2226 jam
1553 2145 1701 2227 trecitatis
1728 2146 1801 2209 titu-

89 2250 169 2323 (ξῆς
188 2253 335 2328 iXpaesic
359 2253 390 2310 'ei
415 2253 484 2311 unni
505 2256 591 2330 σάρκα
608 2242 753 2313 abranus·
777 2257 823 2313 uel
853 2258 921 2315 λαοῦ
974 2249 1024 2311 los
1036 2247 1188 2329 appellnt.
1204 2247 1258 2311 Ait
1270 2245 1387 2326 igitur:
1408 2243 1535 2323 Quibus
1557 2242 1651 2304 libris
1680 2241 1726 2324 (id
1753 2248 1802 2308 osi

87 2350 124 2403 τὸ
147 2350 199 2421 pta
225 2348 253 2405 lt
277 2350 390 2424 &mstis
412 2346 530 2426 iprenses,
552 2354 585 2408 τὸ
609 2350 639 2409 st
661 2352 772 2431 ὕστερον
797 2355 922 2432 intrepi·
975 2345 1164 2427 Salomonis)
1180 2343 1460 2421 iuvanteDomino
1489 2340 1629 2424 capitula
1656 2341 1798 2423 insigni·
1916 2390 1923 2397 .

89 2467 135 2526 qn
149 2447 197 2503 nai
210 2449 352 2519 σώζεται·
383 2443 415 2504 id
439 2450 495 2519 est,
525 2444 639 2526 Imago
665 2466 837 2529 synagoge
862 2449 920 2518 lu·
974 2466 1009 2506 ra
1039 2444 1231 2523 curavimus,
1262 2462 1299 2504 na
1323 2443 1356 2503 in
1386 2447 1449 2503 tam
1464 2438 1641 2502 necessaria
1655 2439 1797 2518 lectione,

92 2539 248 2618 damn,
263 2540 303 2600 da
316 2558 379 2622 qua
397 2540 553 2605 Clrristus
579 2545 723 2605 nascitur
748 2548 918 2609 secundum
974 2548 1011 2605 ut
1039 2550 1117 2624 saepe
1142 2541 1263 2603 dictum
1288 2547 1346 2619 ast,
1374 2541 1505 2607 connisa
1534 2538 1650 2600 tironis
1677 2538 1800 2600 nouitas
1900 2602 1905 2617 .

89 2655 233 2712 comens,
260 2644 293 2698 rt
315 2639 437 2722 populi,
470 2641 526 2721 qui
540 2660 609 2702 aum
639 2643 679 2703 in.
695 2644 919 2707 incredulitate
973 2641 1181 2722 linqueretur.
1206 2638 1332 2700 Certum
1365 2654 1405 2700 ex
1441 2636 1491 2697 his
1533 2636 1798 2716 exploratumque

88 2737 315 2818 pemanserit,
351 2743 463 2820 pastea
504 2741 672 2802 revertitur
711 2746 741 2802 et
762 2742 915 2807 salvatur.
972 2740 1127 2802 habemus
1144 2737 1254 2800 titulos
1277 2736 1341 2797 siva
1370 2734 1512 2816 capitula
1538 2735 1671 2815 praeiixa
1699 2735 1797 2796 inissa

90 2837 140 2896 tta
171 2835 284 2897 Latine
312 2835 411 2897 reddo
438 2854 564 2899 sensum
585 2839 715 2919 capituli
743 2842 916 2921 Hesychia·
971 2837 1116 2917 pluribus
1157 2834 1393 2914 seripturarum
1436 2833 1524 2895 libris
1556 2837 1630 2894 ento
1664 2836 1789 2895 &talem

90 2931 137 3006 ni,
151 2931 242 3012 quod
256 2940 412 3014 quantum
428 2935 522 2997 distet
546 2955 566 2997 a
588 2938 773 3000 Latinorum
808 2939 917 3022 inepta
971 2935 1167 3000 casiodori:
1185 2933 1316 2996 eaenim
1344 2937 1437 2994 vocat
1465 2936 1578 2992 astares
1607 2930 1730 3008 titulos,
1760 2937 1792 2997 et

91 3032 337 3112 compositione,
354 3033 476 3095 ostendi
501 3039 605 3114 potest
633 3053 672 3098 ex
697 3038 806 3100 eodem
835 3039 916 3120 prio-
970 3033 1177 3109 amatoribus
1190 3033 1302 3094 ordine
1315 3036 1459 3093 sumente
1481 3029 1676 3097 descriptos:
1704 3030 1791 3110 quod

88 3129 276 3209 ricapttuto
295 3134 374 3192 Osse
396 3131 562 3213 prophete
591 3135 677 3215 apud
706 3135 821 3199 (larum
846 3137 913 3218 jam
930 3137 952 3208 c
971 3153 1036 3197 nou
1051 3141 1133 3198 esset
1153 3132 1213 3194 nisi
1227 3131 1259 3192 in
1280 3128 1438 3192 veteribus
1466 3128 1637 3205 codicibus,
1666 3133 1791 3210 tempo·

89 3226 259 3289 laudatum
275 3227 325 3289 his
339 3228 444 3291 verbis
456 3246 626 3311 expresso:
643 3236 669 3295 1.
694 3231 779 3295 Vade
805 3241 836 3295 et
862 3256 916 3297 aa·
970 3246 1003 3294 re
1031 3249 1095 3313 quo
1123 3228 1328 3294 Cassiodorus
1355 3227 1413 3289 iiia
1427 3227 1595 3299 scribebat,
1615 3226 1792 3290 inveniren-

89 3325 160 3407 cips
174 3323 237 3385 tibi
250 3344 377 3388 uxorem
382 3327 599 3405 fornicariam
614 3329 725 3411 (Osee.
741 3349 764 3410 ι,
793 3333 836 3416 2).
861 3336 917 3397 Ni·
968 3335 1020 3393 tur
1047 3332 1141 3409 longe
1170 3335 1263 3390 antea
1278 3326 1411 3389 exarati.
1441 3329 1525 3405 Ergo
1539 3326 1730 3389 recentiores
1754 3326 1792 3389 ti·

87 3422 133 3482 hii
163 3422 251 3484 aliud
280 3430 396 3504 praeter
430 3425 498 3490 hec
527 3427 913 3513 verbaoouiinetcapitu-
968 3431 1038 3507 tuli,
1056 3429 1231 3491 Bibliorum
1260 3443 1422 3488 sacrorum
1450 3425 1686 3505 exemplaribus
1714 3444 1792 3506 prae·

86 3519 154 3582 inm
187 3523 384 3600 praesencia
412 3541 486 3586 mss.
517 3526 638 3588 Latinis
671 3528 841 3591 oodioibus.
872 3534 912 3593 ΙΙ.
967 3528 1033 3602 tini,
1065 3533 1228 3588 auctorem
1256 3529 1433 3603 agnoscunt
1459 3523 1694 3597 ansiodorum,
1737 3540 1793 3586 nec

86 3616 130 3678 Et
145 3623 379 3680 eratnumsrus
403 3619 549 3691 filiarum
578 3621 683 3683 Israel
709 3623 793 3684 sicut
819 3644 913 3687 arena
966 3625 1097 3688 interior
1122 3629 1199 3686 atas
1227 3624 1273 3684 eis
1299 3620 1456 3701 assignari
1484 3626 1590 3700 potest
1616 3638 1711 3699 quam
1735 3638 1793 3682 sm·
1878 3654 1880 3659 ·

86 3715 303 3796 naris(lbid.
325 3718 387 3798 i0).
416 3721 472 3781 iil.
500 3718 576 3802 Ipsa
603 3721 680 3791 fecit
707 3728 857 3802 argentea
884 3730 914 3785 et
967 3724 1072 3787 ouium
1097 3729 1233 3786 sextum.
1264 3721 1328 3783 iiiii
1354 3720 1550 3800 antiquiores
1577 3718 1690 3798 primis
1717 3717 1792 3782 fidei

86 3833 183 3875 aurea
212 3830 299 3875 oasa.
338 3815 417 3884 Quid
456 3817 576 3879 hahent
615 3818 735 3881 indices
777 3821 823 3882 iiii
850 3828 912 3884 ires
966 3822 1163 3904 temporibus
1187 3819 1314 3902 prodire
1339 3821 1514 3900 potuerunt
1541 3834 1614 3878 oum
1642 3816 1706 3878 iilis
1735 3819 1791 3878 La·
1910 3880 1919 3895 ,

85 3928 257 3974 commune
296 3929 370 3974 oum
408 3915 502 3976 unico
543 3916 691 3996 Hesychii
731 3923 912 4004 requieto?
967 3920 1041 3984 tinis
1077 3918 1390 4000 interpretationibus
1431 3915 1679 3996 scripturarum,
1708 3932 1789 3994 quas

85 4011 160 4090 qnid
175 4026 253 4072 vero
282 4007 324 4072 ad
354 4012 563 4074 eruditionem
587 4016 754 4078 conterunt
777 4017 912 4081 obscura
964 4019 1214 4084 innumerabiles
1261 4035 1357 4097 supra
1404 4014 1529 4078 dicebat
1578 4013 1786 4093 Augustinus.

85 4107 290 4187 adeoseeha,
308 4115 342 4170 ut
371 4126 480 4172 eorum
509 4129 636 4174 sensum
664 4115 789 4194 assequi
816 4115 910 4178 mini·
964 4118 1123 4199 Quidquid
1138 4118 1176 4178 sit
1191 4118 1231 4178 da
1244 4119 1401 4177 vetustate
1429 4119 1460 4176 et
1489 4112 1672 4174 auctoribus
1700 4111 1795 4191 capte

84 4207 325 4287 meposaianisi
343 4226 383 4268 ex
410 4208 545 4272 lectione
575 4217 741 4273 contextus
770 4214 909 4294 prophe·
964 4218 1102 4279 tutorum
1133 4231 1204 4295 qum
1232 4213 1346 4275 divinis
1385 4210 1598 4273 voluminibus
1639 4210 1789 4288 leguntur
1884 4226 1886 4231 ·
1918 4296 1921 4301 ι

84 4305 168 4366 tici?
196 4309 308 4368 Restat
336 4304 434 4384 igitur
460 4306 570 4388 inepta
596 4308 793 4388 hujusmodi,
822 4313 909 4373 etei·
962 4315 1106 4396 praessxa,
1134 4311 1315 4374 indubitata
1342 4328 1393 4372 res
1412 4315 1469 4383 est,
1486 4308 1788 4388 parentemillaca-

85 4403 171 4464 milia
200 4402 340 4481 capitula
379 4405 561 4466 Latinorum
605 4405 789 4482 bibliorum,
832 4426 907 4471 oon·
963 4413 1064 4493 pitulo
1091 4428 1154 4473 non
1182 4409 1331 4471 hahuisse
1357 4408 1596 4488 Hieronymum.
1623 4410 1787 4468 Lemmata

84 4499 149 4562 dita
188 4500 286 4563 tuisse
329 4500 369 4563 ah
405 4500 561 4583 imperitis
602 4506 741 4586 antiquis
777 4507 1045 4589 scripto-nanim
1074 4507 1259 4589 hujusmodi
1287 4507 1425 4569 barbara
1453 4511 1485 4568 et
1508 4505 1629 4585 inepta,
1658 4503 1787 4584 imperi·

83 4599 168 4659 dhus
207 4605 237 4659 et
275 4596 511 4679 interpretibus,
546 4603 602 4682 qui
638 4620 696 4684 pro
737 4612 831 4684 captu
869 4625 906 4669 so
963 4617 1027 4671 tum
1057 4622 1186 4688 prorsus
1209 4610 1372 4668 auctorem
1389 4603 1508 4683 ubique
1536 4620 1648 4683 presse
1666 4600 1783 4676 ierunt,

83 4695 172 4756 libitu
215 4710 274 4756 suo
316 4694 374 4756 hos
411 4697 520 4760 titulos
560 4700 795 4780 exemplaribus
841 4705 905 4766 suis
960 4707 1045 4786 quod
1073 4707 1113 4768 de
1140 4704 1332 4783 Hieronymo
1360 4701 1410 4763 vel
1426 4699 1681 4780 cogitassenetas
1692 4703 1783 4762 esset.

81 4791 301 4873 praeiigehant.
345 4794 586 4875 antiquissimos
622 4799 768 4861 existimo
797 4802 905 4865 titulos
958 4807 1116 4866 Praeterea
1146 4800 1270 4862 nullum
1310 4803 1444 4879 apparat
1484 4796 1650 4876 vestigium
1692 4796 1726 4858 in
1751 4799 1784 4858 S.

79 4891 161 4962 ilios,
192 4908 256 4952 non
284 4898 390 4953 tamen
418 4895 559 4955 omnium
590 4895 743 4959 librorum
783 4900 903 4963 Veteris
957 4899 1100 4963 Doctoris
1141 4897 1300 4978 operibus,
1347 4896 1432 4958 unde
1464 4893 1579 4956 horum
1618 4893 1783 4957 titulorum

78 4986 294 5050 Testamenti:
321 4988 397 5069 quia
424 5006 486 5053 non
503 4993 645 5055 meister
670 4995 903 5076 aliquosiuisse
957 5016 1032 5061 usus
1060 4995 1146 5078 apud
1183 4996 1287 5075 ipsum
1333 4998 1480 5072 receptus
1508 4992 1724 5067 dignoscatur,
1753 4997 1784 5053 et

78 5085 288 5168 appositosa
329 5087 516 5152 cassiodoro
546 5097 667 5165 nostro,
696 5097 732 5155 ut
770 5097 900 5158 manite—
956 5096 1107 5176 capitula,
1138 5110 1274 5174 quorum
1300 5092 1353 5153 iila
1381 5090 1498 5172 sapius
1525 5090 1680 5164 meminit,
1711 5106 1783 5168 par·

76 5192 158 5247 stom
186 5183 279 5246 nobis
306 5186 354 5246 est
381 5202 419 5246 ex
449 5187 599 5269 subiectis
640 5191 697 5252 viri
736 5192 901 5256 clarissimi
957 5199 1004 5254 tes
1027 5196 1101 5254 eunt
1127 5191 1294 5272 ipsiusmet
1312 5193 1489 5251 contextus
1517 5187 1683 5260 librorum,
1717 5201 1782 5246 non

76 5282 278 5344 testimoniis.
295 5282 388 5345 Libro
415 5283 548 5366 itaque1
569 5287 609 5350 de
623 5288 686 5349 iilis
714 5288 812 5352 titulis
839 5291 901 5354 ista
956 5290 1040 5353 tituli
1055 5291 1247 5351 extrinsecus
1263 5287 1367 5368 positi,
1386 5287 1436 5348 vel
1455 5286 1488 5348 in
1513 5287 1616 5348 trente
1644 5282 1778 5362 praefixi,

76 5381 223 5443 observat
251 5381 455 5444 Cassiodorus
481 5400 489 5446 ι
523 5382 587 5447 Sed
625 5392 660 5448 ut
697 5394 799 5448 textus
835 5409 899 5450 me·
955 5393 1009 5473 qui
1037 5390 1220 5452 summatim
1250 5394 1478 5468 repraesentent
1518 5384 1643 5447 easdem
1674 5386 1782 5461 partes

76 5480 192 5540 norati
214 5478 404 5541 Octateuclri
431 5483 564 5562 quadarn
599 5484 690 5546 nobis
718 5488 898 5569 compendio
952 5490 985 5552 in
1001 5493 1090 5551 textu
1106 5489 1237 5569 positas.
1253 5489 1357 5567 thue
1382 5503 1449 5546 rem
1478 5480 1650 5562 prohemus
1673 5496 1780 5541 exem·

75 5577 274 5652 panderetur,
304 5576 338 5639 tn
357 5577 533 5662 principiis
555 5580 711 5644 librarum
748 5583 787 5645 ds
824 5587 898 5648 unia
949 5591 1021 5672 piis,
1065 5588 1219 5653 nonnulla
1262 5584 1335 5647 loos
1381 5597 1528 5644 mcensao
1572 5597 1589 5642 e
1631 5579 1782 5657 Quaestio
