3870 6120
559 192 668 255 um
683 189 773 251 iOBlr
790 189 998 255 PROPHBTB·
1570 202 1640 263 1000

89 318 154 390 ⁰1⁰⁸
169 319 202 373 ug
216 317 321 373 dente„
337 314 430 398 tennis
447 331 455 373 ς
469 385 475 398 1
776 313 805 383 Α
819 313 908 381 Dussi
923 321 1061 389 aspectus
1074 336 1226 391 eduorum,
1242 334 1377 399 mpeotns
1391 341 1514 385 eorum:

76 405 141 445 ures
156 389 229 460 ejus,
246 393 279 445 ut
294 386 383 443 cetulr
399 385 503 443 leonis.
854 390 883 442 et
898 390 983 459 quusi
999 393 1113 462 equites
1128 394 1170 451 sio
1186 402 1316 467 current,

75 461 169 519 ioeem
186 476 281 516 meam
297 459 326 514 in
342 458 504 528 desertum,
854 455 931 515 sicut
945 462 1484 544 sonitusqusdrigorumsuperceptis
1494 470 1640 529 montium

78 549 107 588 m
122 548 220 589 meom
234 529 423 587 decorticavit
440 547 446 586 :
888 531 1033 603 exsilient,

77 622 92 663 s
106 602 242 678 spoliavit
256 619 334 669 snm,
350 606 380 656 et
395 599 518 674 projecit
534 616 542 661 ι
853 600 931 658 sient
943 605 1058 661 sonitus
1073 607 1198 665 flumme
1214 610 1292 684 ignis
1306 611 1473 669 devorantis
1484 613 1640 686 stipulam,

75 675 118 733 ‚cti
131 682 202 732 sunt
219 674 292 731 rami
304 673 381 756 ejus.
620 742 626 755 ·
852 672 934 730 velut
948 677 1074 749 populns
1090 679 1174 735 tortis
1190 687 1371 753 preparatus
1386 685 1422 740 ed
1439 683 1585 756 prelium.

75 748 145 820 [ussi
157 748 240 819 virgo
251 748 382 805 eecrncte
395 760 482 803 sacco
496 759 586 817 super
599 758 695 805 virum
712 759 765 817 pu·
817 748 841 798 Α
857 745 929 801 ineis
939 748 1005 820 eJos
1018 751 1231 809 cruciabuntur
1246 754 1346 826 populi
1363 772 1370 812 ε

75 819 135 875 ¹stis
150 835 210 875 son
223 818 277 889 (At.
294 820 371 899 tunel..
632 886 639 898 θ
665 886 671 899 ι
841 832 957 898 'omnes
970 817 1069 879 uultus
1085 822 1254 897 redigentur
1268 825 1297 880 in
1312 825 1411 882 ollam.

75 890 223 949 rcriiieinm
239 894 269 946 et
283 887 385 951 libutus
400 887 435 943 de
452 889 539 943 domo
556 886 695 949 Domtnt:
817 886 897 944 Sicut
912 889 1001 947 fortes
1017 898 1145 962 current,

75 967 116 1018 tnt
130 962 297 1042 secerdotes
323 958 451 1014 ministri
466 957 591 1016 Domini.
854 961 940 1032 qussi
959 961 1014 1019 uirl
1028 963 1184 1023 bellatores
1195 968 1355 1024 escenderit
1365 968 1418 1041 (lt.
1431 970 1639 1043 ascenderunt)
1741 958 1745 967 ¹

75 1033 161 1091 ›ulata
175 1038 220 1091 est
235 1046 326 1104 regio,
890 1048 1021 1092 murum.
1512 1088 1524 1103 ,

75 1121 174 1163 tumus
191 1122 197 1160 :
844 1106 883 1184 ¹et
898 1121 958 1163 non
972 1104 1166 1169 declinabunt
1180 1128 1197 1167 a
1211 1111 1327 1169 semitis
1342 1112 1417 1169 sois.

74 1196 82 1234 r
98 1177 283 1233 devastatum
302 1178 346 1230 est
361 1173 504 1247 triticum,
817 1174 867 1231 litr
879 1174 933 1246 (At.
945 1176 1018 1252 Viri)
1034 1180 1067 1237 ln
1080 1179 1136 1239 viis
1150 1181 1213 1239 suis
1224 1183 1439 1258 gradieturitt.
1446 1184 1638 1257 gradientur),

75 1266 133 1307 tum
149 1253 194 1304 est
213 1247 327 1314 viuum,
819 1243 1013 1329 Unusquique
1028 1251 1148 1308 irntrem
1166 1271 1253 1311 suurn
1271 1272 1326 1311 non
1344 1257 1515 1328 coarctabit,

74 1321 108 1377 rit
122 1320 219 1377 oleum
237 1335 243 1374 :
854 1318 962 1391 singuli
978 1321 1007 1378 in
1023 1323 1096 1383 calle
1109 1340 1163 1380 suo
1178 1326 1375 1384 ambulabunt
1391 1344 1398 1384 :

75 1398 146 1450 sunt
159 1388 305 1464 agricolo.
817 1389 872 1447 Sed
888 1396 918 1449 ct
932 1409 984 1465 per
997 1394 1141 1457 iensetras
1151 1400 1267 1470 cedent,

75 1469 166 1521 'erunt
180 1461 319 1518 vinitores
335 1476 424 1533 super
438 1459 587 1521 frumento
600 1462 631 1519 et
645 1457 766 1528 hordeo,
855 1465 885 1527 et
899 1479 957 1523 non
973 1465 1180 1529 demolientur.

75 1536 150 1594 ›sriit
164 1534 271 1591 messis
286 1531 360 1605 egri.
819 1532 926 1590 Urbem
942 1534 1155 1609 ingredientur,

75 1607 175 1664 inlusa
190 1609 235 1662 est
252 1608 277 1660 ct
292 1604 366 1660 ttons
382 1602 517 1676 slenguit
532 1618 539 1661 ι
855 1604 885 1661 in
902 1622 985 1665 moro
1000 1615 1131 1668 current.

75 1683 227 1748 rensuum,
244 1680 273 1732 et
286 1675 395 1748 palme,
419 1679 449 1733 et
471 1672 594 1745 melum,
618 1675 647 1733 st
666 1674 767 1735 omnia
782 1684 806 1759 g
822 1679 927 1736 Demos
938 1683 1145 1753 conscendent,

75 1750 175 1822 tungri
192 1752 335 1805 eruerunt
350 1763 358 1802 ι
893 1750 1060 1811 rienestrss
1075 1753 1229 1812 iutrsbunt
1242 1753 1326 1827 qussi
1342 1754 1397 1811 lor.

75 1823 219 1880 contusum
234 1822 279 1875 est
293 1817 434 1901 gnudium
449 1834 467 1877 e
481 1815 551 1877 filiis
572 1815 742 1879 hominum.
820 1765 932 1878 Affinis
946 1823 1010 1895 elus
1021 1826 1199 1882 contremuit
1214 1830 1301 1894 terre,
1318 1826 1390 1882 moti
1406 1829 1477 1882 snut
1490 1824 1556 1882 emti
1574 1843 1581 1882 :

75 1911 96 1953 s
109 1911 170 1962 vos,
185 1897 214 1949 et
225 1890 365 1965 plengtis,
377 1890 558 1958 secerdotes,
567 1887 694 1961 utulate,
711 1888 766 1949 mi·
856 1891 899 1950 sot
911 1893 1019 1955 etlune
1033 1896 1216 1955 obtenebrati
1232 1902 1315 1967 sunt,

75 1965 246 2023 cieberis:
474 2032 513 2046 ..
562 2032 568 2044 Ι
627 2031 633 2042 ,
856 1964 990 2023 etstellae
1006 1973 1192 2028 retraxerunt
1207 1969 1394 2042 splendorem
1414 1985 1514 2026 sunm.

75 2038 150 2103 nint,
167 2036 270 2093 cunno
286 2035 315 2091 in
331 2049 426 2101 acero,
442 2036 570 2091 mintrio
586 2032 634 2089 θοι
650 2032 708 2091 met
724 2049 731 2088 =
821 2037 855 2095 ut
870 2038 1010 2099 nominoe
1024 2040 1107 2099 decit
1117 2055 1218 2099 rorem
1234 2056 1317 2098 soen
1333 2044 1402 2099 ente
1416 2039 1519 2097 testem
1531 2039 1642 2097 exeret-

75 2126 120 2166 nm
135 2108 247 2165 interiit
261 2108 296 2163 de
312 2107 397 2163 domo
412 2104 462 2162 Dei
478 2104 567 2163 uestri
588 2103 768 2167 sacrificium
891 2112 941 2169 tus
952 2108 1000 2169 etti
1015 2126 1023 2170 t

75 2183 169 2238 ibatio·
857 2180 926 2252 quis
943 2181 1034 2239 mults
1048 2187 1097 2240 sni
1112 2183 1201 2239 nimis
1213 2187 1310 2240 eostre
1324 2183 1399 2254 ejus,

75 2258 132 2310 rate
146 2251 303 2324 ieiunium,
857 2252 928 2324 quie
945 2252 1033 2317 ionia
1046 2259 1076 2312 et
1090 2254 1225 2313 leciemie
1239 2255 1360 2312 verbum
1376 2254 1441 2325 ejus
1456 2269 1464 2310 r

75 2341 83 2381 e
101 2328 220 2388 emtum,
822 2320 948 2397 Magnus
962 2324 1039 2382 enim
1055 2325 1118 2383 dies
1134 2325 1260 2395 Domini,
1276 2331 1305 2383 et
1318 2325 1460 2383 terribilis
1475 2324 1570 2383 valde:

111 2403 157 2454 ate
171 2411 269 2464 senes,
857 2401 886 2452 et
901 2396 968 2468 quis
979 2397 1140 2457 sustinebit
1154 2398 1247 2457 enm‘i

75 2486 88 2527 e
124 2467 283 2525 abitatores
296 2470 379 2548 terre
392 2466 423 2523 in
437 2465 560 2525 domurn
576 2464 625 2523 Dei
639 2462 727 2523 vestri
743 2480 751 2522 ε
823 2467 907 2525 tinne
920 2483 991 2541 ergo
1002 2469 1075 2527 dicit
1088 2469 1232 2528 Dominus
1249 2485 1256 2526 :

75 2545 154 2598 mate
168 2539 205 2596 nd
222 2543 381 2595 Dominum
823 2539 1032 2599 Gouvertimini
1048 2542 1084 2598 ad
1100 2558 1147 2598 me
1163 2542 1193 2598 in
1206 2545 1268 2599 toto
1292 2541 1379 2597 corde
1392 2544 1500 2610 uestro,

75 2612 128 2669 liei
858 2610 889 2667 in
900 2610 1027 2695 jejunio,
1041 2617 1071 2669 et
1086 2613 1115 2668 in
1131 2613 1211 2683 ilstu,
1228 2616 1256 2668 et
1270 2612 1300 2668 in
1312 2611 1442 2684 pleoetn.

75 2701 160 2756 pmps
175 2688 221 2741 est
234 2682 297 2740 dies
313 2682 441 2751 Domini,
822 2683 859 2747 ut
871 2682 997 2743 scindite
1010 2684 1099 2745 corda
1113 2689 1220 2749 vestra,
1236 2688 1265 2741 et
1277 2700 1336 2740 uon
1350 2682 1643 2738 vestimentavestre:

75 2755 113 2813 nsi
129 2758 252 2813 vestitae
267 2772 285 2810 s
299 2758 419 2826 potente
435 2753 540 2811 veniel.
859 2757 888 2809 et
902 2755 1108 2817 convertimini
1121 2757 1159 2812 ed
1175 2755 1331 2813 Dominum
1349 2756 1440 2811 Deum
1452 2757 1583 2811 vestrum
1600 2768 1609 2809 c

75 2828 88 2883 d
105 2844 161 2883 non
177 2844 275 2883 coram
291 2825 385 2884 oculis
398 2826 502 2883 reatris
517 2822 696 2898 (linostrie)
711 2822 767 2880 oli·
825 2824 898 2893 Quis
911 2825 1058 2900 benignos
1072 2830 1103 2885 et
1115 2827 1282 2885 misericors
1296 2829 1352 2896 est,

75 2904 119 2956 rie
133 2900 284 2972 perierunt
298 2898 436 2955 dedomo
451 2897 503 2954 Dei
516 2895 621 2966 nostri,
861 2895 976 2971 patiens
990 2901 1020 2955 et
1033 2897 1131 2955 multe
1146 2897 1383 2963 miserirorctst,

75 2988 85 3027 r
99 2974 129 3027 et
138 2968 318 3027 exsultetis?
861 2973 890 3024 et
904 2968 1080 3042 prestabilis
1091 2971 1102 3008 ¹
1115 2986 1205 3043 super
1219 2968 1333 3027 malitie
1348 2985 1355 3025 r

75 3043 345 3172 lriutgrffitjgffrerte?
357 3041 389 3099 in
403 3044 531 3099 mm
545 3057 611 3109 wo,
786 3051 809 3118 c
829 3040 899 3170 ousta
907 3040 1281 3186 igliitnssuoainpgsluggrbgrtei
1297 3042 1434 3169 ,gffigh
1468 3106 1646 3167 sucrificium

331 3158 340 3182 t
1438 3150 1447 3176 Ι

75 3190 134 3244 rate
148 3189 220 3243 aunt
233 3184 380 3258 apotheos
396 3201 403 3240 τ
896 3188 926 3241 st
935 3183 1065 3243 libemeo
1078 3185 1199 3243 nomtn·
1216 3185 1275 3243 Deo
1288 3191 1386 3243 vestm
1399 3181 1453 3255 (lt.
1462 3178 1597 3252 noetrcli

79 3275 126 3315 nm
137 3258 293 3316 contusum
308 3259 355 3315 est
368 3254 514 3313 triticum.
826 3254 928 3312 Gsnite
943 3255 1015 3312 tubn
1030 3256 1059 3312 in
1076 3256 1157 3323 Sion,

75 3331 186 3403 gemuit
203 3327 323 3399 animsl,
861 3326 1041 3385 sonctificate
1051 3327 1211 3400 Jejnnium.

75 3406 157 3459 erunt
170 3417 274 3475 greges
289 3399 440 3458 armenti?
861 3402 962 3457 vocste
974 3402 1096 3468 emtum,

75 3490 97 3529 n
113 3472 356 3546 estpascnasis3
861 3475 1037 3545 congregate
1072 3470 1205 3545 epulum,

75 3550 199 3619 tgrsges
216 3559 352 3617 pecorum
368 3541 580 3616 disperierunt.
862 3542 1041 3601 sonctificate
1051 3487 1227 3610 lienteriam,

75 3617 200 3685 lemine,
215 3615 347 3673 elamabo
363 3630 370 3670 :
862 3616 1025 3674 coednnste
1038 3630 1135 3686 senes,
1338 3645 1341 3651 ·

74 3688 151 3762 ignis
166 3687 293 3746 comedit
308 3685 442 3760 speciosa
455 3684 574 3754 deserti,
862 3690 1038 3770 congregate
1051 3685 1199 3758 porrulos,
1215 3688 1245 3742 et
1259 3683 1397 3766 sugentes
1414 3677 1504 3735 obern
1521 3693 1528 3734 ε

75 3776 153 3817 mmu
169 3760 321 3818 succendit
336 3757 436 3815 omnis
449 3756 530 3829 ligna
544 3756 683 3829 regionis.
826 3758 1003 3831 ligredratur
1018 3773 1147 3884 sgonsus
1161 3758 1198 3812 de
1212 3754 1302 3812 cubuit
1319 3769 1383 3816 suo,

75 3832 164 3889 restis
180 3833 254 3905 egri,
269 3830 353 3903 qussi
368 3845 437 3887 eres
451 3828 554 3885 sitiens
569 3827 706 3896 imbrem,
862 3836 892 3889 et
906 3844 1017 3903 sponse
1051 3826 1210 3885 ethalsmo
1222 3841 1287 3893 suc,

75 3910 188 3962 exerunt
201 3904 236 3958 nd
255 3908 308 3961 te:
830 3904 908 3959 luter
934 3898 1116 3957 uestibulum
1141 3904 1170 3954 et
1195 3894 1286 3954 sltere
1309 3891 1468 3968 plorabunt
1483 3888 1650 3947 sacerdotes

75 3992 97 4031 n
113 3976 248 4032 exsiccati
263 3975 332 4031 suni
346 3973 441 4029 tontes
455 3986 611 4043 equorum,
899 3969 1028 4031 ministri
1043 3968 1170 4041 Domini,

75 4046 142 4119 gnis
158 4047 307 4103 devoravit
321 4044 451 4115 speciose
468 4041 585 4100 deserti.
864 4043 1021 4101 etdicent:

77 4119 95 4189 .)
110 4118 296 4175 Conitetnba
310 4117 340 4174 in
356 4115 437 4183 Sion,
830 4119 927 4184 Peroe,
951 4111 1083 4182 Domine,
1112 4127 1199 4184 parce
1223 4111 1279 4183 (tt.
1306 4111 1377 4168 tecet
1405 4103 1504 4179 parce)
1541 4099 1648 4176 populo

75 4192 102 4245 te
116 4190 146 4246 in
163 4190 377 4247 montesancto
393 4201 468 4253 men,
899 4191 952 4245 tuo
969 4203 976 4242 ε
1513 4248 1519 4262 ⁸

80 4261 203 4317 rbentnr
216 4277 316 4318 omnes
331 4258 511 4316 habitatores
527 4260 610 4313 terres
624 4273 631 4313 ε
865 4264 894 4317 et
909 4275 945 4316 ne
959 4259 1012 4317 des
1026 4256 1226 4315 hereditatem
1241 4258 1325 4312 tuem
1339 4252 1369 4309 in
1382 4249 1584 4324 opprobrium,

76 4333 120 4389 nit
134 4333 196 4390 dies
216 4331 344 4402 Domini,
865 4339 897 4388 ut
907 4328 1098 4389 dominentur
1110 4328 1153 4386 eis
1167 4327 1312 4385 notiones.

76 4420 165 4531 prgpe
180 4409 224 4533 ἳεξ
237 4405 298 4532 ἀίξῃ
313 4404 498 4531 tenebrarum
513 4405 542 4459 et
556 4401 691 4476 celignis‚
790 4407 925 4533 „unffi
938 4399 1217 4533 giffiffeffissffliss
1233 4416 1241 4457 z

75 4493 107 4532 ru
131 4493 184 4532 rse
226 4493 260 4532 nr
281 4492 348 4532 ins.
955 4492 970 4532 s

75 4563 314 4620 rnneexponsum
324 4564 414 4620 snper
428 4551 544 4604 montes
559 4543 687 4619 populus
701 4544 777 4601 mul·
834 4545 950 4604 Zelatos
961 4551 1006 4603 est
1019 4546 1163 4603 Dominus
1177 4547 1284 4597 terram
1300 4554 1394 4610 sunm,

75 4657 77 4671 .
93 4620 176 4675 sortis
192 4637 199 4676 :
867 4622 896 4675 et
911 4617 1041 4691 pepercit
1054 4614 1162 4699 popolo
1177 4630 1231 4671 suo
1247 4629 1255 4669 ι

75 4690 97 4745 ie
109 4691 135 4747 ei
151 4690 277 4747 nonfuit
291 4708 307 4747 a
323 4689 482 4763 principio,
831 4691 866 4747 lit
880 4689 1034 4772 respondit
1048 4692 1200 4752 Dominus.

75 4766 98 4817 st
112 4779 178 4819 eum
193 4779 251 4818 non
276 4763 331 4819 erit
351 4763 489 4834 usquein
505 4777 598 4819 eonon
613 4758 779 4835 generatio·
867 4766 896 4819 st
907 4760 982 4819 dixit
994 4759 1103 4833 populo
1117 4773 1196 4818 sun:
1516 4821 1521 4833 ¹

93 4838 122 4889 et
136 4833 345 4906 generationis.
832 4834 905 4891 lione
919 4848 972 4906 ego
986 4831 1103 4891 mittam
1122 4828 1207 4887 vobis
1232 4826 1422 4894 trumentum,
1446 4826 1475 4881 ei
1496 4835 1609 4890 vinnm,
1625 4824 1654 4878 et

75 4905 146 4962 niem
161 4906 226 4976 ejus
241 4905 319 4978 ignis
334 4921 451 4962 vorens.
903 4902 1013 4974 oleum,

75 4980 101 5031 st
115 4991 182 5032 eum
196 4993 322 5033 exurens
338 4977 457 5033 llumma
475 4994 482 5033 :
866 4980 895 5031 ei
911 4973 1098 5050 replebimini
1113 4989 1147 5030 eo
1164 4989 1171 5028 ε

75 5051 156 5104 ortus
172 5048 331 5132 voluptatis
344 5054 423 5105 terre
438 5063 535 5105 eornm
552 5064 596 5127 eo,
832 5049 867 5103 st
882 5063 938 5109 non
955 5046 1032 5107 dubo
1045 5063 1097 5102 uos
1114 5043 1194 5127 ultre
1208 5041 1400 5116 opprobrium
1416 5040 1447 5096 in
1462 5037 1621 5125 gentibus·

75 5123 96 5174 rt
110 5136 178 5175 eum
194 5119 321 5177 solitudo
339 5120 456 5187 deserti,
833 5116 867 5174 ut
881 5134 960 5186 eum,
1018 5116 1027 5172 i
1042 5118 1080 5173 sb
1095 5112 1233 5188 sqorlone
1248 5119 1294 5171 est
1307 5113 1408 5187 procul
1424 5108 1654 5169 lacrnmerobrs:

75 5207 86 5247 e
100 5192 207 5262 estqui
223 5191 343 5265 effugiet
357 5208 435 5258 eum,
867 5193 897 5247 ei
912 5205 984 5262 expe
997 5188 1053 5246 lam
1069 5204 1135 5247 eum
1151 5187 1180 5243 in
1197 5190 1304 5243 terrem
1319 5186 1428 5242 inviam
1444 5188 1473 5242 et
1487 5183 1629 5241 desertum
1647 5193 1655 5234 :

75 5402 137 5457 utini
155 5402 781 5475 mss.qoibusincommenteriisrsoogno·
833 5401 1026 5460 Germnnenei
1051 5399 1160 5472 legitur
1184 5401 1213 5456 in
1238 5403 1333 5467 textu,
1361 5394 1545 5480 prestabilis,
1574 5397 1604 5448 et
1626 5391 1656 5475 in

87 5474 132 5530 usi
144 5492 257 5540 sumus,
275 5476 304 5531 in
320 5481 400 5531 textu
428 5476 598 5545 praeiernnt,
626 5479 653 5531 et
675 5477 780 5532 multoe
833 5475 1030 5546 murginepro
1052 5473 1183 5529 vertente
1213 5472 1351 5535 lectione,
1374 5470 1406 5525 tie
1425 5466 1658 5523 rerottirnlltrn

75 5547 148 5602 trotio
162 5552 189 5602 et
203 5547 398 5619 deprecobilis.
416 5546 603 5604 Murtienssus
616 5561 735 5618 qnoque
748 5547 778 5603 in
833 5549 968 5603 contentu
985 5545 1111 5603 Cononis
1137 5541 1387 5603 Carcassonensis
1401 5486 1515 5622 ¹legitur
1531 5536 1659 5617 depreco-

75 5633 156 5673 orovo
172 5635 227 5674 ms.
244 5619 436 5689 deprecobilis,
453 5618 517 5675 loco
540 5617 711 5686 ornrtocitir
735 5618 780 5675 in·
835 5617 911 5685 bitis,
939 5616 1051 5689 absque
1077 5614 1139 5673 ullo
1167 5614 1311 5674 variante
1345 5610 1466 5668 lectione
1492 5604 1661 5679 merilmffi·

75 5688 378 5761 lebrmouoxntnrcpro
402 5690 443 5746 rie
454 5689 631 5763 penitentem
647 5694 742 5747 sonet.
835 5689 931 5747 utrm.

75 5759 223 5835 exemplari
239 5761 367 5819 (lenonis
382 5707 472 5820 ilebr.
488 5762 569 5822 verit.
586 5766 690 5820 nostro
705 5762 780 5827 Sen-
