3870 6120
105 216 161 275 osa
625 214 656 267 s.
676 210 882 270 aunuum
901 212 1030 269 urvrns
1048 188 1296 271 arsuoraacs.
1759 214 1813 271 aas

144 359 247 402 omnes
263 340 348 399 amici
364 340 428 413 sius
444 341 618 412 spreverunt
634 352 710 410 sem,
727 343 755 394 et
769 336 838 395 lacti
861 340 931 395 sunt
944 338 973 408 Α
986 339 1101 466 νοοινῖι
1114 339 1270 396 advorsum
1284 354 1330 397 me
1358 342 1486 414 tempus,
1502 341 1537 396 ut
1563 340 1733 396 contereret
1757 341 1814 398 elc-

179 416 205 473 ei
223 413 347 471 inimici.
1058 425 1120 467 cos
1137 426 1237 469 meos:

109 488 233 560 (timet.)
246 484 380 558 Migravit
394 483 471 539 Jnda
486 486 604 556 propter
618 480 807 539 sltliotionem
816 484 845 539 et
858 480 934 538 mul·
1020 481 1151 539 torcular
1163 481 1286 540 caloevlt
1298 482 1442 541 Dominus
1453 483 1561 556 virgini
1574 481 1644 540 liliae
1657 482 1749 539 luda.

180 557 340 616 titudinem
352 554 527 612 servitutis:
594 624 600 636 υ
985 554 1074 628 (Ain.)
1090 552 1201 611 ldolrco
1216 570 1269 628 ego
1285 553 1417 628 plorans,
1432 559 1461 613 st
1476 555 1581 613 oculus
1606 570 1696 611 meus
1724 555 1809 613 dedu·

143 628 287 686 habitsvlt
301 627 505 700 mergentes,
524 642 577 682 nec
592 623 703 681 invenit
718 623 869 697 requiem:
1056 640 1126 682 oens
1141 643 1256 699 aquas:

144 715 247 759 omnes
262 703 464 772 persecutores
494 697 557 768 ejus
586 697 844 769 apprehenderunt
866 711 931 752 eam
1021 697 1092 770 qnia
1107 696 1193 771 longe
1204 698 1299 754 lactus
1314 699 1442 755 astams
1451 695 1631 770 consolator,
1643 704 1814 756 convertens

182 773 259 828 inter
273 771 438 844 augustias.
1057 769 1188 825 animam
1204 784 1319 825 meam:

110 844 243 925 ttlrrletli⁶
257 843 317 899 Vis
333 843 404 899 Sion
425 844 537 924 lugent,
554 856 587 896 co
615 840 694 913 quod
710 856 768 896 non
796 838 857 896 sint
883 837 933 911 qui
1022 839 1098 924 lacti·
1109 841 1242 899 suntlilii
1259 841 1316 899 mei
1331 841 1449 914 perditi,
1464 840 1607 913 quonism
1622 839 1814 899 invaluitini·

179 918 299 972 venrant
310 917 347 971 ad
365 913 608 971 solemnitatem:
1059 929 1164 969 micus.

144 991 353 1112 omnastports
368 986 433 1056 ejus
448 984 604 1040 destructas
616 1000 623 1040 :
635 982 802 1040 sacerdotes
812 981 876 1053 ejus
887 997 933 1054 ge·
986 983 1079 1058 (Piae.)
1090 982 1233 1112 {ilxtpsndit
1248 983 1318 1041 Sion
1335 1000 1441 1041 manus
1455 1000 1537 1056 suas,
1552 989 1672 1041 nonest
1686 985 1738 1058 qui
1750 1003 1812 1043 con·

182 1073 315 1114 menes:
1059 1071 1270 1112 sosuream:

143 1131 273 1255 νὶνςὶἑιρε
288 1129 352 1200 ejus
367 1125 519 1200 squalido,
537 1129 566 1183 st
580 1127 646 1199 ipse
659 1140 802 1199 oppressa
825 1122 934 1181 amarl-
1023 1127 1175 1255 mandntssit
1187 1128 1330 1255 ittomious
1346 1126 1500 1183 adversum
1516 1127 1608 1184 Jacob
1633 1126 1665 1184 in
1688 1128 1809 1185 circuitu

180 1209 213 1258 tu
237 1216 295 1258 rna.
1059 1215 1124 1255 sus
1159 1216 1237 1256 oses
1283 1215 1336 1255 us:

109 1272 359 1400 (He')1F⁸⁰ti1⁵tui·t
374 1269 474 1398 bosttos
488 1270 552 1342 ejus
567 1269 598 1327 in
611 1268 717 1342 capita,
735 1266 846 1324 inimici
869 1266 935 1340 ejus
1024 1216 1102 1327 incia
1116 1277 1162 1328 est
1171 1200 1334 1328 Jerusiilsm
1345 1269 1430 1343 quasi
1441 1268 1556 1343 polluta
1565 1273 1734 1329 menstruis
1744 1272 1813 1329 inter

313 1358 422 1398 arsun
449 1358 457 1398 ε
1112 1385 1119 1397 .

45 1448 48 1453 -
149 1358 504 1490 qutffamdidtnnslocutns
532 1416 577 1468 cst
604 1428 693 1484 super
720 1427 786 1468 eam
817 1414 936 1484 propter
989 1360 1677 1485 (Sodgolslustussstbominus',qniaossiussd
1703 1414 1810 1471 iracun-

180 1485 399 1543 multitudincm
415 1483 606 1556 iniquitatum
621 1486 686 1555 ejus
702 1499 710 1540 ι
885 1552 890 1563 Ι
1060 1487 1141 1541 diam
1157 1485 1321 1557 provocavi,

150 1558 340 1686 patrvglllsjuts
351 1557 431 1614 ducti
442 1552 936 1628 suntincaptivitatemantelsorem
1026 1557 1139 1625 Audite,
1156 1557 1287 1623 obsecro,
1305 1554 1432 1613 universi
1448 1555 1562 1629 populi,
1577 1560 1608 1613 ct
1620 1554 1721 1613 videte
1736 1556 1807 1613 dolo·

244 1646 312 1685 usn
328 1646 363 1687 rs.
1062 1647 1076 1684 r
1097 1645 1122 1684 m
1141 1644 1168 1683 m
1190 1645 1260 1684 um:

109 1648 258 1778 (Voodlllt
273 1716 410 1775 egressus
420 1703 466 1756 est
477 1698 641 1756 aiilission
655 1696 752 1754 omnis
763 1698 850 1754 decor
860 1696 934 1767 ejus:
952 1700 976 1780 Β
1025 1646 1154 1773 virgines
1169 1645 1240 1757 renes
1254 1699 1416 1771 stjuvenes
1430 1697 1486 1754 mei
1502 1697 1642 1755 abierunt
1657 1698 1689 1755 in
1702 1699 1807 1773 captiui·

145 1773 214 1831 tacti
231 1778 302 1830 sunt
316 1771 463 1845 principes
478 1772 543 1844 ejus
557 1769 636 1827 volut
651 1771 757 1826 aristes
773 1784 831 1826 non
853 1768 933 1824 inve·
1061 1776 1165 1828 tatem.

182 1845 298 1903 aientes
315 1860 425 1916 pascua
439 1862 446 1900 :
991 1843 1100 1916 (Cepit.)
1114 1843 1218 1899 Vocsvi
1234 1842 1344 1899 amicos
1355 1856 1447 1910 meos,
1459 1843 1488 1897 ot
1497 1839 1555 1914 ipsi
1566 1842 1802 1915 deceperuntme:

146 1921 177 1973 st
191 1917 327 2043 abiertunt
338 1917 450 1987 absque
464 1913 634 1971 tortitudine
644 1911 937 1969 antaiaoiemsnbas·
1025 1916 1191 2043 sacerdtotes
1207 1914 1265 1971 mai
1280 1921 1309 1972 et
1323 1929 1409 1972 sauss
1425 1912 1482 1970 mei
1497 1913 1527 1968 ln
1544 1913 1617 1970 urbe
1646 1914 1800 1988 consumpti

204 2005 259 2045 usn
276 2005 313 2047 rs.
1061 2004 1117 2044 sun

112 2006 217 2131 (Zaira)
232 2059 392 2116 Recordata
405 2062 450 2114 est
462 2056 626 2113 Jerusalem
642 2056 756 2111 dierum
769 2052 935 2111 afflictionis
1026 2059 1094 2132 quie
1111 2058 1290 2132 quesierunt
1304 2054 1403 2114 cibum
1418 2054 1485 2125 sibi,
1502 2061 1534 2112 ue
1545 2054 1798 2114 refocillarentpnt.

184 2124 937 2202 suu,stpreavarioationisomniumdseiderabilium
1028 2147 1107 2188 mam
1124 2144 1220 2186 susm.

183 2217 318 2268 suorum,
334 2218 399 2273 quae
413 2199 557 2256 babuerat
572 2216 589 2254 s
604 2198 710 2254 diebus
725 2198 868 2280 antiquis,
990 2202 1075 2276 (lies.)
1089 2202 1173 2268 Vide,
1184 2197 1613 2273 Domins,quonlamtribulor,
1626 2200 1797 2256 conturbatus

149 2289 216 2330 oum
232 2273 347 2329 cederet
356 2273 484 2356 populus
498 2272 563 2343 ejus
572 2270 603 2326 in
615 2285 702 2326 mauu
714 2269 826 2339 hostili,
840 2272 935 2326 stnon
1061 2279 1108 2330 ast
1119 2278 1220 2329 venter
1235 2287 1338 2328 meus:

184 2349 263 2401 esset
276 2342 433 2400 auxiliator
448 2360 455 2398 :
1026 2347 1201 2403 subversum
1216 2348 1262 2400 ost
1277 2359 1327 2400 cor
1342 2359 1440 2399 meum
1456 2343 1487 2399 in
1501 2342 1692 2415 memetipsa,

147 2415 286 2473 viderunt
300 2432 363 2471 eam
381 2415 493 2481 hostes,
507 2417 537 2471 et
548 2412 715 2469 deriserunt
726 2413 849 2469 sabbata
860 2411 934 2483 ejus.
1026 2418 1165 2490 quoniam
1182 2414 1379 2472 amaritudine
1394 2413 1480 2486 plena
1496 2430 1575 2470 sum.

112 2488 212 2562 (Heli.)
246 2488 385 2544 Persium
415 2485 545 2559 peccavit
570 2483 752 2555 Jerusalem,
782 2488 937 2557 propterea
1028 2489 1099 2545 t'oris
1114 2486 1253 2544 interficit
1268 2485 1395 2559 gladius,
1411 2491 1441 2542 et
1454 2486 1534 2541 domi
1545 2501 1628 2541 mors
1639 2482 1790 2540 similisrst

183 2556 331 2616 instabilis
347 2559 425 2614 lacta
438 2561 494 2624 est,
991 2560 1074 2635 (Sin.)
1090 2560 1254 2617 Audiernnt
1268 2559 1339 2629 quia
1353 2556 1515 2630 ingemisco
1525 2573 1590 2629 ego,
1601 2563 1631 2614 ct
1642 2573 1698 2612 non
1709 2556 1789 2627 estqui

147 2646 261 2698 omnes,
275 2631 326 2711 qui
341 2629 548 2702 glorificabant
562 2642 638 2693 sam,
650 2630 826 2699 spreverunt
842 2625 936 2696 iilam,
1061 2631 1230 2689 eonsuletnr
1243 2646 1311 2687 me:

184 2703 253 2774 quia
267 2702 406 2757 therunl
420 2700 613 2774 ignominiam
626 2700 712 2768 elus:
1026 2720 1129 2761 omnes
1146 2702 1256 2758 inimici
1273 2700 1329 2757 urei
1345 2700 1503 2757 audierunt
1514 2699 1628 2756 malum
1645 2715 1745 2768 meum,
1757 2697 1789 2753 la·

148 2774 214 2845 ipsa
227 2777 327 2829 autam
341 2790 463 2846 gemens
478 2776 507 2828 et
520 2787 660 2828 conversa
674 2775 846 2827 retrorsum.
1060 2775 1114 2832 tati
1130 2781 1209 2841 sunt,
1225 2773 1365 2846 quonlam
1381 2777 1413 2829 lu
1430 2773 1544 2828 iecisti:

113 2846 217 2920 (vert.)
229 2845 333 2901 Sordes
347 2847 412 2928 eins
427 2845 457 2909 lu
473 2843 596 2918 pedibus
611 2844 685 2915 elus,
702 2858 756 2898 neo
784 2842 938 2899 revordait
1026 2846 1175 2904 adduxisti
1186 2847 1263 2902 diem
1275 2840 1787 2913 consolationis,etlientsimilesrnsi.

184 2921 229 2974 cst
244 2917 312 2973 linis
328 2934 373 2973 sur
387 2934 394 2973 ι
989 2919 1103 2991 (Thou.)
1116 2917 1304 2991 Ingrediatar
1317 2932 1405 2974 omns
1420 2914 1530 2972 malum
1543 2931 1647 2972 sorum
1660 2930 1750 2970 coram
1760 2917 1786 2967 ta:

149 2988 281 3062 deposita
295 2993 341 3044 est
356 2987 553 3055 vehomenter,
578 3002 637 3043 nou
656 2984 769 3042 habens
801 2985 937 3043 consola·
1026 2995 1056 3049 et
1069 2990 1218 3047 vindemia
1232 3006 1292 3056 eos,
1308 2988 1385 3045 sicut
1406 2987 1596 3044 vindemiasti
1624 3002 1672 3043 ms
1697 2988 1787 3058 propter

185 3068 297 3117 torem:
948 3085 970 3155 c
1061 3078 1164 3119 omnes
1179 3060 1350 3133 iniquitates
1365 3075 1466 3116 mess:

147 3130 223 3197 Vide.
239 3130 369 3197 D⁰mi¹¹02
385 3128 573 3186 &fflivlfflm
589 3128 841 3200 meamrtlssfflltm
853 3145 933 3186 erec·
1027 3133 1113 3191 multi
1126 3133 1206 3190 enim
1222 3133 1352 3204 gemitus
1367 3130 1436 3197 mai,
1452 3134 1481 3187 st
1495 3147 1546 3186 cor
1561 3144 1659 3185 meum
1676 3140 1785 3185 marens.

185 3206 234 3258 lus
251 3205 296 3259 0⁸2
309 3201 458 3259 inimicus·
988 3207 1064 3281 (Cap.
1082 3207 1116 3262 li.
1131 3205 1241 3277 eleph.)
1256 3204 1407 3271 Quomodo
1421 3203 1530 3259 obtexit
1540 3200 1667 3271 caligine
1678 3201 1704 3256 in
1714 3201 1786 3255 tuen

114 3274 198 3346 (loti.)
215 3273 335 3329 Manum
351 3290 435 3330 suam
451 3271 533 3329 misit
549 3271 643 3328 bostis
659 3271 805 3329 adomnia
818 3271 935 3329 deside·
1059 3294 1114 3334 suo
1127 3276 1269 3334 Dominus
1284 3276 1376 3332 filiam
1391 3274 1478 3331 Sion:

187 3344 292 3400 rabilia
306 3344 386 3415 ejus:
1025 3349 1147 3422 projecit
1161 3350 1197 3404 de
1211 3347 1283 3404 coelo
1296 3346 1326 3403 in
1342 3353 1450 3404 terram
1466 3345 1607 3417 inclytam
1625 3340 1721 3410 lsrael,
1766 3410 1771 3421 Ι

173 3416 221 3472 oia
235 3415 308 3471 vidit
319 3420 420 3487 gentes
434 3415 583 3486 ingressas
607 3415 808 3470 sanctuarium
835 3432 935 3484 suum,
1025 3428 1055 3478 et
1069 3438 1127 3477 non
1142 3424 1187 3476 eet
1202 3420 1371 3475 recordatus
1386 3416 1507 3475 scabelli
1523 3416 1632 3489 pedum
1649 3430 1755 3472 suorum
1767 3426 1785 3464 rn

150 3433 310 3615 diffisus
325 3502 515 3559 praeceperas,
532 3502 566 3541 no
579 3486 763 3542 intrarentin
775 3486 936 3543 Ecclesiam
1002 3490 1454 3620 Bmdiffirrgriizasfflbominus
1482 3575 1535 3616 m
1573 3558 1684 3614 emit
1713 3552 1787 3613 omni!

115 3630 243 3705 (Cbopl.)
255 3628 357 3686 Omnis
373 3629 499 3701 populus
512 3630 577 3701 ejus
592 3644 723 3703 gemens,
748 3632 777 3685 et
802 3646 937 3702 querens
989 3566 1317 3718 (eeiectegqptncobt
1459 3604 1506 3714 Ἠ
1553 3575 1618 3711 Η,
1660 3600 1697 3712 .'.

149 3717 294 3900 ‹1033er
307 3743 437 3857 pretiosa
450 3789 573 3846 qusque
588 3788 639 3844 pro
650 3770 714 3828 cibo
725 3771 762 3827 ad
773 3770 937 3829 relocillan—
1027 3709 1176 3862 gisdgdxclitt
1187 3723 1219 3833 ¹ilii
1228 3695 1785 3847 stzrr‘idemsaedlilditl[aldgrirsrrdfgtlssiioscipdrgi

207 3860 410 3901 amanrmam.
1063 3867 1078 3905 ο
1130 3893 1136 3904 ,

149 3916 234 4044 Vide}1
251 3915 382 3986 Domine,
398 3915 604 3984 itidentidem,
621 3914 758 3988 quonium
773 3914 849 3971 sacia
870 3932 938 3973 sum
992 3866 1274 4048 [Gimeffisclonsregit
1289 3920 1318 3974 in
1333 3919 1378 3974 ira
1406 3916 1512 3973 furoris
1541 3915 1587 3971 sui
1615 3931 1699 3970 omne
1720 3923 1783 3969 cornu

187 4004 213 4044 vr
226 4005 262 4044 1s.
1064 3995 1172 4049 laras:

116 4060 282 4133 (tametio
297 4075 347 4115 νοῦ
362 4072 475 4126 ⁰¹1¹¹¹0⁸s
492 4057 543 4132 (tul
558 4058 693 4116 transitis
707 4074 759 4131 per
773 4058 862 4127 vitm,
1027 4065 1131 4121 avortit
1146 4067 1307 4120 retrorsum
1323 4060 1470 4116 dextoram
1483 4074 1568 4114 susm
1580 4075 1596 4113 a
1608 4049 1783 4113 tacietninici:

151 4131 303 4214 attendite,
320 4135 350 4212 et
363 4131 458 4215 videte
468 4128 493 4213 si
505 4133 551 4187 est
560 4129 644 4187 dolor
653 4128 731 4186 sicut
742 4128 827 4186 dolor
837 4144 936 4212 meus:
1027 4141 1056 4193 et
1070 4134 1223 4219 eneceqdit
1237 4133 1265 4189 in
1277 4131 1366 4190 Jacob
1376 4129 1461 4204 quasi
1478 4130 1576 4202 ignem
1588 4128 1712 4186 llsmms
1722 4127 1783 4182 dero·

152 4203 558 4330 ῳιίἒῃέἰῖῗίᾜᾱίῧᾞξζηεὲἳο’
570 4207 602 4259 m
612 4201 782 4258 loentum
792 4207 937 4355 Doffnnus
990 4212 1390 4351 (Datertalrlfln'i'dltlsgdiljsrcum
1405 4290 1492 4329 suum
1504 4272 1589 4344 quasi
1600 4271 1743 4354 inimicus,
1752 4264 1783 4319 fit·

114 4345 216 4413 (Mem.)
233 4351 271 4401 De
287 4344 400 4402 excelso
411 4345 492 4401 misit
505 4345 604 4418 ignom
619 4345 650 4400 in
665 4345 784 4402 ossibus
798 4360 885 4411 mets,
908 4346 938 4400 st
1062 4349 1153 4407 mavit
1167 4351 1315 4405 dexteram
1332 4361 1416 4402 suam
1433 4344 1517 4415 quasi
1529 4345 1645 4414 bost1s3

186 4417 312 4472 erudivit
328 4433 393 4473 me:
952 4447 975 4513 D
1026 4427 1055 4479 ct
1069 4419 1176 4479 occidit
1189 4435 1276 4476 omne
1292 4418 1368 4491 quod
1385 4416 1542 4489 pulchrum
1557 4418 1621 4471 erat
1642 4414 1703 4470 visu
1718 4411 1742 4466 in
1754 4412 1784 4460 tt·

151 4487 291 4557 expandit
305 4496 364 4544 rete
379 4488 503 4560 pedibus
519 4487 605 4558 meis,
620 4487 762 4544 convertit
772 4492 819 4543 ine
834 4488 939 4543 retror·
1062 4490 1220 4550 barunculo
1235 4491 1302 4546 illis
1316 4489 1397 4557 Sion,

187 4573 274 4613 “⁰¹³²
1025 4563 1127 4620 effudit
1142 4563 1226 4635 quasi
1242 4563 1341 4635 ignem
1356 4559 1589 4631 indignationem
1605 4572 1703 4613 suam.

150 4627 306 4710 posuitms
315 4628 489 4699 desolatam,
501 4634 563 4687 tots
572 4630 620 4686 die
632 4646 754 4687 mrsrors
764 4630 937 4686 conlectam.
990 4636 1062 4707 (tte.)
1075 4635 1183 4691 Faetus
1199 4637 1244 4691 eet
1258 4631 1402 4690 Dominus
1414 4629 1495 4686 velut
1508 4629 1668 4685 inimicus:
1768 4688 1771 4698 ,

116 4697 212 4770 (uun.)
225 4698 364 4770 vigilavit
375 4701 483 4773 iugum
498 4701 689 4772 iniquitatum
705 4718 848 4757 mearum.
1026 4706 1218 4779 precipitavit
1233 4703 1333 4773 lsrael,
1361 4700 1552 4776 precipitavit
1579 4699 1679 4756 omnia
1705 4703 1785 4752 moult

151 4769 181 4826 in
198 4770 366 4839 manueJ'us
395 4772 556 4829 oonvolutaa
584 4779 666 4842 sunt,
691 4772 838 4846 imposita
864 4770 939 4828 collo
1060 4780 1144 4850 ejus:
1768 4831 1772 4839 .

185 4854 251 4922 meo
269 4857 276 4896 ε
293 4839 445 4900 intirmata
459 4846 505 4901 set
517 4844 610 4901 virtus
622 4861 704 4901 mea:
1025 4848 1178 4923 dissipavit
1193 4846 1373 4904 munitiones
1389 4845 1464 4911 e'us,
1494 4846 1523 4898 et
1545 4840 1668 4913 replevit
1694 4839 1722 4895 in
1744 4831 1787 4891 fita

150 4910 232 4968 dedat
249 4926 296 4967 me
312 4910 456 4971 Dominus
471 4914 502 4971 in
517 4932 619 4984 manu,
635 4916 672 4972 de
686 4932 744 4989 qua
759 4932 817 4974 non
838 4923 939 4992 potero
1060 4919 1337 4978 Judahumiliatum
1356 4921 1385 4973 et
1400 4862 1598 4972 dumiliatam.
1638 4984 1644 4996 ·

186 4998 318 5054 wigem-
989 4992 1127 5064 (Voudltlt
1141 4990 1299 5064 dissipavit
1333 4987 1398 5046 uasi
1408 4986 1526 5043 bortum
1537 4987 1700 5041 tentorium
1710 4988 1788 5038 suum,

116 5053 265 5128 (Somectr.)
278 5053 407 5138 Abstulit
421 5071 522 5116 omnes
538 5059 712 5132 magnificos
730 5075 811 5118 moos
839 5060 939 5117 Domi·
1060 5063 1218 5121 demolitus
1232 5067 1279 5119 est
1293 5065 1321 5117 ta
1342 5057 1514 5118 ernaoulum
1529 5072 1641 5114 suum:
1683 5124 1689 5137 Ι
1710 5122 1717 5137 .

188 5142 245 5183 nus
261 5124 408 5183 demedio
424 5128 501 5184 mel:
1026 5134 1166 5193 oblivioni
1179 5132 1300 5192 tradidit
1313 5130 1456 5190 Dominus
1476 5128 1507 5186 in
1534 5128 1605 5185 Sion
1624 5123 1789 5184 surranum

116 5337 243 5397 Consule
257 5338 342 5412 epist.
358 5340 395 5397 ad
407 5338 525 5397 Paulam
534 5339 721 5412 Urbioam‚st
731 5338 795 5401 Prol
833 5362 939 5406 omens
989 5362 1106 5477 quoque
1120 5342 1206 5415 illud,
1221 5346 1282 5405 siva
1296 5348 1506 5419 argumentum
1523 5339 1592 5397 libri
1620 5334 1794 5413 praeponunt:

117 5417 227 5493 nostra,
244 5413 295 5469 ubi
312 5412 347 5471 ds
361 5411 464 5470 metris
475 5413 664 5471 Hebraorum
677 5414 837 5489 disputatio
853 5418 939 5477 insti·
1013 5421 1140 5490 lfactare
1154 5422 1194 5475 est
1203 5428 1348 5491 postquam
1362 5418 1391 5472 in
1407 5416 1601 5486 captiuitatem
1620 5404 1797 5493 redactathttl

116 5485 219 5539 tillim·
237 5484 331 5542 Mssa·
991 5491 1086 5561 lsrael,
1100 5496 1155 5547 stc.
1191 5508 1234 5547 ue
1249 5507 1283 5546 cx
1293 5482 1799 5573 Septuagintarirnliinterpretaturus

152 5584 186 5592 -
198 5554 320 5641 Palatia.
338 5571 394 5612 ms.
408 5552 656 5641 quemadmodum
672 5554 721 5613 alil
731 5560 809 5640 apud
823 5558 939 5618 liertia-
990 5565 1020 5620 ln
1033 5561 1159 5635 Vulgata
1169 5507 1276 5618 iarius
1288 5560 1415 5618 editions
1431 5561 1548 5629 recepta
1563 5560 1647 5612 sunt.
1674 5550 1801 5633 Nuspiatt

119 5636 216 5705 usum
233 5629 346 5685 rodrcss
361 5628 437 5686 banc
452 5628 610 5714 presserunt
618 5627 837 5701 inscriptionem
850 5648 858 5688 ε
870 5632 941 5690 loci·
990 5649 1057 5691 varo
1069 5633 1098 5689 in
1114 5634 1235 5690 Hebraeo
1251 5632 1401 5706 leguntur,
1417 5628 1543 5687 Claldeo
1560 5631 1615 5683 sut
1638 5626 1724 5701 Syro.
1752 5624 1801 5689 aut

107 5694 291 5825 retreat
306 5700 488 5834 iactat·
504 5700 731 5832 tttlttttl
746 5700 940 5834 qqpn
990 5704 1227 5834 vivite
1242 5714 1297 5833 v
1369 5697 1804 5831 uttttttttuivv

709 5813 717 5831 .
875 5793 938 5836 rum
991 5793 1067 5836 noes
1098 5793 1231 5835 orius
1275 5793 1374 5848 reronv
1642 5812 1651 5827 .
