3878 6150
149 265 188 324 aa
734 259 897 325 PATRUM
919 260 1269 324 Buauutcrtrtoautt
1812 267 1854 326 ttss

51 474 55 480 1
148 398 204 455 aut
245 411 303 454 sua
344 399 457 473 sponte
504 393 775 472 interpretabatur
810 393 1128 462 soluminaAsancti
1157 394 1282 455 Damasi
1309 395 1403 456 luisse
1431 401 1621 473 susceptam,
1652 397 1706 457 sed
1731 396 1855 478 aliquot
1918 468 1924 473 ,

147 492 405 572 scripturarum
434 491 489 552 sed
517 492 969 571 nteratahamicisrogatns,
1027 493 1120 552 etiarn
1152 492 1289 552 decursis
1325 493 1416 553 annis
1453 511 1491 554 ex
1519 494 1575 555 illo
1603 503 1757 574 tempore,
1788 512 1852 575 quo

150 590 200 652 rel
228 607 248 651 a
277 590 392 649 sanctis
420 589 577 669 episcopis
602 590 718 667 jussus.
750 592 850 651 Fuere
866 595 971 651 autem
1027 607 1140 650 navem
1184 589 1214 649 in
1244 592 1385 650 Romano
1433 596 1525 670 portu
1554 610 1683 653 securus
1711 593 1854 656 ascendit

149 687 205 768 qni
233 691 377 748 sanctum
408 686 569 748 doctorem
593 686 793 766 impellerent
820 687 860 747 ad
876 689 972 748 susci·
1026 706 1097 748 cum
1127 693 1236 747 sancto
1264 688 1430 750 Vincentio
1460 688 1655 768 presbytero,
1683 696 1713 751 ct
1741 690 1852 754 adole·

149 784 299 866 piendam
328 784 558 864 prophetarum
602 784 853 860 translationem,
883 790 972 846 ante·
1025 790 1130 846 scente
1158 786 1266 859 fratre,
1296 791 1326 846 et
1355 785 1425 846 aliis
1456 787 1848 866 monachis,quiJeros0·

145 901 244 962 quam
259 881 469 944 Pentatenehi
484 881 583 942 libros
609 882 776 944 Latinitate
803 884 970 945 donasset:
1026 880 1120 961 lymae
1137 889 1245 960 postea
1261 884 1448 944 commorati
1462 884 1622 945 dicuntur.
1649 887 1732 946 Nam
1762 886 1853 948 initio

150 987 241 1041 erant
266 985 299 1041 et
326 979 381 1059 qui
408 980 566 1040 Samuelis
581 997 618 1039 ac
632 979 817 1049 Malachim‚
854 981 886 1041 id
914 987 971 1052 eet,
1028 980 1222 1060 praelationis
1249 998 1315 1041 suae
1343 981 1375 1040 in
1414 981 1496 1043 hanc
1523 982 1729 1060 posteriorem
1763 983 1852 1044 Psal-

149 1082 288 1158 quatuor
332 1081 510 1156 Regnorum
554 1077 716 1137 volumina
758 1079 869 1138 Latine
900 1078 973 1138 red·
1030 1095 1151 1138 morum
1191 1095 1229 1139 ax
1267 1079 1345 1138 LXX
1383 1078 1634 1156 castigationem,
1671 1081 1855 1143 recordatus

148 1174 255 1237 denda
270 1181 489 1256 procurarent,
508 1181 580 1236 aute
596 1175 674 1236 alias
697 1174 865 1255 Scripturas
877 1193 973 1236 sacrae
1028 1175 1141 1253 prioris
1170 1174 1401 1235 emendationis
1429 1175 1505 1237 dicit
1518 1194 1551 1238 se
1567 1195 1636 1237 eam
1659 1177 1778 1239 dudum
1795 1179 1853 1239 ab·

148 1291 354 1353 quascunque
392 1273 679 1352 interpretationes.
718 1274 796 1334 Hinc
830 1274 973 1353 contigit,
1028 1273 1177 1332 solvisse:
1210 1271 1416 1344 Psalterium,
1446 1273 1559 1351 inquit,
1590 1273 1710 1334 dudum
1750 1274 1855 1337 Roma

66 1394 69 1401 ·
148 1370 289 1433 utnulla
305 1371 387 1433 sacri
403 1372 533 1432 canonis
550 1377 673 1433 servata
695 1372 785 1446 serie,
809 1373 915 1433 omnia
942 1373 974 1433 in
1020 1369 1150 1451 positus
1164 1370 1375 1443 emendarum,
1392 1378 1452 1433 etc.
1467 1370 1600 1431 Dudum
1615 1374 1733 1444 a‘utern,
1751 1380 1786 1434 ut
1814 1375 1854 1436 de

31 1503 44 1533 -,
149 1471 326 1530 Romanum
342 1486 454 1530 sonum
470 1469 649 1549 promiscue
677 1471 871 1532 converterit
897 1470 974 1532 Hie·
1029 1486 1138 1547 parvo,
1167 1468 1211 1529 sic
1239 1468 1334 1529 etiam
1363 1469 1402 1529 do
1419 1468 1592 1548 longinquo
1622 1471 1854 1550 temporedici·

150 1584 314 1647 ronymne.
1028 1570 1090 1628 tur.
1121 1565 1208 1638 Onod
1239 1564 1266 1626 si
1281 1565 1319 1626 de
1335 1572 1477 1646 tempore
1505 1567 1679 1648 longinquo
1693 1569 1853 1648 intelliga-

1031 1681 1111 1736 mus,
1142 1662 1233 1724 lacile
1267 1670 1337 1743 post
1369 1682 1470 1725 annos
1497 1683 1552 1726 sex
1587 1665 1637 1726 vel
1664 1673 1736 1727 octo
1763 1667 1851 1729 illam

193 1779 283 1850 Quod
310 1779 408 1859 igitur
437 1785 559 1861 ,peceat
587 1779 760 1859 ejugjuxyg
788 1758 1013 1860 septuagynb
1028 1761 1202 1840 perlectam
1230 1778 1297 1821 esso
1324 1761 1525 1836 existimabit,
1545 1763 1687 1841 quisquis
1715 1763 1755 1824 ad
1772 1769 1851 1825 tcm-

158 1881 192 1939 ta
218 1880 409 1958 lntcrpretes
446 1878 697 1957 translationem,
727 1879 887 1940 sciendum
917 1885 973 1952 est,
1031 1877 1090 1937 ΡΜ
1118 1858 1228 1937 primae
1257 1859 1486 1920 efflendfliiffllss
1513 1878 1687 1939 seiussflssh
1718 1862 1851 1938 gradum

155 1975 344 2038 pffiyfflum
373 1984 446 2038 ,mg
473 1974 696 2037 caetgmbgo
716 1975 974 2038 fuissgemenda,
1028 1955 1142 2016 stiterit
1169 1955 1201 2015 in
1230 1973 1313 2015 anno
1343 1954 1458 2017 Christi
1486 1959 1850 2038 trecentesimooctoge·

152 2079 232 2148 gum,
250 2092 322 2135 cum
339 2076 447 2135 ηοω
464 2074 584 2154 positu,
599 2079 667 2135 emt
688 2079 830 2154 tempore
859 2076 974 2136 Dama.
1027 2053 1107 2115 simo
1137 2053 1240 2127 tertio,
1269 2052 1380 2133 inquo
1408 2055 1578 2118 verisimile
1595 2064 1642 2118 est
1665 2057 1852 2119 Psalterium

26 2242 29 2247 Ι
149 2170 972 2252 gipapae‚10030quepostinsserhlfflmitjcoge.
1027 2152 1068 2213 ab
1083 2152 1274 2231 Hieronymo
1289 2151 1385 2213 fuisse
1403 2153 1539 2231 primum
1567 2158 1677 2216 Romae
1707 2155 1855 2216 emenda·

149 2284 238 2328 cesso
255 2268 429 2330 monitusa
452 2269 552 2330 Paula
567 2274 598 2330 et
611 2268 791 2342 Eustochio,
807 2268 972 2348 antiquum
1027 2253 1108 2311 ium·
1137 2251 1197 2309 ΡΝ)
1226 2249 1329 2328 prima
1358 2249 1466 2328 imque
1494 2251 1695 2313 P⁸⁸¹ffl⁰s⁰m
1720 2253 1849 2314 Latino·

146 2381 285 2426 errorem
327 2366 399 2446 plus
439 2366 555 2439 valere,
595 2385 691 2445 quam
720 2384 834 2428 novam
863 2385 971 2428 emen·
1026 2365 1095 2408 ΜΠ]
1125 2345 1342 2424 ⁰⁸⁸iltl³fi⁰ss02
1369 2365 1440 2425 <1⁰ae
1467 2349 1584 2408 ⁰¹¹t⁸im
1616 2367 1635 2410 ³
1663 2352 1850 2412 S·D⁰0¹0t⁶

148 2462 324 2531 dationem,
341 2464 489 2525 secundis
517 2463 600 2526 curis
627 2481 665 2525 ex
694 2465 804 2526 eodem
818 2465 972 2528 Psalterio
1025 2445 1109 2505 facta
1137 2444 1263 2521 difflub
1287 2460 1395 2553 §unffi
1423 2445 1539 2506 Christi
1554 2448 1625 2521 383,
1646 2447 1695 2507 vel
1711 2448 1781 2520 384,
1799 2465 1851 2509 ⁸⁸·

129 2567 348 2641 ¹renascentes
377 2563 464 2626 velut
491 2562 600 2643 spinas
627 2562 789 2624 cradicare
822 2562 967 2626 instituit.
1024 2542 1197 2622 ⁸58⁰⁸¹¹d¹¹⁸
1225 2545 1331 2601 V⁰¹¹¹i²
1362 2561 1420 2620 Pit>
1448 2543 1549 2605 aliem
1577 2563 1661 2616 vere,
1690 2563 1760 2622 <11¹ae
1792 2544 1851 2606 ha·

143 2660 180 2720 ιη
208 2679 273 2740 φη
302 2659 396 2722 ,gam
427 2660 593 2740 posteriori
621 2660 841 2724 emendatione
861 2664 969 2726 ogero,
1023 2640 1270 2702 bnitasteriseos
1285 2657 1324 2742 ξς.
1339 2642 1553 2718 etobsloe-1,
1570 2661 1672 2703 annus
1697 2643 1852 2721 assignari

142 2757 276 2832 addidit,
306 2765 337 2820 ct
365 2759 544 2834 asteriscos,
574 2759 689 2837 quibus
708 2759 835 2821 lectoris
861 2762 968 2822 admo·
1023 2761 1127 2836 potest
1164 2757 1234 2830 389,
1278 2770 1333 2824 aut
1371 2760 1441 2822 390.
1481 2761 1571 2819 Certe
1600 2758 1754 2837 posterior
1783 2759 1851 2820 hacc

142 2862 270 2918 neretur
297 2856 443 2929 intentio,
470 2857 643 2937 aliquando
680 2857 764 2937 plus,
806 2857 966 2920 interdum
1022 2855 1204 2917 emendatio
1235 2859 1335 2920 serius
1371 2856 1514 2938 protrahi
1549 2874 1612 2916 non
1641 2856 1725 2916 valet
1754 2874 1852 2935 quam

144 2954 249 3014 minus
263 2972 329 3016 esse
345 2954 429 3035 apud
446 2955 664 3035 Septuaginta,
689 2973 785 3034 quarn
815 2955 847 3015 in
877 2961 965 3019 textu
1020 2952 1053 3013 in
1082 2973 1200 3015 annum
1227 2957 1341 3019 Christi
1370 2953 1626 3017 trecentesimum
1669 2954 1839 3032 nonagesi-

16 3118 21 3125 ,
62 3039 65 3045 ’
142 3050 312 3112 Hebraico.
356 3054 455 3113 Porro
498 3050 736 3128 castigationem
768 3051 963 3114 Psalmorum
1022 3068 1128 3110 mum:
1158 3053 1233 3130 qnia
1260 3054 1406 3115 Psalterii
1435 3051 1581 3112 Hebraici
1605 3048 1770 3111 translatio
1793 3053 1852 3112 La-

63 3154 67 3165 “
141 3147 280 3227 priorem
307 3147 504 3209 elaboratam
542 3147 699 3208 credimus
732 3148 816 3210 circa
843 3167 961 3211 annum
979 3125 1001 3193 C
1019 3149 1086 3208 tina
1101 3148 1140 3208 ab
1155 3150 1347 3231 Hieronymo
1362 3150 1507 3212 absoluta
1523 3156 1571 3210 ost
1593 3166 1676 3209 anno
1705 3149 1764 3210 390
1792 3149 1841 3209 vel

142 3243 258 3306 Christi
297 3245 550 3307 trecentesimum
587 3245 814 3325 octogesimum
854 3266 962 3309 secun·
1016 3246 1095 3320 39t;
1127 3265 1164 3307 ca
1194 3249 1419 3311 autemversic
1444 3245 1707 3319 seuemendatic,
1738 3263 1843 3324 quaee

34 3380 37 3385 -
139 3342 229 3420 dum,
244 3342 294 3405 vel
308 3343 534 3422 octogesimum
551 3342 690 3404 tertium.
707 3346 795 3406 Tunc
818 3362 957 3424 namque
1017 3344 1178 3406 codicibus
1205 3347 1322 3409 Graecis
1350 3347 1491 3408 derivata
1516 3349 1595 3420 crat,
1610 3362 1735 3422 semper
1763 3363 1843 3423 prcc-

20 3486 24 3495 .
139 3439 270 3501 celebris
285 3445 395 3503 Romae
411 3441 495 3520 apud
520 3457 630 3501 omnes
658 3440 838 3503 habebatur
864 3444 962 3504 scicn-
1016 3442 1109 3502 cessit
1138 3451 1280 3522 tempore
1311 3445 1418 3516 aliam,
1436 3462 1531 3525 quam
1543 3459 1693 3502 vocamus
1708 3441 1849 3502 Hebraiw

139 3537 184 3599 tia
225 3538 402 3600 divinarum
445 3538 693 3618 scripturarum,
720 3545 752 3601 et
791 3540 963 3603 familiares
1016 3556 1097 3614 cam,
1128 3560 1165 3603 eo
1195 3544 1279 3621 quod
1310 3563 1346 3605 ex
1376 3541 1529 3604 Hebraica
1545 3540 1676 3601 veritate
1691 3547 1766 3600 nata
1785 3540 1838 3601 sit.

46 3698 50 3705 ,
138 3654 209 3697 cum
239 3642 348 3699 sancto
377 3636 527 3718 pontifice
558 3639 692 3698 Damaso
709 3638 872 3700 conterens
900 3659 962 3700 ser·
1015 3637 1177 3697 hectorem
1221 3638 1353 3717 proinde
1398 3638 1551 3698 monitum
1594 3635 1699 3710 velim,
1745 3642 1837 3697 notas

16 3806 18 3811 Ι
139 3750 257 3808 mones,
287 3734 378 3797 facile
404 3736 444 3797 ab
472 3753 509 3796 eo
539 3735 772 3815 rogaripotuit,
792 3736 960 3798 utPsalte·
1015 3731 1255 3813 chronologicas
1296 3755 1375 3816 quas
1416 3735 1623 3815 apposuimus
1666 3734 1697 3794 in
1727 3735 1841 3812 {fronte

61 3822 65 3828 ’
138 3831 219 3893 dum
249 3834 371 3896 mendis
401 3840 601 3913 expurgaret.
632 3833 722 3903 Quod
762 3834 891 3913 quidem
922 3835 959 3896 li·
1016 3830 1180 3911 utriusque
1195 3834 1426 3895 emendationis
1439 3833 1594 3904 Psalterii,
1625 3837 1690 3892 tum
1723 3834 1838 3893 itoma-

49 3946 53 3951 ·
83 3923 86 3930 ’
138 3935 200 4004 cet,
229 3931 358 4004 cursim,
389 3949 504 4010 magna
533 3932 957 4010 tamenexpartecorrexit.
1015 3927 1058 4000 ni,
1088 3934 1155 3988 tum
1184 3929 1349 4003 Gallicani,
1380 3930 1459 3990 nihil
1488 3929 1572 3991 aliud
1602 3929 1733 3989 innuere
1762 3947 1841 4007 prae·

138 4025 301 4090 Bethleem
317 4033 426 4109 postea
441 4033 567 4090 aetatem
582 4028 701 4107 degens
728 4027 835 4107 aliquo
865 4048 961 4092 auno·
1015 4028 1063 4086 ter
1101 4031 1225 4105 tempos
1262 4026 1476 4088 indefinitum.
1506 4026 1629 4087 Etenim
1659 4044 1730 4085 curn
1758 4026 1840 4086 dixi-

137 4142 208 4186 rum
227 4126 394 4189 intervallo
422 4125 746 4207 postobitumsencti
761 4127 897 4201 Damasi,
915 4146 960 4189 ee·
1015 4139 1085 4182 mus
1112 4123 1299 4184 Psalterium
1328 4127 1505 4186 Romanurn
1534 4124 1628 4184 luisse
1659 4123 1698 4183 ah
1728 4125 1839 4184 Hiero·

137 4223 273 4284 condam
300 4243 435 4305 eamque
464 4225 696 4302 diligentiorem
727 4224 759 4285 in
775 4242 807 4286 ee
822 4226 960 4305 suscepit
1015 4238 1110 4300 nymo
1139 4220 1342 4283 emendatum
1373 4222 1456 4284 circa
1485 4241 1602 4285 anuum
1633 4221 1833 4293 Chrlsli3822

138 4337 246 4381 curam
277 4322 453 4401 castigandi
481 4322 640 4384 Psalterii.
665 4323 789 4384 ldvero
813 4323 959 4385 tierinon
1013 4317 1058 4379 ita
1088 4318 1305 4399 accipiendum
1335 4326 1392 4395 est,
1423 4327 1457 4382 ut
1487 4328 1560 4382 aute
1593 4319 1687 4380 talem
1716 4336 1835 4378 annum

135 4416 240 4496 potuit
268 4417 328 4478 nisi
355 4422 426 4498 post
441 4435 558 4478 annum
574 4416 690 4479 Christi
705 4420 958 4482 trecentesimum
1014 4415 1197 4495 hujusmodi
1223 4419 1401 4479 emendatio
1431 4436 1493 4479 non
1523 4415 1616 4477 tuerit
1655 4414 1799 4474 instituta
1826 4436 1833 4486 ;

137 4514 365 4594 octogesimum
405 4520 587 4595 quartum:
627 4517 712 4596 quod
740 4516 878 4579 breuiter
902 4489 1270 4593 ae-unandoquidem
1314 4517 1524 4595 Hieronymus
1566 4513 1651 4575 venit
1704 4517 1836 4571 ttomam

137 4617 314 4675 monstrare
354 4615 541 4676 conabimur
582 4632 621 4675 ea
655 4615 797 4695 Epistola
832 4617 883 4690 99,
919 4616 960 4677 ad
1015 4628 1086 4672 cum
1111 4611 1227 4672 sanctis
1255 4611 1410 4691 episcopis
1438 4612 1570 4672 Paulino
1599 4616 1630 4671 et
1655 4608 1834 4688 Epiphanio

136 4708 276 4770 Asellam
292 4711 409 4790 scripta
425 4713 457 4772 in
474 4717 565 4792 portu
583 4714 735 4775 Romano.
753 4714 836 4773 Pane
861 4713 960 4775 trien·
1014 4708 1073 4770 sub
1101 4709 1195 4770 finem
1223 4707 1365 4787 ejusdem
1395 4711 1469 4771 anni
1497 4712 1567 4770 382.
1597 4710 1640 4768 De
1669 4706 1836 4786 posteriori

137 4805 225 4868 nium
254 4826 326 4868 cum
355 4810 507 4871 Romanis
534 4809 959 4884 vixitsanctuslloctor,di-
1014 4806 1235 4869 emendatione
1270 4805 1414 4867 similiter
1456 4806 1658 4868 statuendum
1691 4825 1698 4877 ;
1735 4823 1837 4882 neque

136 4903 226 4965 rinos
255 4905 364 4982 libros,
396 4914 430 4968 ut
458 4914 595 4988 poterat,
618 4907 779 4968 nonnullis
795 4925 879 4986 saepe
894 4908 958 4969 dis·
1014 4922 1087 4965 vero
1117 4902 1220 4983 potuit
1244 4903 1393 4964 adornari
1421 4905 1480 4965 nisi
1496 4912 1566 4984 post
1581 4921 1699 4963 annum
1723 4902 1837 4962 Christi

135 5019 261 5065 serens:
279 5003 372 5065 abiis
387 5023 461 5066 rere
477 5004 619 5066 discessit
651 5005 881 5084 ierosolymam
907 5023 958 5067 re·
1013 5003 1083 5080 38⁴,
1110 5002 1141 5061 id
1171 5007 1229 5077 est,
1247 5005 1319 5080 post
1333 5000 1453 5063 obitum
1471 5001 1572 5064 sancti
1589 5000 1714 5060 naman
1729 5018 1833 5077 papea,

134 5118 300 5180 gressurus
315 5109 385 5182 post
403 5109 534 5164 mortem
551 5107 583 5164 S.
600 5103 727 5165 Damasi
755 5121 858 5183 papas,
886 5123 957 5183 quae
1011 5116 1084 5159 cum
1111 5097 1340 5180 lerosolymam
1372 5117 1532 5179 regressus
1548 5103 1630 5159 esset
1646 5103 1773 5157 sanctus
1790 5096 1837 5155 vir

133 5216 206 5263 cum
240 5217 346 5262 mense
373 5200 501 5263 Octobri
529 5201 606 5262 anni
634 5200 844 5262 trecentesimi
868 5206 956 5263 octo·
1011 5195 1231 5276 Hieronymus,
1261 5202 1293 5257 et
1321 5198 1445 5258 concito
1485 5197 1586 5276 gradu
1616 5213 1706 5256 snam
1738 5193 1834 5254 sseth-

132 5297 243 5374 gesimi
281 5297 387 5377 quarti
425 5298 575 5372 evenerit,
604 5298 814 5377 Hieronymus
848 5305 955 5361 antem
1008 5292 1090 5356 leem
1106 5300 1286 5356 remeasset.
1304 5294 1397 5356 Ocius
1412 5302 1518 5357 autem
1534 5314 1574 5355 an
1590 5293 1710 5354 tardius
1739 5291 1832 5352 abso·

132 5396 412 5475 Romaproiectus
440 5397 481 5457 sit
509 5414 615 5456 menae
645 5398 798 5473 Augusto,
825 5401 860 5456 ut
886 5396 954 5476 ipse
1009 5391 1076 5454 lata
1090 5394 1130 5453 sit
1145 5399 1217 5472 post
1230 5392 1366 5454 reditum
1392 5394 1423 5455 S.
1454 5391 1649 5472 Hieronymi,
1675 5389 1835 5469 judicium

130 5493 263 5553 testatur
291 5494 347 5556 lib.
372 5511 409 5557 ιιι
438 5493 600 5573 Apologia
615 5492 765 5553 adversus
781 5492 949 5569 linttnum3
1007 5491 1110 5552 lerant
1139 5490 1196 5567 illi,
1214 5490 1328 5570 quibus
1357 5492 1464 5554 forsan
1480 5508 1544 5552 non
1565 5487 1743 5569 placuerint
1761 5505 1836 5549 con-

128 5603 256 5651 necesse
280 5596 326 5653 est
357 5591 491 5654 Psalteri
518 5590 725 5671 posteriorem
754 5589 950 5655 emendatio·
1002 5587 1381 5669 jecturaenostroesupra
1400 5585 1751 5670 percenseremus
1772 5584 1834 5646 hoc

33 5692 41 5779 j
129 5701 202 5749 uem
232 5706 295 5750 non
311 5690 412 5752 solum
437 5696 508 5774 post
536 5708 653 5754 annum
681 5692 741 5752 38t
768 5697 799 5753 et
827 5690 951 5753 obitum
1006 5686 1240 5751 Psalterioase
1262 5688 1428 5751 emendato
1457 5686 1528 5748 haec
1553 5683 1651 5749 habet
1678 5683 1832 5764 Hierony·
