3870 6120
105 151 178 213 ιιπ
236 140 239 145 ’
862 156 969 212 crena
987 155 1060 212 soa.
1114 150 1117 155 ·

143 285 196 337 ant
210 277 278 352 quis
293 277 409 335 dimisit
422 278 550 352 lapidem
567 278 736 353 angularem
751 281 827 354 ejus,
949 282 978 351 Α
1064 280 1176 355 latam),

105 352 182 410 Gum
200 367 245 407 me
261 350 417 407 laudarent
431 349 521 406 simul
537 357 617 408 astra
633 352 791 421 matutina,
1027 359 1057 411 et
1071 355 1244 427 produceret
1259 352 1364 409 herbas
1378 352 1531 410 virentes?

144 429 175 480 et
185 423 350 497 jubilarent
365 438 466 479 omnes
483 421 535 477 filil
551 423 625 479 Dei?
989 426 1060 493 Quis
1075 431 1121 482 est
1136 425 1241 498 pluviae
1257 425 1363 498 paler?

106 495 180 563 Quia
195 494 341 551 conclusit
355 494 439 550 ostiis
457 510 549 561 marc,
1024 497 1069 554 vel
1084 498 1135 570 qui
1150 499 1251 570 genuit
1266 495 1363 552 stillas
1378 495 1477 551 roris?

146 566 264 640 quando
279 565 453 638 erumpebat
466 565 551 638 qnasi
578 566 613 622 de
631 566 733 623 vulvas
750 568 911 639 procedens
926 582 934 623 ι
989 573 1032 626 De
1045 571 1131 640 cujus
1148 574 1229 625 utero
1244 584 1362 641 egressa
1377 574 1421 622 est
1436 565 1568 639 glacies?

112 640 185 696 Cum
202 653 341 711 ponerem
353 638 462 693 nubem
478 637 686 695 vestimentum
702 640 777 710 ojus,
1027 645 1055 696 et
1069 641 1136 713 gelu
1151 643 1186 696 ds
1201 640 1273 697 cmlo
1289 639 1356 711 qnia
1371 638 1496 709 genuit?

145 707 478 781 stcaligineilludqnasi
489 709 938 781 pannisinfantiaeobvclvcrcm?
991 714 1024 769 ln
1041 711 1266 768 similitudinem
1282 710 1389 783 lapidis
1404 726 1487 782 aquas
1503 710 1658 777 durantur,

114 781 304 839 circumdedi
318 778 390 836 illud
407 779 540 837 terminis
556 780 641 850 meis,
1028 788 1057 839 et
1074 784 1162 840 facies
1179 784 1187 818 ¹
1203 782 1302 855 abyssi
1318 781 1541 854 constringitur.

148 858 177 910 et
192 852 277 924 posui
293 857 416 918 vectem,
436 856 465 907 et
479 851 575 908 ostia:
992 854 1058 913 Nun
1083 855 1132 911 uid
1149 856 1326 926 coniungere
1337 852 1447 909 valebis
1461 852 1601 908 micantes
1614 850 1815 919 stellasPleiu·

110 923 696 995 lltdirit:Usquehnovsnies,etnon
720 924 937 997 proccdesam-
1062 872 1118 982 ias
1132 926 1185 999 (rt.
1203 926 1346 1007 plyades),
1431 993 1438 1006 ι
1492 993 1499 1006 ⁶
1537 994 1542 1006 ·

150 996 240 1068 plius,
1029 1005 1081 1054 aut
1094 1014 1198 1070 gyrum
1214 999 1331 1053 Arcturi
1348 998 1457 1066 potens
1472 993 1638 1065 dissipare?

184 1065 275 1123 ethic
290 1065 458 1138 confringes
472 1070 621 1122 tumentes
636 1067 742 1123 fluctus
760 1070 827 1123 tuos
992 1069 1131 1143 Nunqnid
1143 1069 1280 1143 producis
1291 1068 1498 1139 (ltproduces,
1511 1065 1815 1139 Luciferumfhastra)

109 1137 250 1211 Nunquid
266 1143 333 1209 post
347 1144 445 1193 ortum
461 1141 545 1193 tuum
561 1140 726 1210 precepisti
741 1137 884 1205 diluculo,
1064 1142 1093 1197 in
1110 1147 1241 1213 tempore
1256 1157 1321 1205 suo,

147 1216 177 1266 et
190 1208 345 1265 ostendisti
361 1225 473 1265 aurora
488 1209 588 1265 locum
604 1208 716 1266 suum?
1029 1216 1057 1266 et
1072 1229 1121 1269 ves
1143 1229 1225 1269 crum
1241 1228 1330 1284 super
1345 1209 1421 1265 filios
1436 1211 1521 1264 terrae
1536 1208 1815 1280 consurgercfaois?

110 1286 148 1339 ltt
163 1280 286 1338 tenuisti
300 1282 470 1337 concutiens
485 1287 616 1338 extrema
629 1285 723 1349 terra,
993 1230 1225 1356 Nunqutrfnosn
1241 1283 1374 1339 ordinem
1389 1278 1466 1348 omli,

148 1358 179 1408 et
189 1351 346 1408 excussisti
361 1352 467 1424 impios
481 1368 516 1408 ea
530 1352 590 1409 ca?
1030 1360 1062 1411 et
1077 1372 1167 1428 pones
1183 1354 1324 1412 rationem
1340 1354 1404 1423 ejus
1420 1351 1449 1406 in
1467 1350 1568 1406 terra?

111 1424 297 1481 Restitnetur
309 1423 351 1495 (h.
367 1423 513 1496 vertetur)
530 1427 562 1479 nt
575 1423 671 1479 lutum
687 1422 889 1497 signaculum,
993 1425 1132 1499 Nunquid
1150 1426 1278 1483 elevabis
1299 1426 1328 1481 in
1345 1422 1451 1480 nebula
1462 1420 1569 1493 ²(h.ad
1582 1421 1703 1490 nubem)
1715 1438 1815 1480 vocem

149 1502 180 1551 et
195 1495 287 1552 stabit
301 1495 379 1551 sicut
392 1494 602 1552 vestimentum
617 1510 625 1552 ε
1029 1503 1123 1561 tuam,
1136 1503 1165 1554 et
1179 1499 1307 1570 impetus
1323 1511 1464 1568 aquarum
1480 1497 1592 1565 operiet
1607 1493 1656 1550 te?

113 1566 273 1622 Auferetur
285 1565 321 1620 ab
336 1565 436 1639 impiis
446 1566 496 1622 lux
511 1583 576 1634 ana,
992 1569 1132 1644 Nnnqnid
1148 1569 1248 1625 mittes
1264 1569 1391 1640 fulgura,
1407 1571 1436 1622 et
1449 1565 1544 1632 ibunt,

151 1643 182 1695 et
196 1636 350 1693 brachium
364 1637 511 1695 excelsum
527 1637 738 1709 confringetur.
954 1649 979 1716 B
1028 1646 1057 1697 et
1073 1642 1246 1697 revertentia
1261 1641 1360 1696 dicent
1374 1638 1427 1694 tibi
1446 1655 1453 1693 :
1468 1637 1644 1693 Adeamus?

115 1709 258 1793 Nunquid
276 1709 751 1782 ingressuseeprofundamaris.
994 1712 1205 1785 Oniposniiin
1223 1711 1385 1768 visceribus
1414 1708 1543 1765 hominis
1570 1708 1581 1742 ³
1610 1707 1651 1781 (h.
1681 1706 1816 1780 ovorum)

150 1788 180 1838 ct
195 1798 225 1837 ιιι
241 1780 412 1837 novissimis
425 1782 523 1854 abyssi
538 1780 758 1837 deambulasti?
1065 1783 1262 1857 sapientiam?

111 1852 254 1925 Nunquid
271 1858 377 1924 aperta
392 1852 447 1909 tibi
461 1857 531 1909 sunt
547 1856 636 1936 porta
652 1850 766 1918 mortis,
1028 1855 1072 1911 vel
1089 1856 1155 1927 quis
1170 1856 1251 1913 dedit
1264 1852 1340 1926 gello
1354 1850 1589 1923 intellligentiam
1607 1867 1614 1907 τ

150 1930 181 1980 et
196 1923 272 1980 ostia
286 1924 441 1980 tenebrosa
455 1924 577 1979 vidisti?
993 1927 1065 1994 Quis
1079 1927 1226 1984 enerrabit
1240 1925 1381 1984 coelornm
1397 1924 1551 1993 rationem,

110 1995 254 2068 Numquid
270 1995 483 2052 considerastis
496 1994 670 2051 latitudines
685 1992 939 2067 (rihlatitndincm)
1029 2003 1057 2054 et
1072 2004 1245 2054 concentum
1262 1996 1327 2053 cmii
1343 1996 1410 2069 quis
1425 1994 1552 2051 dormire
1568 1992 1677 2050 faciet?

191 2066 301 2122 terrae?
993 2070 1114 2135 Quando
1130 2070 1308 2126 fundebatur
1334 2069 1364 2124 b.
1390 2067 1536 2136 funditur)
1561 2064 1656 2137 pulvis
1680 2064 1710 2120 in
1726 2066 1816 2136 terra,

150 2138 250 2194 indica
263 2137 346 2207 mihi,
362 2137 388 2195 ai
404 2137 492 2208 nesti,
507 2136 618 2208 omnia,
1030 2149 1059 2197 et
1072 2140 1165 2213 glebm
1179 2140 1324 2214 conpingc
1345 2142 1434 2194 antur
1447 2138 1458 2172 ⁴
1473 2137 1514 2209 (h.
1531 2135 1741 2210 compingitur)
1755 2134 1770 2190 ι
1909 2136 1913 2143 '

116 2209 152 2267 ln
168 2227 226 2283 qua
240 2211 288 2266 via
302 2210 415 2265 habitet
428 2211 489 2276 lux,
992 2211 1133 2285 Nunquid
1148 2213 1247 2285 capies
1261 2211 1357 2267 leena
1374 2210 1515 2282 praedam,

153 2289 184 2338 et
198 2284 388 2338 tenebrarum
402 2281 470 2354 quis
484 2280 567 2337 locus
582 2279 622 2337 sit
637 2295 645 2335 :
1065 2289 1094 2340 et
1108 2285 1237 2340 animem
1253 2282 1419 2339 catulorum
1434 2283 1499 2351 ejus
1514 2276 1664 2351 implebis,

114 2352 155 2410 Ut
170 2354 264 2409 ducas
287 2354 521 2426 unumquodque
545 2351 599 2423 (rt.
624 2350 877 2423 unumquemque)
902 2350 939 2407 ad
993 2356 1114 2422 Quando
1130 2354 1283 2412 cubantia
1300 2352 1404 2423 antris,
1420 2359 1446 2408 et
1460 2352 1489 2407 in
1514 2350 1662 2423 specubus
1675 2348 1730 2420 (dl.
1746 2363 1814 2420 spe·

187 2423 330 2481 terminos
343 2440 424 2496 suos,
1064 2428 1151 2500 culis)
1167 2424 1373 2484 insidiantur?
1587 2431 1591 2438 '

150 2498 179 2552 cl
193 2494 340 2568 intelligas
355 2497 478 2553 semitas
494 2495 601 2550 domne
615 2495 690 2565 ejus.
993 2498 1065 2566 Quis
1081 2504 1224 2571 praeparat
1238 2514 1323 2553 corvo
1338 2510 1435 2552 escam
1450 2510 1547 2560 suam,

115 2568 239 2625 Sciebas
253 2571 323 2624 tunc
339 2567 417 2640 quod
434 2566 603 2623 nasciturus
617 2564 721 2622 esses?
1029 2572 1146 2643 quando
1162 2569 1235 2642 pulli
1250 2570 1315 2639 ejus
1329 2567 1460 2624 clamant
1472 2566 1508 2621 ad
1526 2565 1632 2634 Deum,
1646 2560 1816 2635 vagantesl,

152 2644 181 2694 et
196 2655 353 2694 numerum
369 2639 482 2694 dierum
499 2643 615 2694 tuorum
632 2651 754 2693 noveras
769 2634 811 2708 [h,
827 2635 940 2708 nosti]?
1063 2659 1097 2698 eo
1113 2642 1191 2711 quod
1207 2657 1265 2697 non
1280 2640 1409 2696 habeant
1424 2636 1531 2693 cibos?

115 2709 260 2783 Nunqoid
277 2710 473 2784 ingressuses
488 2707 645 2765 thesauros
660 2708 746 2777 nivis,
968 2709 971 2716 ’
994 2707 1473 2785 (dap.xxx1x.)n'nnqnidnostt
1499 2712 1616 2780 tempus
1640 2708 1744 2779 panus
1758 2703 1815 2760 in-
1914 2756 1918 2761 .

152 2788 205 2838 aut
219 2782 373 2839 thesauros
389 2781 542 2855 grandinis
557 2780 721 2852 aspexisti?
1065 2800 1132 2840 cam
1150 2785 1203 2852 (ιι.
1220 2782 1381 2853 hircorum)
1396 2781 1425 2836 in
1443 2778 1543 2851 petris,

112 2853 184 2918 Qum
198 2853 355 2925 preparavi
373 2854 402 2909 in
417 2858 536 2924 tempus
553 2852 646 2909 hostis
661 2849 718 2924 (rit.
735 2848 837 2921 hosti),
1029 2854 1073 2910 vcl
1086 2855 1281 2928 parturientes
1296 2869 1396 2909 cervas
1410 2847 1599 2907 observasti?

148 2925 181 2981 in
198 2925 276 2982 diem
293 2941 397 2997 pugna
414 2929 443 2980 at
454 2923 548 2979 belli?
1030 2925 1229 2983 Dinumerasti
1246 2941 1362 2981 menses
1377 2927 1536 2994 conceptus
1550 2935 1664 2986 earum,

109 2996 167 3052 l‘cr
183 3013 272 3067 qnam
288 2998 365 3052 viam
380 2995 530 3068 spargitur
544 2994 605 3061 lux,
953 3019 975 3088 G
1028 3003 1058 3053 et
1072 2997 1154 3055 scisti
1169 3003 1285 3070 tempus
1302 3000 1404 3068 partus
1419 2993 1545 3050 earum?

149 3067 290 3123 dividitur
305 3072 394 3124 astus
409 3068 450 3141 (h.
468 3083 566 3134 urens,
584 3067 611 3120 id
638 3070 692 3134 est,
716 3065 832 3139 ventus)
850 3081 939 3137 super
994 3070 1187 3126 locurvsntur
1201 3070 1237 3125 ad
1254 3070 1357 3138 fetum,
1372 3070 1401 3122 et
1417 3065 1547 3139 pariunt,

187 3140 321 3195 torrem?
1025 3146 1055 3197 st
1068 3142 1182 3214 rugitus
1197 3139 1348 3197 emittunt.

113 3209 188 3276 Quis
203 3210 285 3267 dedit
297 3209 559 3267 vehementissimo
574 3206 663 3264 imbri
677 3224 810 3275 cursum,
990 3211 1169 3282 Separantur
1182 3212 1234 3267 filii
1252 3227 1365 3278 earnm,

150 3286 181 3337 et
196 3283 273 3337 viam
289 3282 422 3339 sonantis
436 3281 568 3345 tonitrui,
1026 3289 1152 3357 pergunt
1167 3284 1204 3340 ad
1219 3288 1357 3356 pastum

113 3353 151 3410 Ut
169 3355 285 3426 plueret
300 3369 388 3425 super
402 3359 509 3410 terram
521 3354 633 3423 absque
648 3350 778 3418 homine,
1026 3356 1228 3428 egrediuntur,
1245 3359 1274 3410 et
1290 3370 1346 3410 non
1363 3355 1549 3409 revertuntur
1562 3349 1599 3406 ad
1614 3364 1675 3405 aas.

149 3425 179 3480 in
197 3426 324 3492 desorto,
341 3424 390 3480 nbi
407 3423 507 3480 nullus
529 3422 697 3479 mortalium
722 3429 939 3490 commoratum
989 3426 1060 3491 Quis
1073 3425 1187 3483 dimisit
1201 3441 1345 3497 onagrum
1360 3423 1496 3492 liberum,

110 3495 149 3552 Ut
165 3496 304 3570 impleret
318 3495 426 3552 inviam
443 3501 472 3552 et
487 3495 648 3552 desolatam
669 3493 723 3562 (Al.
740 3500 795 3550 too.
809 3496 838 3549 et
852 3494 938 3551 deso·
1025 3503 1054 3554 ct
1068 3498 1184 3554 vincula
1198 3499 1262 3569 ejus
1278 3497 1317 3565 (h.
1334 3494 1444 3553 eteberi
1458 3495 1479 3566 ‘y
1496 3493 1563 3566 quis
1579 3491 1691 3549 solvit?

148 3643 157 3677 ¹
176 3640 274 3695 Nostri
294 3657 397 3697 omnes
412 3656 484 3697 mss,
500 3643 526 3695 ee
540 3637 708 3711 superficies,
722 3640 777 3692 eto,
795 3652 847 3708 pm
860 3644 885 3693 ey
894 3639 937 3708 pa.
989 3623 1122 3681 tissimus
1137 3622 1267 3697 eorporis
1283 3625 1381 3694 partes
1397 3623 1488 3704 notat,
1506 3635 1558 3674 nee
1574 3617 1630 3673 nisi
1646 3616 1761 3699 exejus
1775 3616 1815 3672 si·

110 3719 168 3767 cles
184 3711 297 3783 legunt.
990 3694 1188 3767 gnificationis
1208 3693 1343 3765 analogia
1368 3709 1481 3764 opinor,
1507 3691 1543 3746 ad
1566 3705 1687 3745 ovorum
1709 3692 1814 3745 intima

147 3783 158 3817 ¹
175 3777 754 3854 llaemplarSan-Germancnsscanonis
765 3779 828 3850 jam
839 3796 939 3836 emen·
990 3767 1184 3833 ΒῑιιῐιίΓιιιΠιᾶὶι
1200 3781 1285 3836 Ρθῦἓθ
1301 3764 1417 3820 deduci·

108 3853 228 3922 datum,
252 3855 290 3911 cd
314 3854 467 3910 nebulam:
485 3857 572 3909 antea
596 3851 712 3923 legebat
734 3867 801 3906 cum
826 3852 939 3909 catoris
1027 3839 1083 3894 ⁸1¹¹
1097 3839 1218 3893 Hssbfffl⁰
1240 3845 1324 3922 ΊΡἎῬ
1341 3843 1437 3899 nibal,
1462 3831 1591 3902 “idithim
1614 3829 1759 3898 issdvbssftb
1782 3828 1812 3885 id

107 3925 251 3981 omnibus
268 3943 353 3997 mss,
369 3927 400 3981 in
414 3925 526 3982 nebula.
542 3928 634 3981 naar.
991 3929 1035 3981 est
1048 3928 1074 3980 et
1087 3924 1178 3996 yleboe
1194 3922 1451 3994 compingebantur,
1469 3925 1500 3975 ut
1523 3917 1634 3988 optime
1647 3916 1734 3973 vortit
1747 3915 1813 3973 llic·
1922 3946 1926 3951 ·

991 4013 1143 4066 ronyrnus.
1169 3994 1290 4050 Fallitur
1325 3994 1446 4065 proinde
1469 3989 1642 4047 scholiastes
1675 3988 1722 4043 hic
1745 3987 1813 4057 loci,

991 4068 1062 4124 dum
1079 4085 1129 4140 pro
1146 4066 1252 4139 plurali
1265 4067 1385 4121 verbum
1401 4064 1431 4120 in
1447 4062 1590 4137 singulari
1605 4060 1813 4134 personosub·

991 4141 1113 4195 stitucrc
1128 4138 1250 4193 curavit.
1267 4141 1357 4192 Mans.

1026 4211 1168 4267 ‘Rectius
1185 4210 1271 4265 rideri
1292 4209 1383 4277 possit
1397 4206 1493 4278 legere
1517 4222 1584 4261 enm
1612 4203 1682 4258 Sinti
1698 4201 1731 4268 V,
1749 4201 1812 4258 edi-

992 4281 1073 4338 tione
1089 4282 1248 4353 pauoisqnc
1264 4280 1329 4335 aliis
1345 4279 1470 4351 vulgatis
1486 4278 1570 4332 libris
1592 4276 1743 4331 Palatinus
1757 4290 1813 4330 ms.

992 4355 1134 4425 vanientes
1150 4370 1201 4426 pro
1218 4362 1369 4425 cnpcrrrtes,·
1384 4367 1451 4406 cum
1467 4348 1691 4429 vagirequidem
1704 4351 1816 4401 snout-

991 4442 1108 4497 cunquc
1123 4426 1221 4493 modo,
1238 4425 1360 4480 minimo
1374 4439 1440 4479 vero
1455 4420 1552 4492 vagari
1578 4424 1692 4491 possint
1714 4434 1815 4474 corvo·

991 4514 1056 4553 rum
1073 4496 1145 4569 pulli
1161 4496 1362 4567 implumes‚et
1377 4501 1530 4566 parentum
1542 4507 1596 4562 ope
1612 4489 1815 4546 destituetur-

991 4568 1148 4627 hilosecius
1163 4574 1191 4624 ct
1207 4569 1345 4623 Hebraeus
1360 4574 1437 4631 tuni,
1452 4568 1481 4619 et
1491 4568 1608 4619 Graeeus
1623 4559 1812 4632 πλανώμενοι,

145 4031 158 4066 ⁸
173 4030 309 4088 Notabile
324 4036 369 4088 est
384 4048 442 4104 pre
460 4030 560 4087 multis
576 4028 707 4086 scholion
733 4029 812 4085 istud
830 4029 939 4102 margi·

109 4102 193 4167 nale,
210 4105 279 4175 qnia
295 4103 399 4160 nullibi
415 4104 475 4159 sive
490 4103 520 4157 in
533 4101 656 4168 Lexicis,
673 4101 734 4156 sivo
748 4102 826 4172 apud
843 4101 938 4157 inter·

133 4178 212 4230 retes
228 4175 302 4231 hanc
316 4174 544 4248 significantiam
555 4174 681 4229 acorna
691 4172 770 4228 vocis
780 4181 863 4233 mnu
873 4174 938 4228 ιιιιι-

110 4191 179 4302 Kefn
192 4247 322 4304 invenire
338 4247 429 4318 potui.
446 4245 556 4302 Volunt
570 4245 690 4317 quidem
709 4243 802 4299 critici
816 4246 938 4301 verbum

109 4327 207 4383 nim,
223 4334 274 4374 seu
299 4326 395 4379 minim
422 4316 591 4390 significare
613 4315 769 4387 placentin
791 4320 820 4372 et
846 4332 939 4387 renea,

108 4389 312 4446 abscondituet
322 4392 430 4445 occultu
447 4406 453 4444 :
471 4393 500 4444 at
515 4389 550 4444 de
560 4387 709 4444 uisceribns
724 4386 937 4445 cueramaltuvn
952 4387 976 4455 l)

109 4461 191 4531 apud
208 4461 274 4517 illos
286 4477 368 4533 aque
383 4478 415 4517 ac
426 4461 504 4533 apud
519 4461 535 4517 J
540 4460 688 4515 odacrum
700 4459 833 4515 doctores
846 4458 935 4516 silon·

108 4533 199 4588 tium.
216 4533 296 4589 Sicut
310 4548 379 4605 crgo
396 4549 474 4589 renen
488 4531 676 4605 appellantur
697 4530 811 4586 tntrlvotlr
826 4536 878 4587 aut
891 4535 935 4587 tu·

106 4602 934 4741 tltlltfttttttttttttt?tttltflttttlti?
989 4637 1554 4781 vyygqyygyygyg„tggqygyt
1574 4633 1722 4690 utrum·
1740 4633 1813 4688 ruas

107 4746 229 4803 talebotlr
244 4747 427 4805 denominari
444 4752 567 4819 possunt
582 4748 611 4802 in
627 4745 728 4818 lingna
744 4744 885 4801 Hebraico
899 4747 935 4802 ab
989 4727 1006 4766 ⁸
1025 4783 1238 4854 reaptungmta
1252 4798 1285 4837 aa
1304 4780 1499 4851 Hieronymus
1514 4791 1573 4841 mg
1588 4783 1617 4834 ey
1632 4787 1709 4843 Ἦν,
1725 4776 1813 4831 pam

107 4818 308 4947 bittit?
327 4818 934 4949 tinetttltttthtttltfltltlnz
989 4853 1110 4983 ggggq
1124 4848 1812 4997 gygggvgggygyyd{ygyyggigtqyy

105 4978 175 5088 gne
190 4961 319 5034 oblinire,
334 4962 469 5046 obducere
483 4967 511 5018 et
526 4965 684 5045 incrustare
699 4960 935 5043 significantiam
988 4994 1078 5052 hm
1093 5012 1159 5053 vm
1174 4996 1254 5052 ahud
1273 5013 1368 5061 genus
1388 4993 1526 5051 animalis
1551 4994 1680 5049 indicam
1694 4989 1811 5044 videtur

128 5030 935 5090 catnunclectorcurvosusrestrtutamerbrtuvsseah
990 5056 1315 5137 monenspmw'fflgo
1330 5070 1392 5139 ew
1413 5068 1490 5135 quod
1515 5081 1649 5135 morum
1680 5059 1809 5132 respicit.

104 5102 937 5248 {533¹ygggyyygffiyygsffggngggygygygyyyygj
989 5137 1019 5196 a
1035 5140 1156 5196 necin
1170 5156 1234 5197 aa
1248 5141 1362 5207 aream,
1378 5140 1465 5204 rnen,
1483 5138 1633 5201 nam
1713 5131 1811 5201 nnn

104 5252 182 5304 tm·
200 5248 294 5307 MART·
990 5228 1078 5283 qnam
1095 5229 1194 5267 vocem
1207 5212 1307 5267 Latine
1322 5212 1407 5267 vertit
1423 5212 1573 5266 steterunt.
1587 5209 1673 5262 Nune
1686 5204 1755 5275 qnid
1768 5202 1811 5258 sic

989 5283 1113 5338 sicherus
1127 5301 1183 5339 non
1201 5301 1360 5354 possumne
1375 5283 1515 5339 «livinum.
1531 5280 1598 5352 quin
1616 5293 1668 5333 nec
1683 5275 1747 5331 volu
1758 5290 1811 5329 nec

143 5354 276 5419 —Qnod
293 5360 375 5412 notat
391 5354 565 5411 scholiastes
592 5371 642 5425 pro
668 5356 698 5410 in
723 5354 934 5409 enrrrttrncnn-
988 5355 1143 5426 vestigium
1162 5349 1686 5425 hrrinsnominisnpparuitnobisin
1704 5362 1813 5416 magna

103 5427 202 5491 minin,
215 5427 243 5482 in
261 5427 382 5483 Hebraen
397 5443 472 5492 esso,
489 5428 520 5482 in
535 5426 687 5483 uisceribus
705 5441 828 5492 cuorum,
846 5443 935 5482 unam
989 5424 1132 5482 librorum
1154 5428 1355 5494 multitudino,
1380 5443 1453 5497 quos
1475 5421 1679 5491 investigando
1704 5420 1814 5500 frastra

105 5502 209 5553 textus
223 5515 323 5555 vocem
339 5499 414 5555 hanc
431 5498 519 5554 habet
533 5507 637 5559 nium
661 5514 726 5569 qum
750 5497 797 5553 hio
814 5498 934 5570 qnidcm
990 5496 1176 5553 revolvimus.
1193 5500 1276 5555 Credi
1297 5516 1411 5572 quoqne
1428 5495 1499 5551 nihil
1518 5499 1594 5549 vetat
1609 5507 1707 5547 erroro
1723 5489 1811 5572 libra:

102 5569 263 5642 prmcordin
280 5570 372 5641 magis
394 5570 523 5635 placeret
547 5569 733 5641 interpretari
759 5586 827 5625 eum
852 5570 933 5626 Abeo
989 5569 1099 5626 riorum
1117 5577 1284 5644 corruptam
1309 5572 1342 5625 nd
1372 5587 1424 5623 nos
1449 5565 1616 5639 peruenias·¹
1641 5562 1811 5644 liernsrrrodr

103 5644 192 5707 Rara,
209 5656 299 5711 qnam
317 5648 350 5697 ut
366 5641 434 5698 alibi
451 5642 626 5712 rcnes‚qrrod
643 5642 796 5702 eordimon
814 5643 934 5697 renibus
988 5639 1156 5709 lectionem,
1178 5648 1207 5698 et
1232 5659 1283 5713 pro
1308 5641 1421 5703 certiori.
1447 5644 1519 5693 torto
1539 5636 1695 5709 lrgrndtnn
1722 5634 1750 5717 nl
1772 5639 1813 5689 cst

106 5713 259 5782 sapientia
274 5714 411 5771 insideat.
428 5712 568 5771 staterum
593 5712 736 5786 quidquid
761 5718 933 5785 coopertum
987 5714 1106 5784 feriant
1121 5715 1192 5789 quid
1209 5713 1315 5770 simile.
1327 5713 1492 5769 boetiorum
1505 5710 1550 5766 hie
1563 5708 1640 5764 adsit
1651 5706 1811 5778 judicium.

105 5787 155 5861 gat
170 5788 259 5858 atque
272 5785 491 5857 absconditum,
507 5790 594 5859 atque
607 5782 679 5843 adeo
688 5782 744 5842 has
757 5782 838 5859 ipsas
848 5784 933 5859 pcni·
1628 5778 1729 5837 haar.
