3870 6120
181 143 251 201 rece
406 116 409 121 ’
699 145 729 200 s.
751 141 956 200 mnaoariu
974 139 1102 196 armas
1118 136 1368 196 eremmanos.
1819 139 1892 200 assa

181 271 318 340 Cumque
331 265 501 339 loqueretur
515 280 643 335 mecum,
660 265 805 337 convalui,
817 270 846 324 et
860 264 942 323 dixi:
1023 269 1052 337 Α
1100 263 1131 319 et
1145 266 1326 345 consurgent
1340 262 1424 346 electi
1438 263 1504 338 ejus
1518 265 1555 324 ad
1570 263 1787 335 resistendum,

223 347 366 413 Loquere,
381 340 504 396 Domine
519 339 569 412 mi,
586 338 656 412 quia
671 339 845 396 confortasti
862 354 919 396 me.
1101 337 1130 390 et
1146 349 1204 416 nton
1218 341 1275 390 crit
1289 335 1439 393 tortitudo.

183 416 220 469 Et
234 414 294 468 ait:
1064 407 1100 463 iit
1114 405 1201 463 lauret
1215 405 1334 463 veniens
1349 410 1617 482 superseminata
1633 408 1780 483 placitum
1795 424 1893 481 suum,

222 481 360 553 Nunquid
379 481 437 537 scis
452 497 543 553 quara
557 482 687 538 venerim
703 482 738 538 ad
755 480 809 538 te?
1100 481 1130 532 et
1146 493 1204 533 non
1219 476 1275 533 erit
1287 478 1337 548 qui
1351 485 1410 537 stet
1424 488 1526 538 contra
1540 482 1647 540 taciem
1660 482 1744 556 ejus.

184 556 218 612 Et
245 569 323 610 nunc
338 557 468 608 revertar
483 560 516 609 ut
537 553 649 626 prelier
664 554 821 610 adversum
846 550 1009 626 principem
1064 549 1100 606 rit
1116 549 1206 605 stabit
1220 548 1250 604 in
1267 554 1344 606 terra
1359 549 1481 622 inclyta,

256 632 432 682 Persarum:
1099 625 1128 677 et
1143 626 1336 677 consumetur
1352 623 1382 678 iu
1399 639 1489 680 manu
1506 625 1582 697 ejus.

219 713 286 752 curn
311 711 379 766 ergo
402 695 567 768 egrederer,
583 695 719 768 apperuit
740 696 878 771 princeps
892 698 1009 752 Greco·
1063 691 1099 747 Εἰ
1113 695 1202 765 ponet
1215 691 1318 748 inciam
1330 710 1427 765 suam,
1441 701 1474 752 ut
1486 697 1583 754 veniat
1596 696 1815 755 adiuuandum
1827 696 1891 753 uni·

256 783 321 822 rum
338 768 470 824 veniens.
1135 779 1253 818 versum
1269 779 1392 837 regnum
1409 768 1486 837 eiua,

183 838 393 895 Verumtamen
411 837 594 895 annuntiabo
610 838 674 907 tibi,
690 839 767 912 quod
780 854 953 913 expressum
964 842 1010 895 est
1100 837 1129 889 et
1144 838 1224 916 recta
1239 835 1324 892 iaciat
1339 852 1405 893 eum
1420 855 1465 895 eo.

255 914 283 966 in
297 909 444 982 scriptura
458 911 600 978 veritatis,
1063 905 1099 961 Et
1124 904 1214 963 liliam
1239 906 1415 989 laminarum
1442 909 1522 966 dabit
1545 910 1582 983 ei,
1605 915 1639 968 ut
1660 909 1888 970 avermtittur:

219 986 249 1037 et
264 998 350 1038 nemo
366 986 411 1037 cst
424 983 543 1052 adjutor
557 996 641 1039 meus
656 981 686 1039 in
701 982 840 1039 omnibus
855 981 914 1052 his,
1099 982 1129 1033 et
1142 993 1200 1033 non
1216 978 1317 1046 stabit,
1334 996 1388 1037 nee
1402 979 1485 1038 illius
1499 981 1564 1038 erit.

219 1053 276 1109 nisi
293 1052 416 1109 biicbael
433 1054 581 1124 principes
595 1059 702 1123 vester,
1064 1048 1098 1104 iit
1112 1049 1376 1107 convertetiaeiem
1393 1069 1478 1110 auam
1495 1054 1530 1110 ad
1547 1051 1678 1125 insulas,

182 1123 261 1196 (Cep.
276 1124 336 1196 XI.)
350 1130 408 1196 ligo
424 1130 521 1181 autern
538 1126 574 1181 ab
588 1141 665 1181 auno
681 1123 776 1198 primo
788 1124 867 1182 Darii
878 1123 955 1182 Medi
1099 1125 1129 1176 et
1140 1122 1234 1192 capiet
1250 1120 1371 1190 multas,

220 1197 335 1252 stabam
353 1203 386 1251 ut
399 1197 630 1264 confortaretur,
647 1201 677 1252 et
692 1198 887 1256 roboraretur.
1063 1191 1097 1247 El
1111 1206 1227 1248 cessare
1241 1193 1328 1250 saciet
1343 1193 1505 1268 principem
1523 1195 1674 1269 opprobrii
1690 1194 1751 1265 aui,

182 1267 218 1322 iit
233 1284 312 1323 nuno
327 1267 480 1323 veritatem
495 1269 677 1325 annuntiabo
693 1268 757 1325 tibi.
1099 1268 1128 1318 st
1142 1264 1332 1336 opprobrium
1349 1268 1415 1337 ejus
1430 1274 1616 1325 convertetur
1629 1266 1662 1323 in
1678 1282 1761 1324 eum.

184 1339 255 1395 licea
270 1338 366 1394 adbuc
382 1343 442 1395 tres
458 1354 541 1410 reges
556 1340 678 1396 stabunt
692 1339 721 1396 in
739 1339 868 1397 Perside.
1062 1333 1099 1391 Et
1114 1339 1262 1392 convertet
1278 1336 1382 1394 taciem
1397 1354 1484 1395 suam
1499 1339 1535 1396 ad
1550 1339 1715 1412 imperium
1727 1349 1889 1410 terrama,

219 1415 248 1466 et
262 1414 386 1480 quartus
402 1410 545 1466 ditabitur
558 1411 664 1482 opibus
680 1411 780 1468 nimiis
795 1425 1007 1484 superomnes:
1098 1411 1127 1462 et
1140 1405 1296 1488 impinget,
1312 1412 1341 1465 et
1356 1414 1483 1478 corruet,
1498 1415 1527 1467 et
1542 1427 1602 1468 non
1617 1411 1802 1467 inveniatur.

183 1485 218 1538 iit
231 1497 298 1537 eum
314 1480 471 1538 invaluerit
485 1481 596 1538 divitiis
612 1484 687 1553 auis,
1061 1481 1098 1536 m
1112 1477 1204 1561 stabit
1214 1477 1243 1534 in
1255 1478 1318 1536 loco
1331 1481 1396 1553 ejus
1409 1481 1587 1552 vilissimus,
1598 1481 1890 1554 etindignnadecora

219 1552 377 1609 concitabit
404 1568 506 1609 omnes
549 1555 703 1611 adversum
733 1569 855 1629 reguum
880 1552 1007 1610 Graecias.
1134 1565 1234 1621 regio:

183 1624 289 1696 Surget
303 1639 369 1680 vero
385 1639 435 1680 rer
450 1623 545 1695 tortis,
1022 1641 1047 1709 B
1096 1626 1125 1677 et
1139 1621 1169 1677 in
1186 1618 1287 1694 paucis
1303 1620 1408 1680 diebus
1422 1628 1601 1693 conteretur,

218 1703 247 1751 et
262 1696 465 1752 deminabitur
481 1700 623 1766 potestate
636 1697 740 1770 multa,
1098 1709 1156 1748 noo
1173 1692 1203 1748 in
1217 1693 1326 1760 lurore,
1343 1709 1395 1750 nec
1410 1695 1439 1750 in
1457 1695 1567 1768 prelio.

217 1773 246 1823 et
261 1767 348 1822 lactet
361 1768 440 1839 quod
455 1767 599 1840 placuerit
613 1770 650 1824 ei.
1062 1764 1097 1820 Et
1113 1764 1204 1820 stabit
1219 1765 1248 1819 in
1265 1764 1329 1821 luco
1344 1767 1410 1837 ejus
1425 1766 1594 1840 despectus,

181 1839 217 1894 Et
232 1855 299 1894 curn
316 1840 442 1908 steterit,
458 1845 624 1896 conteretur
637 1855 761 1912 regnum
777 1838 852 1910 ejus,
1097 1842 1125 1891 et
1141 1851 1204 1917 nou¹
1215 1836 1363 1893 tribuetur
1375 1838 1402 1894 ei
1420 1838 1511 1896 bonor
1525 1840 1645 1912 regios:

218 1917 247 1965 et
262 1910 409 1966 dividetur
422 1913 451 1967 iu
468 1916 596 1983 quatuor
609 1919 711 1968 ventos
727 1911 811 1981 cmii,
1098 1912 1127 1964 et
1139 1910 1237 1962 vemet
1251 1908 1337 1975 olam,
1360 1914 1389 1965 et
1404 1910 1548 1968 obtinebit
1563 1925 1692 1983 regnum
1707 1908 1741 1966 in
1768 1909 1885 1967 imudn·

182 1982 239 2038 Sed
255 1997 312 2036 nen
329 1981 358 2036 in
375 1987 507 2053 posterus
523 1985 598 2054 ejus,
1135 1977 1236 2044 lautia,

222 2055 489 2178 neqpeserundum
506 2054 665 2126 potentiam
677 2052 1009 2127 illius,quadominatus
1063 2048 1097 2105 lit
1119 2049 1244 2178 brtoelriat
1254 2051 1415 2122 pugnantis
1428 2053 1708 2126 expugnabuntura
1724 2051 1802 2109 lacis
1815 2053 1884 2125 ajm,

254 2140 284 2179 es
312 2160 322 2185 ,
1132 2138 1147 2177 e
1176 2131 1374 2180 canerentur.

180 2164 370 2251 Lacerabitur
390 2195 468 2252 enim
485 2212 608 2269 regnum
624 2197 689 2269 ejus
705 2196 793 2253 etiam
808 2195 839 2252 in
851 2195 1007 2270 paternos,
1097 2191 1219 2265 insuper
1233 2197 1263 2249 ct
1277 2193 1338 2250 dux
1349 2193 1477 2251 loedcrls.

217 2266 346 2351 exceptis
361 2266 419 2323 bia.
1062 2268 1096 2320 Et
1111 2265 1349 2337 psalmiculos,
1364 2282 1431 2321 cnm
1446 2281 1480 2324 eo
1497 2266 1584 2323 saciet
1598 2265 1728 2324 dolum:

182 2337 216 2394 Et
229 2337 443 2394 contortnbitur
457 2354 507 2395 rex
524 2338 636 2395 lustri:
1097 2344 1126 2392 et
1139 2337 1286 2403 ascendet,
1303 2341 1332 2392 et
1349 2338 1500 2409 superabit
1513 2338 1543 2394 in
1560 2339 1677 2395 modico
1715 2337 1817 2412 apulo.

218 2413 248 2465 et
262 2408 297 2464 de
310 2409 498 2482 principibus
513 2410 577 2481 ejus
592 2410 759 2482 prevalebit
774 2426 864 2484 super
879 2426 958 2483 eum,
979 2415 1009 2468 et
1062 2408 1097 2465 Et
1111 2408 1295 2465 abundantes
1310 2413 1340 2465 et
1354 2409 1458 2465 uberes
1487 2411 1577 2468 urbes
1593 2412 1679 2483 ingre
1703 2411 1806 2478 ietur;

253 2479 454 2537 dominabitur
469 2482 599 2538 ditione:
1098 2485 1128 2536 et
1143 2480 1230 2536 laciet
1244 2496 1308 2552 que
1327 2496 1385 2537 non
1401 2479 1532 2537 iecerunt
1547 2488 1649 2555 putres
1664 2482 1747 2554 clus,
1762 2483 1886 2554 atpatrcs

218 2550 311 2607 multa
327 2552 405 2607 enim
421 2554 582 2610 dominatio
594 2554 671 2624 ejus.
1134 2557 1251 2624 patrum
1266 2551 1342 2622 ejus.

180 2621 216 2678 iit
229 2629 294 2693 post
309 2624 397 2679 linem
414 2641 557 2681 annerum
574 2624 814 2681 imdcrabuutur:
1063 2623 1202 2695 irapinas,
1217 2630 1246 2679 et
1289 2622 1408 2690 redum,
1423 2625 1452 2678 et
1466 2622 1584 2680 divitias
1598 2640 1707 2682 eorum
1725 2621 1886 2697 dissipabit,

216 2693 338 2766 filioque
361 2696 438 2767 regis
454 2699 546 2752 austri
562 2696 658 2753 reniet
682 2698 717 2753 ad
739 2712 836 2769 regem
858 2697 1008 2770 aquilonia
1098 2701 1127 2751 et
1141 2699 1242 2750 contra
1277 2693 1444 2750 rmisaimaa
1459 2695 1656 2769 cogitationes
1670 2695 1784 2754 inibit:

251 2767 345 2822 iacere
362 2767 544 2835 amicitiam,
1097 2772 1126 2822 et
1140 2766 1195 2822 boc
1209 2781 1304 2836 usque
1318 2765 1354 2822 ad
1367 2771 1492 2838 tempus.

180 2838 215 2895 Et
231 2854 289 2894 non
313 2838 459 2895 obtinebit
475 2838 676 2897 tortitudinem
692 2839 822 2912 brachii,
838 2856 892 2899 nar
917 2841 1008 2899 stabit
1061 2839 1096 2896 ill
1112 2837 1308 2894 concitabitur
1322 2837 1463 2894 tortitudo
1477 2837 1554 2909 ejus,

252 2925 353 2965 semen
369 2911 453 2980 ejus:
1097 2914 1126 2966 et
1147 2925 1197 2965 cor
1215 2909 1280 2980 ejus
1294 2910 1449 2966 adversum
1469 2926 1568 2983 regem
1592 2910 1692 2968 austri
1709 2910 1743 2968 in
1766 2909 1884 2968 exercita

180 2983 214 3034 Et
225 2981 360 3036 tradetur
374 2980 449 3052 ipsa,
466 2984 494 3037 et
510 2981 559 3055 qui
574 2982 760 3039 adduxerunt
774 2998 850 3050 eam,
1022 3009 1045 3077 c
1134 2996 1251 3054 magno.

216 3050 420 3108 adolescentes
448 3053 635 3125 eJus‚etqui
665 3055 869 3112 confortabant
884 3071 949 3113 eam
976 3054 1007 3114 in
1062 3055 1096 3108 Et
1110 3069 1160 3109 rex
1175 3051 1269 3109 austri
1286 3050 1491 3125 provocabitur
1505 3052 1541 3109 ad
1557 3050 1672 3110 bellom
1687 3050 1796 3111 multis
1811 3051 1884 3109 auxi·

251 3123 447 3195 temporibus.
1133 3124 1181 3180 liis
1195 3129 1224 3179 et
1239 3122 1362 3179 sortibus
1377 3121 1484 3180 nimis:

181 3192 215 3249 iit
228 3194 320 3250 stabit
334 3194 370 3251 de
385 3195 518 3269 germine
533 3195 665 3252 radicum
681 3198 747 3268 ejus
763 3196 929 3270 plantatio:
1096 3201 1127 3253 at
1140 3211 1198 3251 non
1214 3197 1345 3262 stabunt,
1360 3195 1431 3266 quia
1446 3194 1563 3251 inibunt
1575 3195 1725 3254 adsersus
1737 3210 1807 3253 eum
1821 3210 1882 3251 con·

217 3270 246 3320 ot
261 3266 1009 3350 renietcurncaeercitu,etingredieturprovinciam
1129 3266 1205 3324 eilia.
1804 3338 1811 3350 .

216 3409 245 3461 et
254 3352 403 3463 ffiffip
408 3339 477 3478 ¹eliosn3¹
481 3356 522 3465 sel
531 3409 687 3466 obtinebit.
1061 3338 1097 3396 m
1119 3337 1348 3480 chneigiotllrlrlpsuep
1356 3342 1784 3490 &oppopgffmgparpommm
1802 3336 1886 3403 lum

182 3477 308 3549 Insuper
322 3482 351 3533 et
366 3479 436 3535 deos
452 3496 565 3547 eorum,
581 3485 611 3536 et
625 3481 786 3564 sculptilia,
1097 3487 1126 3539 et
1140 3482 1246 3538 cadent
1261 3480 1340 3535 inter
1348 3480 1413 3537 iactr
1430 3479 1561 3551 plurimi.

216 3563 288 3606 vase
303 3565 422 3622 quoque
439 3552 568 3622 pretiosa
583 3559 696 3624 argenti
713 3557 741 3609 et
756 3553 831 3622 auri,
1061 3553 1193 3611 Duorum
1208 3567 1326 3623 quoquo
1360 3566 1462 3623 regum
1485 3568 1536 3608 cor
1557 3551 1624 3618 erit,
1643 3557 1680 3608 ut
1696 3550 1883 3616 malefaciant,

216 3624 245 3702 et
259 3620 374 3692 captiva
389 3621 477 3705 ducet
492 3624 521 3678 in
536 3624 709 3696 AEgyptum:
812 3695 818 3709 ι
875 3696 881 3709 ⁸
1096 3624 1175 3681 etad
1202 3638 1335 3705 mensam
1356 3638 1445 3679 unam
1461 3622 1653 3681 mendacium
1680 3623 1884 3697 loquentur,et

179 3691 735 3838 Et}lglrffietvlrlel'ggrlgrlrorrflelrlrsaffiff
752 3698 910 3770 uqmlom’
1097 3695 1410 3839 qulglluljllzgctliennigin
1427 3763 1507 3821 aliud
1523 3769 1658 3838 tempus.
1848 3835 1855 3849 ι

214 3841 244 3889 et
258 3840 423 3892 revertetur
438 3838 473 3893 ad
490 3843 599 3895 terram
616 3855 714 3896 suam.
1062 3838 1098 3894 lit
1112 3840 1273 3895 revertetur
1289 3836 1319 3893 in
1335 3841 1444 3894 terram
1465 3852 1551 3894 auam
1565 3853 1633 3894 cum
1648 3837 1762 3911 opibus
1776 3836 1884 3895 multu:

178 3903 244 3960 Filii
258 3910 358 3963 autem
374 3908 439 3979 eJ'us
459 3911 706 3980 provocabuntur,
1096 3915 1125 3967 et
1140 3926 1189 3965 cor
1213 3910 1279 3981 elus
1295 3908 1452 3966 adversum
1468 3912 1685 3967 testamentum
1701 3914 1849 3980 sanctum,
1862 3911 1887 3964 et

213 3982 243 4033 et
256 3980 479 4051 congregabunt
491 3980 711 4038 multitudinem
719 3981 901 4039 exercituum
915 3981 1009 4055 pluri·
1133 3981 1233 4048 iaciat,

253 4065 371 4105 morum
385 4066 392 4106 ι
1097 4055 1127 4109 et
1140 4055 1302 4110 revertetur
1319 4051 1347 4108 in
1364 4056 1472 4109 terram
1486 4067 1584 4108 auam.

179 4118 215 4176 Et
228 4120 324 4176 veniet
340 4137 513 4194 properans,
537 4127 567 4179 et
590 4124 758 4180 inundans:
1061 4123 1176 4180 Statuto
1192 4128 1325 4195 tempore
1340 4127 1512 4190 reuertatur,
1528 4128 1557 4180 st
1570 4121 1673 4180 veniet
1683 4123 1721 4182 ad
1739 4128 1884 4183 austrum:

214 4195 244 4247 et
261 4197 437 4261 revertetur,
452 4199 483 4251 et
497 4194 703 4263 concitabitur,
720 4197 749 4252 et
759 4195 928 4268 egredietur
941 4212 1009 4254 cum
1096 4202 1124 4251 et
1139 4211 1197 4251 non
1212 4195 1270 4251 erit
1284 4194 1375 4267 priori
1391 4195 1489 4251 simile
1501 4193 1715 4264 novissimum,

252 4263 358 4320 robore
374 4265 449 4335 ejus.
1062 4266 1097 4323 lit
1110 4267 1228 4324 venient
1239 4282 1331 4339 super
1344 4282 1411 4323 eom
1426 4265 1543 4324 Trieres
1558 4271 1587 4323 at
1602 4267 1753 4326 Romani:

179 4334 214 4389 Et
229 4340 403 4405 provocatus
419 4353 469 4392 rex
483 4338 578 4393 austri
594 4336 771 4408 egredietur,
1022 4375 1046 4441 D
1097 4342 1126 4394 et
1140 4338 1329 4411 percutietur,
1346 4342 1374 4394 et
1389 4342 1561 4406 revertetur,

215 4411 245 4461 et
262 4407 408 4479 pugnabit
422 4409 564 4465 adversus
580 4424 678 4480 regem
695 4409 864 4481 aquilonis3
1097 4415 1126 4466 et
1149 4409 1354 4481 indignabitur
1368 4414 1469 4466 contra
1484 4413 1702 4468 testamentum
1719 4406 1884 4476 sanctuarii,

216 4480 245 4531 et
260 4479 436 4559 preparabit
450 4479 673 4537 multitudinem
691 4479 825 4548 nimiam,
1134 4486 1163 4537 et
1178 4480 1274 4538 laeiet.

215 4553 243 4602 ot
259 4548 378 4604 dabitur
393 4550 556 4609 multitudo
571 4553 601 4607 in
617 4567 706 4608 manu
722 4553 797 4623 ejus.
1062 4550 1293 4636 Revertaturque
1307 4555 1338 4609 et
1352 4550 1494 4624 cogitabit
1508 4551 1669 4610 advenum
1685 4567 1753 4623 eoa,

178 4620 213 4672 Et
227 4634 260 4674 ca
283 4619 323 4674 iet
339 4621 576 4691 multitudinum,
592 4625 621 4678 et
631 4623 809 4679 exaltabitur
824 4640 874 4681 cor
888 4623 964 4695 alus.
1097 4624 1147 4696 qui
1162 4623 1384 4696 dereliquerunt
1396 4627 1607 4681 testamentum
1623 4624 1808 4694 sanctuarii,

212 4693 241 4744 et
257 4636 377 4760 Xejiciet
391 4693 496 4762 multa,
513 4696 563 4751 sed
580 4710 638 4750 non
655 4694 837 4766 praevalebit.
1060 4698 1095 4750 st
1111 4694 1231 4751 liracbia
1245 4712 1280 4751 er
1291 4711 1325 4751 eo
1340 4695 1472 4767 stabunt,

178 4759 369 4818 Convertetur
382 4766 461 4821 enim
478 4783 528 4821 rex
543 4765 702 4894 apollonis,
1095 4772 1125 4823 ot
1140 4767 1271 4840 polluent
1285 4766 1488 4823 sanotuarium
1504 4765 1703 4840 tortitudinis,

213 4835 426 4916 etpreeparabit
437 4837 555 4894 multitu
580 4837 905 4910 inemmultomajorem
915 4854 1005 4912 quam
1095 4843 1125 4895 et
1139 4840 1273 4896 auferent
1285 4838 1358 4911 juge
1374 4837 1552 4895 sacritloinm

229 4974 234 4986 .
250 4920 334 4976 prius
349 4919 356 4962 ε
1094 4916 1123 4966 et
1138 4910 1251 4967 dabunt
1266 4909 1516 4967 abominationem
1531 4915 1561 4966 et
1573 4908 1813 4978 desolationem,

176 4973 213 5031 iit
227 4991 258 5031 ru
272 4976 330 5033 llue
346 4981 514 5050 temporum
529 4995 746 5052 annorumque,
835 4985 838 4992 '
1058 4983 1094 5037 iit
1107 4980 1191 5054 impii
1207 4982 1237 5038 in
1252 4984 1463 5039 testamentum
1478 4978 1669 5038 simulabunt
1685 4981 1882 5040 fraudulenter

212 5048 487 5132 veniet-properans
501 5067 567 5107 cum
583 5051 710 5109 exercitu
720 5067 838 5125 magno,
853 5055 883 5109 at
896 5051 1004 5125 opibus
1095 5050 1230 5181 pospulnts
1245 5060 1342 5110 aulem
1357 5052 1453 5109 aciens
1468 5051 1562 5109 Deum
1577 5068 1685 5126 suum,
1702 5052 1880 5112 obtinebitat

250 5135 362 5185 nimus,
1141 5141 1203 5181 aere
1218 5166 1226 5182 .

178 5186 212 5244 lit
226 5188 255 5245 in
277 5190 460 5264 temporibus
475 5191 536 5249 illis
557 5192 642 5250 multi
658 5198 839 5268 consurgent
861 5197 1003 5254 adversus
1056 5195 1093 5252 lit
1108 5195 1184 5253 docti
1200 5197 1228 5252 in
1241 5194 1350 5279 populo
1362 5194 1512 5252 docebunt
1524 5192 1696 5266 plurimos:

247 5278 347 5334 regem
363 5264 476 5319 austri:
1092 5273 1121 5323 et
1143 5272 1231 5325 ruent
1244 5283 1274 5322 in
1290 5265 1400 5338 gladio,
1416 5271 1445 5324 et
1459 5266 1590 5335 llsmma,
1610 5272 1643 5325 et
1655 5267 1687 5325 in
1712 5267 1877 5343 capuciati.

210 5331 264 5389 tilii
279 5351 397 5406 quoque
412 5334 666 5407 prevaricatorum
686 5336 787 5410 populi
802 5338 844 5395 tui
860 5338 1002 5399 extollen·
1130 5345 1160 5396 at
1174 5340 1204 5395 in
1220 5337 1325 5411 rapina
1338 5338 1466 5395 dierum.

248 5411 308 5475 tur,
325 5412 357 5462 ut
367 5406 511 5479 impleant
525 5407 680 5480 visionem,
1055 5409 1373 5483 Cumquecorrnerint,
1382 5409 1622 5468 sublevabuntur
1629 5410 1751 5469 auxilio
1762 5404 1874 5486 mnus

213 5478 242 5529 et
258 5483 406 5534 corruent.
1126 5489 1157 5540 at
1169 5499 1206 5556 ap
1230 5481 1402 5538 licabuntur
1414 5482 1458 5537 aia
1472 5478 1593 5552 plurimi
1611 5480 1832 5541 fraudulenter.

175 5542 210 5600 m
224 5547 322 5631 veniet
346 5564 395 5605 rex
410 5546 570 5633 aquilonis,
587 5551 617 5635 at
630 5551 828 5622 comportabit
850 5568 1001 5628 aggerem,
1056 5552 1090 5610 br
1104 5552 1140 5611 de
1154 5500 1280 5611 mugitis
1294 5556 1390 5621 ruent,
1409 5556 1442 5609 ut
1457 5550 1637 5623 conflentur,
1651 5558 1686 5612 at
1699 5553 1851 5639 eliganter,

211 5619 240 5670 et
255 5634 288 5675 ea
310 5624 350 5677 ret
364 5620 454 5677 urbes
468 5620 704 5677 munitissimas:
1091 5629 1120 5681 at
1134 5626 1309 5683 dealbentur
1323 5639 1420 5697 usque
1435 5623 1472 5682 ad
1487 5627 1612 5707 tempus
1626 5626 1814 5698 prefinitum

176 5687 211 5738 Et
223 5634 343 5746 braelria
358 5692 452 5748 austri
469 5709 527 5748 non
539 5691 740 5760 sustinebunt,
1090 5697 1162 5768 quia
1176 5697 1272 5756 adbuc
1288 5695 1368 5753 aliud
1384 5700 1504 5769 tempus
1517 5703 1585 5753 erit.
