3870 6120
103 199 163 256 913
704 210 812 268 LIBER
830 211 994 267 JRRllldiAE
1013 209 1227 266 PROPHBTAE·
1568 158 1571 175 Ι
1764 210 1820 271 eii

144 331 175 383 ct
189 330 310 398 peccata
321 329 419 384 vestra
433 327 652 401 prohibuerunt
673 331 787 390 bonum
803 333 914 391 avobis
931 351 938 391 :
955 334 980 402 A
1032 331 1094 405 agri
1109 336 1139 389 et
1153 347 1258 391 uxores
1274 333 1404 407 pariter:

107 396 185 463 Quia
199 398 308 482 inventi
324 403 395 456 sunt
410 400 440 456 in
456 401 565 475 populo
580 419 645 462 meo
659 404 743 479 impii
764 406 940 464 insidiantes
996 405 1239 471 Quiaextendam
1264 422 1384 463 manum
1410 421 1506 465 meam
1536 423 1625 481 super
1652 408 1823 468 habitantes

146 486 269 613 1εὲἒέἒέ
285 487 437 616 apluchlepiftses
461 546 491 599 et
515 544 632 616 pedicas
656 547 692 604 ad
714 549 872 622 capiendos
898 548 940 606 vi·
1031 480 1271 606 dissietrrnngiliiinus.

183 630 239 670 ros.
261 684 267 695 Ι
993 620 1135 677 Amiucre
1150 621 1259 694 quippe
1272 635 1365 694 usque
1376 621 1413 678 ad
1423 622 1564 694 majorem
1580 639 1682 682 omnes
1692 624 1823 683 avaritiis

105 682 192 741 Sicut
207 684 343 756 decipula
358 683 447 758 plena
461 685 577 757 avibus,
1066 693 1208 748 student:

144 757 189 812 sio
205 758 312 813 domus
327 773 430 813 eorum
447 758 539 831 plena
556 759 621 816 dolo
639 777 645 817 :
1030 766 1058 818 et
1073 779 1089 818 a
1106 763 1248 836 propbeta
1263 778 1357 836 usque
1382 763 1418 820 ad
1444 765 1627 823 sacerdotem
1652 769 1751 825 cuncti
1776 768 1820 825 l'a-

142 827 209 885 ideo
225 829 406 901 magnificati
423 834 493 886 sunt
507 836 536 886 et
550 830 645 889 ditati.
1065 834 1149 891 ciunt
1164 833 1277 891 dolum.

106 899 268 956 incrassati
284 905 354 956 sunt
369 904 399 955 et
413 900 614 974 impinguati:
992 906 1028 962 Di
1047 907 1191 962 curabant
1214 905 1421 964 contritionem
1443 905 1510 964 iiliie
1534 908 1636 982 populi
1665 909 1724 967 mei
1751 925 1819 966 cum

142 975 172 1028 et
187 970 391 1045 preterierunt
406 988 557 1031 sermones
573 990 651 1032 meos
666 975 803 1049 pessimo.
1063 977 1237 1049 ignominia,
1254 977 1385 1035 dicentes
1400 993 1408 1036 τ

103 1041 232 1100 Causam
250 1060 309 1100 non
321 1043 531 1118 judicaverunt
547 1046 566 1114 ¹,
1027 1047 1097 1119 Pax,
1114 1066 1188 1121 pax:

143 1131 265 1172 causam
281 1114 386 1188 pupilli
401 1133 458 1172 non
472 1116 652 1187 direxerunt,
1026 1125 1055 1175 et
1070 1137 1129 1177 non
1143 1124 1204 1176 erat
1218 1137 1284 1193 pax.

142 1191 173 1242 et
184 1185 331 1259 Judiclum
348 1202 512 1259 pauperum
528 1206 586 1245 nou
598 1189 815 1261 judicaverunt.
991 1189 1112 1249 Conlusi
1128 1196 1209 1260 eunt,

104 1257 250 1333 Nunquid
265 1274 353 1331 snper
368 1258 414 1315 his
430 1277 488 1316 non
504 1260 649 1317 visitabo?
662 1261 733 1318 dicit
749 1263 900 1331 Dominus,
1027 1264 1097 1346 quia
1113 1262 1364 1320 abominationem
1381 1266 1535 1320 lecerunt:

141 1337 196 1388 eut
212 1346 300 1400 super
315 1334 432 1403 gentem
460 1330 667 1405 hujuscemodi
692 1351 751 1391 non
776 1335 937 1393 ulciscetur
991 1334 1066 1400 Quin
1083 1335 1180 1408 potius
1197 1332 1368 1392 contusione
1381 1349 1439 1391 non
1455 1338 1527 1392 sunt
1540 1334 1668 1407 confusi,

181 1403 282 1459 anima
297 1402 382 1458 meat
1025 1412 1053 1464 et
1068 1409 1241 1464 erubescere
1255 1407 1423 1463 nescierunt

103 1474 218 1546 Stupor
233 1478 260 1529 et
276 1472 423 1530 mirabilia
439 1474 516 1531 lacta
531 1475 643 1532 suntin
661 1480 761 1536 terra:
990 1479 1083 1545 Quam
1099 1478 1136 1534 ob
1152 1496 1213 1535 reni
1229 1479 1335 1534 cadent
1351 1477 1428 1533 inter
1442 1481 1585 1534 ruentes:

141 1544 294 1617 Propheta
309 1545 525 1618 prophetabant
539 1547 739 1614 mendacium,
1026 1550 1055 1605 in
1071 1553 1201 1622 tempure
1217 1549 1396 1606 visitationis
1421 1566 1481 1604 sus
1504 1552 1652 1618 corruent,
1669 1547 1741 1606 dicit
1760 1550 1816 1608 Do·

140 1623 171 1675 et
186 1618 357 1675 sacerdotes
372 1634 407 1690 ep
431 1618 590 1674 laudebant
605 1619 744 1678 manibus
758 1621 832 1678 suis.
1061 1621 1170 1677 minus.

103 1688 140 1746 lit
156 1687 285 1816 tig⁰¹t⁸
301 1704 385 1746 meus
401 1635 501 1746 ‹flleiit
515 1689 609 1746 talia:
951 1690 1055 1778 Bllaeo
1069 1692 1142 1749 dicit
1155 1690 1298 1773 Dominus
1315 1706 1323 1748 τ
1375 1762 1381 1774 .

137 1777 189 1832 qui
229 1761 237 1813 i
260 1766 320 1815 itur
334 1759 384 1818 fiet
398 1761 428 1816 in
444 1761 602 1818 novissimo
618 1762 705 1835 ejus‘l
1026 1764 1106 1820 State
1120 1780 1210 1837 super
1223 1780 1297 1830 viae,
1313 1767 1342 1819 et
1356 1762 1462 1833 videte,

103 1831 183 1906 (Cap.
200 1776 260 1903 viffi
274 1832 497 1903 Goniortamini,
514 1833 567 1889 lilii
594 1834 761 1906 Benjamin,
782 1833 813 1890 in
836 1835 934 1894 medio
1023 1839 1054 1892 et
1067 1835 1246 1909 interrogate
1261 1834 1297 1890 de
1311 1833 1424 1890 semitis
1452 1832 1677 1907 antiquisque
1704 1833 1744 1891 sit
1767 1834 1816 1892 via
1875 1900 1878 1905 ,

175 1904 353 1970 Jerusalem,
1058 1906 1145 1975 bona,
1162 1912 1191 1964 et
1205 1904 1353 1963 ambulate
1369 1907 1398 1962 in
1414 1921 1471 1961 ec:

134 1978 165 2031 et
181 1975 216 2030 in
231 1974 347 2032 'thecua
362 1974 490 2047 clangite
505 1974 641 2042 buccina,
986 1976 1022 2034 lit
1037 1977 1192 2035 invenietis
1207 1976 1391 2050 refrigerium
1407 1974 1566 2034 animabus
1581 1976 1698 2035 vestris.

134 2052 166 2103 ct
180 2062 269 2117 super
285 2046 497 2103 Bethacharem
513 2047 606 2104 levate
620 2046 760 2105 vexillum
777 2065 784 2105 ε
986 2048 1171 2107 diuiserunt
1187 2067 1194 2106 τ
1211 2049 1274 2106 Nou
1290 2047 1521 2105 ambulabimus.

97 2118 173 2187 Quia
189 2118 300 2175 malum
314 2117 411 2174 visum
429 2123 472 2174 est
488 2120 524 2176 ab
541 2118 688 2193 aquilone,
984 2120 1020 2178 lit
1034 2122 1174 2179 constitui
1191 2137 1280 2194 super
1294 2137 1345 2175 vos
1360 2119 1570 2193 speculatores.

130 2194 162 2247 et
175 2189 319 2246 contritio
331 2205 448 2262 magua.
1020 2193 1126 2249 Audite
1142 2208 1241 2250 vocem
1258 2192 1347 2248 tube.

97 2261 245 2333 Speciosa
261 2267 290 2318 et
304 2260 434 2318 delicata
450 2261 609 2317 assimilavi
627 2260 718 2318 filiam
734 2261 811 2319 Sion.
1019 2268 1055 2322 Et
1070 2266 1209 2322 dixerunt
1226 2281 1232 2321 :
1248 2263 1312 2321 Non
1328 2262 1494 2319 audiemus.

97 2335 140 2391 sd
161 2350 229 2389 eam
245 2335 363 2389 venient
378 2337 520 2405 pastores,
537 2337 565 2390 et
578 2348 681 2406 greges
694 2350 795 2392 eorum
814 2351 820 2392 :
984 2335 1051 2395 ideo
1068 2337 1178 2405 audite,
1194 2340 1307 2409 gentes,
1323 2339 1352 2391 et
1366 2349 1521 2408 cognosce,
1537 2332 1737 2408 congregatio,

131 2406 264 2461 flierunt
277 2406 307 2460 in
322 2422 357 2461 ea
372 2405 498 2461 tentoria
513 2405 542 2461 in
558 2404 683 2461 circuitu
700 2421 708 2461 ι
1019 2413 1132 2482 quanta
1143 2424 1197 2481 ego
1210 2408 1317 2464 luciam
1333 2406 1387 2464 eis.
1820 2430 1823 2435 ’

130 2481 234 2552 pascet
267 2477 474 2550 uuusquisque
507 2493 557 2533 eos
591 2477 642 2549 qui
669 2476 726 2534 sub
753 2494 845 2536 mauu
874 2497 929 2537 sua
982 2480 1065 2549 ludi,
1086 2484 1187 2537 terre:

172 2550 255 2604 sunt.
1016 2551 1089 2608 Ecce
1108 2568 1161 2623 ego
1185 2550 1330 2607 adducam
1348 2545 1428 2603 mela
1442 2562 1532 2619 super
1546 2545 1689 2621 populum
1707 2548 1808 2619 istum,

94 2619 283 2676 Sanctificate
297 2635 466 2692 supeream
481 2618 591 2675 bellum
609 2634 615 2675 :
1017 2623 1147 2680 fructum
1163 2620 1374 2693 cogitationum
1390 2619 1475 2688 ejiis;

95 2690 569 2819 v⁰⁰⁰⁸¹¹58¹²⁶a⁰¹d⁸⁸⁰¹9⁰dtmgi
584 2690 614 2747 in
630 2692 753 2750 meridie
768 2711 778 2750 :
900 2692 902 2697 '
982 2693 1058 2762 (tuis
1071 2695 1161 2751 verba
1176 2709 1241 2749 mea
1256 2708 1312 2749 nun
1329 2690 1495 2815 ᾳιιᾱίοωῖη,

124 2763 370 2907 {mames
381 2767 674 2891 iscltssaghtntffii'ibrae
688 2836 814 2908 vesperi.
979 2765 1496 2911 Uteitpliigeililiithiethlgspdrglggleiaufiier
1509 2832 1558 2902 tis,
1691 2903 1697 2916 .

95 2908 228 2980 surgite,
245 2911 273 2962 et
287 2906 483 2963 ascendamus
497 2907 526 2961 in
539 2912 634 2976 nocte,
1014 2915 1044 2965 et
1059 2908 1206 2966 calamum
1230 2903 1460 2963 suaveolentem
1475 2904 1512 2960 de
1527 2908 1604 2960 terre
1618 2901 1805 2977 longinqua?

134 2982 165 3034 et
180 2978 361 3050 dissipemus
375 2979 480 3034 domos
495 2979 570 3050 ejus.
978 2980 1224 3038 Holocautomata
1237 2986 1334 3035 vestra
1350 2992 1408 3033 non
1424 2978 1495 3033 suut
1509 2981 1639 3049 accepta,

94 3048 174 3119 Quia
189 3049 252 3107 hec
265 3050 337 3106 dicit
353 3049 494 3107 Dominus
506 3049 686 3107 exercituum
704 3067 712 3109 ε
944 3085 966 3151 c
1020 3056 1049 3109 st
1063 3052 1189 3109 victima
1205 3054 1305 3107 vestra
1321 3065 1379 3104 nun
1394 3046 1571 3133 placuerunt
1585 3046 1670 3105 mihi.

134 3121 247 3179 cadite
262 3120 377 3194 lignum
393 3120 470 3187 e‘us,
987 3125 1144 3196 Propterea
1158 3122 1218 3178 heo
1233 3120 1305 3178 dicit
1318 3124 1463 3176 Dominus
1479 3135 1487 3177 ι

133 3197 164 3249 et
178 3192 294 3249 tundite
308 3194 386 3249 circa
398 3136 564 3250 ierusalem
580 3208 716 3267 aggerem
734 3210 741 3252 :
1017 3196 1090 3252 llere
1104 3211 1156 3268 ego
1171 3193 1247 3250 dabo
1262 3191 1293 3248 in
1310 3190 1452 3275 populum
1469 3189 1561 3274 istum
1574 3189 1689 3259 ruinas,

98 3267 169 3321 nac
184 3268 230 3321 est
244 3264 345 3323 civitas
358 3263 545 3333 visitationis,
984 3268 1019 3324 itt
1033 3271 1119 3324 ruent
1134 3267 1163 3323 in
1179 3265 1222 3323 eis
1238 3269 1336 3337 patres
1349 3268 1380 3321 et
1394 3262 1448 3318 tilii
1464 3263 1566 3334 simul,

139 3335 237 3392 oinnis
252 3336 401 3393 calumnia
417 3337 447 3392 in
461 3335 557 3392 medio
577 3334 653 3407 ejus.
1019 3339 1135 3395 vicinus
1149 3340 1179 3394 et
1193 3336 1346 3410 proximus
1361 3334 1511 3409 peribunt.

99 3406 184 3465 Sicut
199 3407 335 3481 frigidam
353 3407 423 3464 tacit
438 3407 566 3464 cisterna
580 3423 688 3479 aquam
707 3424 805 3480 suam,
984 3415 1051 3467 Hac
1066 3411 1138 3469 dicit
1150 3408 1307 3477 Dominus,

137 3479 181 3536 sic
197 3478 335 3552 frigidam
352 3479 418 3536 lecit
434 3479 577 3536 malitiam
593 3494 676 3536 suam
694 3495 701 3535 :
1020 3483 1091 3540 Ecce
1107 3479 1233 3556 populus
1249 3478 1328 3537 venit
1342 3477 1378 3535 de
1392 3480 1470 3535 terra
1485 3476 1652 3550 aquilonis;

99 3549 248 3624 Iniquitas
264 3555 292 3608 et
305 3551 427 3608 vastitas
443 3551 579 3608 audietur
594 3551 624 3606 iu
639 3568 685 3619 ea,
1019 3559 1048 3611 et
1062 3570 1135 3627 gens
1150 3568 1259 3625 magna
1272 3554 1428 3621 consurget
1443 3567 1460 3605 a
1475 3549 1584 3607 tinibus
1595 3556 1691 3606 terra.

175 3639 333 3680 curamine
348 3640 465 3695 semper
479 3623 635 3680 infirmitas
651 3627 680 3680 et
695 3623 791 3697 plaga.
984 3626 1128 3699 Sagittam
1141 3629 1170 3681 et
1186 3629 1304 3681 scutum
1320 3621 1441 3704 arripiet
1457 3637 1464 3676 :
1482 3692 1488 3704 ι

100 3694 236 3762 hrudim,
252 3694 427 3759 Jerusalem,
1020 3696 1148 3755 crudelis
1163 3701 1218 3763 est,
1234 3699 1263 3751 et
1277 3710 1336 3751 non
1351 3693 1550 3750 miserebitur.

136 3781 175 3822 ne
192 3766 265 3823 torte
280 3768 396 3823 recedat
409 3765 509 3823 anima
524 3781 589 3822 mea
603 3782 620 3822 a
633 3769 672 3839 te,
984 3769 1046 3826 Vox
1060 3771 1125 3839 ejiis
1140 3767 1226 3839 quasi
1243 3782 1324 3823 mare
1339 3763 1457 3821 sonabit
1472 3780 1479 3819 :

137 3853 175 3894 ne
193 3837 265 3894 iorte
280 3854 388 3910 ponam
402 3843 431 3894 ts
446 3839 603 3906 desertam,
1020 3845 1049 3897 st
1064 3855 1154 3912 super
1168 3854 1259 3911 equos
1275 3836 1445 3901 ascendent,
1473 3907 1479 3916 .

133 3912 245 3965 terram
261 3908 500 3967 inhabitabilem.
1021 3910 1175 3986 preparati
1190 3907 1277 3981 quasi
1289 3907 1333 3964 vir
1345 3907 1384 3990 ad
1401 3905 1547 3979 prelium,

99 3979 165 4037 liaec
181 3980 253 4037 dicit
264 3982 410 4040 Dominus
423 3980 606 4040 exercituum
623 3999 630 4038 :
1020 3984 1176 4041 adversum
1192 3986 1231 4050 te,
1247 3979 1309 4037 iilis
1322 3979 1404 4035 Sion.

137 4056 235 4123 Usque
250 4053 284 4109 ad
301 4070 452 4112 racemum
466 4051 605 4125 colligent
618 4051 704 4125 quasi
720 4052 749 4109 in
765 4052 850 4111 vinea
864 4053 931 4111 reli·
985 4054 1162 4115 Audivimus
1178 4054 1286 4110 tamam
1302 4052 1379 4123 ejus,

174 4125 263 4196 quies
278 4126 365 4182 lsrael
385 4142 392 4182 :
1022 4126 1173 4184 dissoluta
1188 4127 1258 4182 sunt
1270 4139 1376 4178 manus
1390 4124 1498 4179 nostrae
1514 4137 1521 4176 :

102 4194 247 4253 Converte
275 4213 397 4255 manum
412 4201 495 4254 tuam
507 4196 592 4269 quasi
606 4195 802 4254 vindemiatur
815 4197 851 4254 ad
867 4214 931 4255 care
1021 4198 1173 4256 tribulatio
1188 4193 1381 4279 apprehendit
1396 4211 1461 4266 nos,

175 4265 293 4324 tellum.
1022 4270 1138 4329 dolores
1154 4272 1186 4324 ut
1200 4269 1424 4341 parturientem,

100 4335 155 4395 cui
171 4337 302 4413 loquar?
986 4342 1081 4402 Nolite
1093 4341 1169 4400 exire
1183 4342 1219 4397 ad
1237 4355 1334 4412 agros,
1361 4408 1367 4420 ,

138 4415 168 4466 et
180 4428 268 4484 quem
286 4409 482 4479 contestabor,
499 4414 532 4466 ut
545 4409 670 4468 audiat?
1023 4419 1052 4473 et
1066 4415 1097 4471 in
1113 4413 1160 4470 vis
1175 4428 1210 4468 ne
1225 4408 1385 4467 ambuletis

101 4483 179 4538 30⁰0
196 4483 408 4540 incircumssisae
423 4499 509 4540 tures
523 4498 636 4549 eorum,
946 4464 971 4531 D
1022 4485 1162 4571 quoniam
1177 4483 1296 4558 gladius
1311 4477 1436 4564 iiiimici,
1452 4494 1542 4562 pavor
1555 4476 1586 4535 in
1601 4476 1738 4535 circuitu.

140 4556 170 4610 et
185 4555 289 4612 audire
305 4572 363 4613 non
377 4558 504 4628 possunt
520 4571 527 4610 :
987 4557 1062 4616 Filia
1074 4555 1174 4631 populi
1190 4553 1256 4625 mei,
1273 4566 1425 4622 accingere
1440 4550 1549 4620 cilicio,

101 4626 176 4682 Ecce
204 4626 327 4684 verbum
354 4625 470 4684 Domini
499 4625 609 4683 iactum
640 4629 685 4683 est
707 4625 751 4683 eis
773 4625 803 4682 iii
826 4642 934 4699 oppru·
1023 4635 1054 4687 et
1067 4642 1260 4701 conspergere
1274 4624 1396 4682 cinere:

175 4696 287 4766 brium,
988 4702 1113 4759 Luctum
1129 4697 1275 4771 unigeniti
1291 4697 1336 4753 lac
1350 4693 1417 4763 tibi,

143 4773 173 4825 et
189 4786 248 4827 non
264 4768 429 4842 suscipient
442 4766 527 4825 illud.
1024 4773 1174 4847 planctum
1191 4785 1336 4826 amarum.

105 4839 220 4899 idcirco
238 4843 334 4899 tumre
349 4839 465 4898 Domini
481 4839 586 4914 plenus
602 4857 678 4911 sum,
1023 4846 1094 4918 quia
1109 4847 1229 4915 repente
1244 4839 1339 4898 veniet
1350 4840 1479 4896 vastator
1493 4852 1583 4911 super
1597 4852 1661 4894 nos.

141 4911 273 4971 laboravi
290 4913 441 4970 sustinens
458 4928 465 4969 :
988 4917 1180 4975 Probatorem
1193 4913 1259 4970 dedi
1275 4916 1303 4968 te
1317 4914 1346 4967 in
1361 4909 1470 4984 populo
1485 4924 1550 4966 meo
1566 4909 1732 4979 robustum,

104 4983 231 5042 liliunde
246 5000 337 5059 super
351 4982 508 5058 parvulum
524 4982 606 5052 ioris,
1024 4993 1053 5045 et
1067 4987 1154 5052 scies,
1169 4990 1198 5043 et
1212 4983 1351 5070 probabis
1365 4982 1443 5039 viam
1458 4997 1572 5038 eorum.

140 5061 170 5115 et
185 5073 276 5130 super
289 5056 446 5115 consilium
459 5056 602 5128 juvenum
617 5053 706 5111 simul
722 5070 730 5111 ε
988 5060 1097 5118 Omnes
1113 5058 1160 5116 isti
1176 5056 1325 5130 principes
1340 5054 1534 5123 declinantes,

106 5127 159 5185 Vir
171 5128 252 5186 enirn
268 5145 335 5187 oum
347 5129 472 5186 muliere
485 5126 627 5200 capietur,
1024 5130 1212 5189 ambulantes
1226 5126 1446 5196 fraudulentam

142 5216 234 5259 senex
248 5217 316 5260 cuin
329 5199 416 5274 pleno
431 5199 554 5257 dierum.
987 5203 1037 5261 AEs
1048 5208 1077 5261 et
1091 5204 1200 5259 terrum
1218 5217 1225 5256 z

102 5275 139 5331 Bt
154 5273 327 5332 transibunt
341 5274 449 5331 domus
464 5287 566 5330 eorum
583 5268 619 5326 ad
633 5267 754 5342 alteros,
1025 5273 1154 5333 universi
1167 5271 1296 5344 corrupti
1312 5274 1392 5328 sunt.

140 5492 151 5528 ¹
167 5492 282 5546 Nomen
295 5488 398 5554 uidua,
410 5487 488 5560 quod
503 5484 551 5542 hic
567 5484 596 5540 in
612 5483 831 5557 exemplaribus
844 5484 935 5543 Cario-
987 5485 1140 5543 Adscitum
1156 5496 1235 5558 puto,
1249 5482 1310 5540 sive
1326 5481 1460 5538 additum
1487 5475 1675 5533 librariorum
1691 5491 1812 5562 errores

102 5558 163 5631 iiis,
179 5560 269 5634 inque
285 5558 435 5619 nonnullis
450 5557 517 5616 aliis
535 5572 607 5614 mss.
623 5555 774 5614 codicibus
790 5556 847 5614 scri
869 5563 933 5615 tum
990 5558 1043 5615 boo
1058 5558 1135 5615 enim
1151 5557 1305 5614 manifeste
1330 5554 1455 5626 probant
1477 5549 1610 5633 quedam
1635 5547 1814 5621 exemplaria

101 5633 264 5709 reperitur,
280 5634 366 5693 abest
379 5632 410 5689 in
424 5635 504 5689 textu
519 5629 685 5686 Hebraico:
712 5644 764 5686 nec
788 5575 867 5686 tituil)
887 5646 933 5688 re·
989 5645 1140 5688 sacrorum
1156 5623 1395 5708 bibliorumubi
1414 5624 1568 5679 recentiori
1593 5633 1685 5705 manu
1708 5636 1819 5704 'super--

100 5705 293 5779 presentavit
306 5702 468 5778 Speculum
483 5700 579 5760 sancti
594 5699 764 5775 Augustini,
780 5717 834 5759 neo
848 5701 934 5760 Com·
988 5701 1123 5761 additum
1161 5697 1408 5774 deprehendimus
1436 5693 1557 5750 verbani
1592 5707 1655 5766 rain
1686 5693 1810 5751 dictum.

103 5774 255 5837 nonaria
267 5773 364 5836 sancti
378 5770 550 5850 Hieronymi
561 5768 642 5832 vocis
657 5770 748 5845 limas
761 5771 933 5835 meminere.
988 5774 1083 5832 lissa
