3870 6120
66 217 67 220 κ
109 174 180 232 1275
629 176 660 230 s.
681 176 882 233 sinaoavus
900 180 1027 235 muas
1044 176 1291 234 smnrornsca.
1356 242 1361 247 ,
1483 146 1488 155 ’
1747 171 1817 231 rese

144 301 234 361 visita
250 318 297 359 me
312 300 342 357 in
359 298 481 358 salutari
496 302 558 357 tuo.
948 308 977 376 Α
990 304 1026 362 Et
1041 304 1275 376 provocaverunt
1289 316 1380 375 super
1394 315 1503 374 equam
1519 297 1778 370 contradictionis,

111 378 149 436 Ut
163 376 278 432 videam
295 375 370 430 bona
386 372 544 428 electorum
565 375 694 446 luorum,
1027 379 1057 431 et
1071 375 1187 430 silletus
1203 383 1248 431 est
1262 376 1358 430 Moses
1372 377 1490 445 propter
1501 388 1562 430 eos.

149 453 178 505 et
193 447 275 502 laeter
288 445 318 500 in
335 444 436 500 laetitia
451 444 547 516 gentis
563 449 620 500 tue
636 460 643 500 :
992 447 1066 513 Quia
1079 451 1309 519 provocaverunt
1328 443 1465 517 spiritum
1481 445 1557 514 eius

148 525 177 576 et
192 516 335 575 exsultem
351 532 419 571 cum
435 515 605 573 hereditate
621 521 683 573 tua.
1028 523 1057 574 et
1072 518 1208 591 precepit
1219 518 1260 588 (b.
1281 515 1414 590 protulit)
1428 516 1459 572 in
1474 515 1564 573 labiis
1580 513 1658 572 suis.

113 589 304 650 Peccavimus
315 604 382 643 cum
399 588 533 660 patribus
547 588 656 645 uostris
673 605 681 646 :
992 589 1056 647 Non
1071 589 1338 646 exterminaverunt
1352 589 1477 660 populos

103 684 119 709 ο
148 661 248 732 inique
263 659 399 726 fecimus,
416 659 506 732 impie
522 659 646 732 egimus.
1030 678 1104 735 quos
1120 661 1192 717 dixit
1207 661 1349 716 Dominus
1362 659 1416 722 eis.

111 735 216 791 Patras
229 731 322 786 nostri
335 730 364 785 in
375 731 497 803 AEgypto
507 748 565 786 non
577 730 940 790 intellexeruotmirabilia
993 733 1028 790 Di
1043 732 1190 790 commisti
1206 736 1276 788 sunt
1290 730 1438 805 gentibus,

188 808 239 859 tua
255 802 293 873 (h.
310 808 381 859 sunl
396 803 503 859 eruditi
524 803 709 860 mirabilibus
725 802 804 873 luis).
1029 809 1059 861 et
1072 803 1237 860 didicerunt
1250 821 1267 859 o
1289 819 1339 859 era
1352 817 1464 859 eorum.

154 874 647 932 nonsunlrecordatimultitudiuis
658 873 938 932 misericordialuae.
994 877 1029 934 iit
1042 876 1206 933 servierunt
1220 820 1408 947 sculptilibus
1423 873 1463 945 (h.
1478 871 1578 941 idolis)
1594 887 1711 938 eorum,

117 951 151 1003 El
167 946 351 1003 iracundiam
367 952 694 1020 provocaveruntsupsr
708 950 806 1004 mare¹
823 947 939 1005 inmari
1029 953 1059 1006 et
1076 948 1185 1005 iactum
1200 951 1245 1003 est
1258 947 1302 1002 sis
1315 947 1345 1002 in
1361 945 1546 1002 mendcium.

191 1018 289 1076 Rubro
307 1035 313 1074 :
994 1018 1268 1078 arianonorum
1287 1016 1364 1074 tilios
1377 1032 1458 1086 suos,

153 1090 277 1147 salvavit
290 1092 388 1145 aulem
404 1105 453 1145 eos
469 1094 587 1162 propter
601 1105 707 1146 nomen
722 1107 823 1160 suum,
1030 1097 1060 1148 et
1074 1091 1151 1146 litias
1167 1107 1237 1147 suaa
1252 1088 1447 1146 demonibus.

153 1168 188 1218 ut
201 1162 366 1218 ostenderet
381 1161 580 1217 tortitudinem
596 1178 692 1218 snam.
993 1167 1026 1220 nt
1041 1163 1207 1220 alluderent
1217 1161 1392 1234 sangninem
1408 1160 1596 1216 innocentem
1611 1171 1621 1214 t

117 1238 152 1291 Et
167 1234 363 1290 comminatus
378 1238 423 1289 est
438 1235 510 1289 mari
527 1233 637 1303 Rubro,
649 1238 677 1290 st
692 1233 790 1291 aruit:
1019 1234 1194 1307 sanguinem
1211 1233 1339 1289 illiorum
1352 1247 1475 1289 suorum
1495 1235 1524 1286 et
1535 1229 1667 1286 tiliarum
1683 1241 1814 1295 suarum,

154 1311 183 1361 at
198 1305 365 1362 transduxit
380 1321 430 1361 eos
446 1320 497 1377 per
511 1307 633 1377 abyssos
648 1306 733 1376 quasi
749 1305 778 1360 in
794 1305 920 1361 deserto.
1013 1298 1814 1380 quosimmolaveruntsculptilibus(hidolislsshanesn.

118 1377 152 1434 iit
167 1377 294 1434 salvavit
308 1393 358 1433 eos
373 1377 409 1430 de
425 1392 514 1432 manu
530 1376 667 1445 odientis,
993 1379 1029 1435 Et
1043 1377 1154 1452 polluta
1165 1377 1205 1450 (h.
1224 1375 1434 1447 contaminate)
1449 1378 1495 1432 est
1509 1372 1611 1431 terra⁸
1625 1371 1681 1444 (lt.
1697 1369 1761 1427 edd.
1777 1370 1814 1442 ini

155 1455 184 1505 et
199 1448 324 1504 redemit
338 1464 388 1504 eos
403 1448 439 1503 de
453 1465 542 1503 manu
557 1447 680 1504 inimici.
1065 1448 1273 1522 sanguinibus.

119 1521 154 1577 El
169 1525 347 1592 operuerunt
360 1520 465 1591 aqua¹
481 1519 581 1575 hostes
597 1535 699 1577 sorum
716 1536 723 1575 :
1029 1524 1059 1577 et
1072 1520 1254 1593 coinquinati
1266 1521 1337 1576 sunt
1351 1517 1408 1573 ino
1431 1515 1531 1572 eribus
1546 1514 1622 1581 suis,

155 1609 232 1648 unus
248 1591 371 1663 deipsis
388 1608 442 1647 non
458 1591 613 1662 superfuit.
1029 1596 1058 1649 et
1073 1591 1207 1649 fornicati
1222 1596 1292 1649 snut
1304 1589 1335 1646 in
1350 1595 1398 1647 stu
1422 1587 1456 1645 iis
1475 1589 1516 1661 (b.
1545 1583 1813 1658 adinventionibus)

119 1664 153 1720 Et
167 1665 353 1720 crediderunt
371 1663 467 1719 verbis
482 1665 546 1734 ejus
564 1679 571 1716 :
1065 1663 1139 1720 suia.

156 1736 385 1805 cecineruntque
400 1733 517 1790 laudem
533 1735 586 1802 (Al.
603 1732 716 1805 laudes)
731 1732 806 1817 ejus.
992 1736 1087 1793 Iratus
1101 1739 1146 1791 est
1158 1734 1256 1807 itaqne
1271 1733 1352 1789 turer
1369 1731 1486 1789 Domini
1501 1730 1533 1787 in
1548 1727 1696 1804 populum
1719 1743 1810 1795 sunm,

121 1806 185 1863 Cito
196 1807 237 1878 (h.
254 1807 411 1878 Festinato)
426 1805 507 1862 obliti
525 1810 595 1861 aunt
609 1822 731 1877 operum
748 1804 831 1860 illius
846 1821 853 1862 :
1027 1813 1056 1865 st
1070 1806 1257 1862 abominatus
1272 1809 1317 1861 est
1332 1803 1533 1861 hereditatem
1549 1817 1649 1861 suam.

156 1875 941 1950 necexspeelaveruntvoluntatem(beonailiumlejus.
995 1880 1028 1937 iit
1041 1878 1123 1936 dedit
1139 1893 1190 1933 eos
1205 1878 1235 1932 in
1251 1892 1341 1932 manu
1357 1876 1501 1949 gentium,

123 1951 159 2007 Di
174 1950 418 2008 desideraverunt
441 1949 620 2006 desiderium
646 1950 675 2004 in
690 1949 816 2021 deserto,
1029 1955 1058 2007 et
1072 1948 1214 2006 dominati
1230 1953 1299 2004 sunl
1314 1964 1427 2016 eornm,
1444 1948 1494 2020 qui
1510 1945 1638 2003 oderunt
1652 1959 1714 2000 eos.

156 2025 384 2078 attentaverunt
399 2025 489 2076 Deum
501 2021 531 2076 in
549 2020 718 2078 solitudine.
993 2023 1030 2080 ut
1048 2022 1218 2079 afflixerunt
1232 2036 1282 2076 eos
1297 2019 1410 2075 inimici
1425 2019 1484 2087 sui,

120 2093 205 2150 Dedit
219 2110 287 2176 ergo
302 2094 345 2149 eis
361 2093 532 2164 petitionem
547 2091 691 2162 ipsorum,
1030 2099 1059 2150 et
1073 2092 1222 2149 humiliati
1238 2095 1308 2147 sunt
1322 2091 1377 2147 snb
1394 2107 1483 2149 manu
1501 2103 1617 2157 eorum,

156 2170 185 2220 et
200 2165 280 2220 misit
294 2167 465 2220 tenuitatem
482 2164 512 2220 in
529 2164 659 2219 animam
675 2179 787 2220 eorum.
994 2164 1095 2223 Multis
1111 2165 1226 2221 vicibus
1239 2162 1377 2219 liberabit
1390 2178 1441 2220 eos
1457 2178 1464 2218 :

120 2236 250 2294 Direlati
265 2242 335 2293 sunt
350 2236 453 2292 Mosen
469 2234 499 2291 in
515 2235 619 2291 castris
635 2252 643 2291 ι
1031 2236 1088 2309 ipsi
1104 2253 1170 2292 vero
1186 2236 1385 2307 provocabant
1399 2234 1429 2289 in
1446 2229 1567 2290 consilis
1583 2229 1659 2298 suis,

156 2312 251 2363 Aaron
266 2309 320 2380 (st.
336 2312 364 2362 et
378 2308 484 2378 Aaron)
497 2311 633 2363 sanetum
647 2304 774 2361 Domini.
1030 2312 1059 2364 el
1074 2307 1220 2364 humiliati
1235 2311 1305 2363 annt
1320 2310 1439 2380 propter
1453 2303 1644 2376 iniquitatem
1667 2315 1752 2358 suam
1765 2299 1808 2370 (dt.

120 2384 230 2452 Aperta
245 2385 290 2435 est
304 2383 392 2445 terra,
409 2383 437 2434 et
451 2378 598 2435 devoravit
611 2376 738 2446 Dathan,
1066 2378 1240 2452 iniquitates
1256 2377 1350 2450 suas).

158 2455 186 2507 ct
200 2450 315 2523 operuit
331 2465 511 2523 synagogam
527 2450 657 2505 tibiarum.
995 2453 1029 2508 Et
1044 2451 1117 2507 vidit
1131 2451 1352 2507 tribulationem
1367 2464 1490 2505 eorum:

121 2524 157 2580 El
172 2538 332 2579 succensus
347 2526 376 2578 et
390 2523 467 2595 ignis
479 2522 508 2578 in
527 2536 676 2594 synagoga
691 2535 794 2576 eorum
810 2534 819 2578 ε
1031 2539 1098 2579 cum
1115 2523 1232 2579 audiret
1245 2538 1295 2578 eos
1311 2528 1458 2593 rogantes.

159 2595 278 2650 llamma
293 2594 405 2650 exussit
419 2593 527 2667 impios
541 2592 583 2720 alr,
603 2592 740 2664 montes).
995 2595 1032 2651 Et
1045 2596 1216 2650 recordatus
1231 2598 1276 2650 est
1289 2593 1365 2665 pacti
1381 2589 1429 2648 sui
1442 2606 1510 2648 curn
1524 2587 1567 2647 eis
1583 2604 1591 2645 ι
1733 2656 1739 2669 ⁸
1787 2653 1793 2667 ,

122 2667 267 2724 Fecerunt
282 2667 406 2722 vitulum
423 2665 452 2720 in
468 2670 544 2721 Hora
568 2705 575 2721 .
1032 2671 1061 2723 et
1076 2665 1274 2739 poenituititl.
1286 2663 1350 2720 odd.
1366 2666 1446 2733 aum)
1463 2660 1628 2720 secundum
1655 2656 1804 2717 mutulae·

158 2744 187 2795 st
201 2740 396 2795 adoraverunt
411 2736 568 2795 conflatile.
1069 2754 1136 2794 nem
1152 2735 1441 2793 misericordiarum.

122 2810 158 2868 Dt
172 2815 361 2866 mutaverunt
374 2808 500 2882 gloriam
516 2822 613 2879 suam,
996 2811 1032 2864 at
1045 2809 1125 2865 dedit
1139 2825 1189 2866 eoa
1204 2805 1387 2865 miserabiles
1404 2823 1412 2862 ε

159 2881 190 2938 in
208 2880 434 2939 similitudinem
445 2880 528 2938 bovis
544 2878 726 2936 comedentis
737 2878 848 2936 fenum.
1033 2897 1132 2937 eoram
1148 2881 1280 2937 omnibus
1296 2879 1345 2952 qui
1357 2879 1506 2950 creparent
1520 2891 1582 2933 eoa.

127 2953 217 3036 Obtiti
233 2960 304 3009 sunt
320 2953 366 3009 liei
382 2951 539 3036 salvatoris
552 2953 597 3007 sui
615 2965 623 3007 t
998 2951 1085 3009 Salva
1102 2969 1164 3020 nos,
1180 2951 1304 3009 Domina
1319 2956 1395 3007 Deus
1410 2952 1521 3033 noster,

122 3023 649 3152 aillitiluittltttttllt
959 3021 1565 3158 0attritustuttelstet.

160 3166 305 3223 terribilia
319 3182 408 3238 super
423 3183 503 3223 mare
519 3165 662 3222 Rubrum.
1034 3172 1064 3224 et
1078 3183 1221 3224 canamus
1238 3165 1394 3222 laudantes
1409 3165 1468 3222 tet

126 3239 205 3295 Dixit
218 3253 297 3308 ergo,
314 3243 346 3294 ut
360 3243 524 3295 contereret
538 3239 579 3310 (b.
596 3236 788 3309 disperderet)
803 3251 877 3293 cos:
999 3239 1174 3296 Benedictus
1190 3236 1335 3295 Dominus
1351 3240 1426 3293 Deus
1442 3232 1543 3301 lsrael,

160 3310 217 3365 nisi
229 3310 326 3366 Moses
341 3308 452 3365 electus
468 3311 532 3381 ejus
670 3377 676 3391 ,
704 3377 710 3391 ⁸
1035 3312 1071 3368 ab
1088 3315 1206 3376 aterno,
1221 3314 1250 3365 et
1266 3322 1359 3434 usque
1375 3307 1407 3365 in
1419 3311 1561 3365 eternum
1576 3304 1619 3377 (h.
1641 3321 1662 3362 a
1677 3301 1805 3360 serulae

159 3381 291 3437 stetisset
304 3381 419 3436 medina
434 3385 536 3437 eontra
552 3379 655 3435 taciem
669 3377 761 3445 illius,
1073 3397 1166 3454 usque
1181 3380 1212 3436 in
1228 3397 1304 3438 saecu
1319 3379 1405 3451 omi:

159 3458 191 3508 ut
201 3458 382 3507 converteret
396 3452 629 3521 indignationem
645 3450 723 3521 ejus,
737 3453 767 3506 et
781 3466 839 3507 non
856 3449 943 3506 inler-
1035 3458 1065 3510 el
1078 3454 1157 3510 dieat
1171 3451 1267 3509 omnis
1279 3470 1314 3525 po
1337 3451 1417 3522 ulus,
1431 3454 1536 3505 Amen.
1552 3446 1685 3504 Alleluir.

46 3592 49 3597 .
197 3526 304 3579 liceret.
1001 3469 1454 3598 [ev11.]conulsminifiaminn,
1470 3519 1612 3591 quoniam
1629 3517 1745 3599 bonus:
1784 3586 1789 3596 ἡ

128 3595 163 3650 lit
177 3595 373 3666 despexerunt
388 3599 496 3650 terram
513 3592 737 3650 desiderabilem
763 3610 769 3651 :
1036 3596 1177 3671 quoniam
1193 3595 1221 3650 in
1239 3600 1379 3651 aternum
1396 3597 1436 3665 lh.
1452 3591 1607 3664 seculum)
1620 3586 1804 3646 misericorde

159 3682 213 3721 nec
227 3666 415 3723 crediderunt
429 3665 647 3735 sermonique.
1071 3670 1147 3737 alus.

125 3736 159 3793 lit
172 3742 431 3794 murmuraverunt
445 3737 475 3794 in
491 3736 689 3794 tabernaculis
699 3736 781 3795 suis:
1001 3740 1105 3798 Dicant
1121 3738 1264 3812 redempti
1279 3738 1332 3812 (st.
1344 3737 1394 3811 qui
1406 3735 1550 3810 redempti
1561 3733 1644 3808 sunt)
1654 3750 1672 3790 a
1681 3729 1803 3790 Domino:

161 3826 219 3864 non
235 3811 395 3866 audierunt
409 3825 510 3867 vocem
525 3809 652 3867 Domini.
1038 3828 1112 3884 quos
1127 3811 1252 3868 redemit
1264 3811 1301 3869 de
1314 3827 1404 3867 mann
1418 3809 1502 3867 ostis.

124 3879 161 3936 m
176 3881 298 3938 elevavit
313 3899 431 3940 manum
446 3897 530 3939 suam
546 3898 636 3954 super
650 3897 711 3952 eos,
1001 3883 1038 3940 Dt
1052 3885 1087 3939 de
1101 3884 1188 3939 terris
1198 3882 1386 3967 congregavit
1400 3898 1462 3946 eos.
1736 3944 1743 3958 ,

160 3956 193 4007 ut
207 3954 346 4024 dejiceret
362 3971 412 4010 soa
428 3954 457 4009 in
473 3955 599 4010 deserto.
1038 3955 1074 4010 ab
1091 3955 1202 4011 oriente
1216 3959 1244 4011 et
1252 3956 1403 4011 occidente
1413 3970 1419 4008 :
1431 3952 1468 4010 ab
1478 3948 1618 4023 aquilone
1630 3951 1660 4004 st
1674 3962 1744 4004 man
1758 3961 1765 4001 :

125 4023 162 4079 lit
176 4031 209 4080 nt
221 4025 360 4095 dejiceret
375 4042 475 4083 samen
491 4041 593 4080 eorum
610 4023 803 4097 ingentibus,
1002 4026 1180 4083 Erraverunt
1195 4027 1224 4082 in
1241 4025 1411 4092 solitudine,
1426 4025 1458 4081 in
1473 4023 1591 4080 deserta
1604 4020 1651 4076 via
1667 4037 1675 4076 x

162 4101 191 4151 et
205 4097 386 4168 dispergeret
401 4112 450 4154 eos
467 4098 495 4151 in
512 4097 607 4152 terris.
1039 4098 1184 4154 civilatem
1200 4113 1263 4170 qua
1278 4098 1468 4164 habitaretur,
1485 4111 1544 4151 non
1559 4099 1708 4166 ruperunt.

127 4167 164 4223 Et
176 4169 337 4225 consecrati
353 4174 423 4225 sunt
438 4168 612 4225 Boot-Phene
625 4168 646 4233 ³,
1039 4170 1209 4226 Esurisntes
1224 4175 1254 4225 et
1268 4170 1402 4225 silentiar
1416 4185 1423 4223 :

165 4241 194 4295 et
209 4241 400 4296 comederunt
413 4240 548 4296 victimas
563 4243 757 4297 mortuorum.
1039 4241 1138 4299 animo
1153 4257 1254 4298 eorum
1271 4240 1300 4297 in
1315 4240 1389 4313 ipsis
1403 4236 1567 4295 deliniebat.
1664 4304 1671 4318 .

129 4312 163 4364 Et
178 4311 397 4367 concitaverunt
411 4313 441 4368 in
457 4312 566 4368 studiis
581 4311 655 4378 suis,
1005 4313 1039 4368 itt
1053 4314 1254 4369 clamaverunt
1269 4313 1305 4368 ad
1321 4312 1479 4369 Dominum
1491 4309 1522 4365 in
1538 4306 1728 4364 tribulatione
1742 4314 1803 4358 sua:

164 4386 192 4434 et
208 4383 353 4453 percussit
364 4400 413 4439 sos
430 4383 524 4455 plaga.
1040 4384 1077 4440 da
1088 4385 1247 4440 silliclione
1261 4383 1301 4455 (h.
1314 4383 1469 4456 augustiis)
1480 4395 1584 4438 eorum
1597 4378 1706 4450 eripuit
1719 4391 1773 4433 eos.

129 4451 215 4507 Stetit
230 4461 327 4510 aulem
344 4455 467 4512 Phineos
482 4456 502 4522 ⁸,
519 4458 548 4510 et
562 4452 733 4525 dijudicavit
748 4471 754 4509 :
966 4420 989 4486 D
1006 4457 1040 4512 Et
1055 4457 1139 4512 duxit
1153 4455 1219 4513 illos
1231 4472 1282 4539 per
1296 4457 1370 4512 viam
1384 4458 1510 4536 rectam,⁸

165 4528 195 4579 et
209 4531 253 4580 est
269 4532 381 4584 retenta
397 4525 559 4598 percussio,
1044 4533 1075 4584 ul
1090 4527 1222 4584 venirent
1234 4545 1263 4583 sn
1280 4525 1426 4583 civitatem
1443 4521 1653 4581 habitameml.

131 4593 164 4649 m
179 4603 346 4666 reputatum
361 4604 406 4654 est
419 4599 445 4655 ei
468 4599 497 4654 in
510 4596 657 4669 justitiam
674 4614 681 4653 :
1006 4599 1208 4656 Confiteantur
1223 4599 1346 4656 Domino
1358 4595 1592 4654 misericordiam
1608 4594 1685 4660 eiua,

167 4666 204 4731 inf
226 4669 392 4726 enernlione
402 4674 431 4725 et
440 4669 657 4742 generationem
671 4684 765 4740 nsque
775 4667 952 4724 inaelernum
1042 4677 1071 4728 et
1085 4670 1233 4727 mirabilia
1247 4672 1313 4740 ajns
1326 4671 1356 4726 in
1371 4668 1448 4726 dlios
1461 4664 1616 4724 hominum
1628 4665 1650 4720 ⁸.

203 4683 243 4810 fb.
256 4740 419 4813 seculum).
1006 4741 1080 4807 Onia
1094 4742 1237 4800 saturavit
1250 4742 1382 4799 animam
1395 4753 1528 4808 vacuam,

167 4884 176 4918 ¹
193 4880 276 4937 Solus
289 4881 531 4941 Carcassonensis
546 4899 603 4940 ma.
627 4882 698 4955 legit
709 4881 768 4951 hie,
781 4891 808 4940 et
823 4881 954 4939 irritave-
1008 4894 1069 4943 tero
1082 4889 1122 4942 est
1135 4889 1213 4942 terro
1226 4901 1276 4957 per
1289 4884 1465 4957 respuerem.
1481 4881 1576 4939 usar.

130 4956 195 5010 ΝΜ
209 4969 292 5025 WW
302 4971 389 5026 mart,
404 4961 459 5013 0l0·
476 4959 568 5012 MART·
1043 4959 1054 4993 ⁸
1070 4957 1146 5013 ilditi
1161 4958 1281 5028 habent,
1295 4965 1321 5014 ct
1344 4969 1481 5014 cosumus
1498 4954 1530 5008 ie
1545 4951 1630 5008 laude
1648 4953 1709 5006 tua·
1731 4946 1810 5004 &aar

169 5024 380 5085 'Cisterciens
398 5043 465 5099 ms,
492 5025 597 5083 minori
623 5040 756 5095 flumem,
785 5026 817 5081 53
846 5023 955 5092 viimi!
1007 5029 1211 5086 Memmiamus
1227 5046 1284 5086 non
1301 5029 1373 5102 legit
1387 5026 1457 5085 lein
1483 5024 1752 5081 ssnezcteunomue
1766 5019 1811 5072 lot·

131 5102 344 5252 “waldreeffi'ma
361 5170 571 5251 Dect-Phegeu
597 5184 631 5224 ae
659 5167 725 5240 plus
754 5166 844 5224 habet
867 5167 954 5241 paulo
1008 5101 1380 5229 dartffarfffflfiuscanou
1398 5186 1405 5224 ς
1422 5166 1583 5250 adoxium
1605 5180 1656 5238 per
1676 5165 1752 5221 eiam
1771 5172 1813 5240 rec·

132 5245 209 5312 imit·
226 5251 507 5298 Gontilavcrssnteum
518 5257 560 5306 2²1.
576 5243 630 5295 ele·
1010 5249 1077 5313 tum,
1090 5243 1274 5301 inuisitatem
1299 5241 1497 5300 habitabilem.
1511 5237 1618 5295 Melius
1642 5236 1723 5310 quod
1742 5238 1812 5313 estu

167 5313 283 5367 ‘Arabo
298 5313 477 5385 exemplaria
490 5312 628 5369 canonis.
652 5309 863 5367 Memmianum
878 5310 956 5369 ecili-
1012 5316 1109 5374 editis.
1127 5333 1159 5372 ac
1175 5315 1288 5372 caeteris
1310 5330 1382 5372 mss.
1404 5310 1565 5369 codicibus.
1589 5308 1815 5367 carcassonense

131 5389 176 5439 oet
193 5400 226 5438 ac
241 5385 473 5441 Carcassonenss
488 5400 541 5439 nec
556 5400 614 5438 nvsn
630 5380 678 5438 elii
704 5383 761 5438 duo
785 5399 856 5439 msa.
873 5383 956 5440 eodi·
1010 5388 1091 5462 legit,
1107 5391 1139 5444 ut
1154 5387 1236 5453 irent.
1252 5404 1304 5460 pru
1319 5391 1351 5443 ut
1364 5386 1500 5442 venirent.
1516 5382 1613 5440 Mear-

132 5471 180 5510 ces
197 5473 203 5510 :
220 5456 299 5512 Stetit
307 5458 423 5513 Plairiees
439 5466 465 5513 et
478 5458 614 5511 exorauit.
630 5453 720 5509 Addit
735 5454 957 5525 insupercodex
1047 5492 1078 5501 -
1097 5459 1152 5515 lits.
1168 5459 1353 5516 Cisterciens.
1379 5460 1411 5514 et
1425 5453 1522 5513 eduxit
1536 5469 1579 5512 eos
1596 5471 1606 5510 .·
1621 5455 1651 5509 et
1689 5444 1818 5577 auteffwl

133 5525 332 5586 Memmianus
348 5544 446 5585 vocem
476 5534 578 5584 autem.
610 5524 691 5581 Stetit
718 5528 810 5582 cutem
828 5525 956 5599 Phineas,
1010 5531 1195 5603 confiteantur
1210 5532 1326 5589 Domino
1340 5527 1539 5586 misericordiae
1561 5527 1636 5596 eiua.
1660 5468 1756 5593 gnam
1779 5532 1818 5607 ‘et-

132 5601 178 5652 ⁰l⁰
205 5598 297 5657 ΜΛΝ·
1012 5603 1121 5659 tionem
1136 5602 1259 5660 interius
1275 5617 1390 5675 quoque
1403 5600 1521 5670 retinet,
1537 5595 1589 5654 obi
1604 5592 1819 5655 versiculusrstt

167 5667 291 5726 ‘Canon
313 5669 558 5728 carcassonensis
570 5686 576 5724 :
588 5669 621 5724 st
639 5669 797 5726 adclinata
820 5676 861 5728 cet
883 5673 957 5726 terra
1012 5675 1058 5730 bis
1074 5679 1177 5748 terque
1191 5675 1344 5748 repetitur.

135 5740 279 5806 suspicias.
297 5742 504 5803 blernmiamus
529 5747 557 5800 et
580 5740 762 5800 Serbonicus
791 5759 859 5818 ms,
874 5741 958 5800 aaut·
1047 5746 1142 5805 ⁸blas.
1159 5744 1283 5822 aliquot,
1297 5745 1486 5820 despuuntur
1500 5739 1618 5801 Domino
1633 5734 1819 5800 eomedit
