3870 6120
120 294 154 354 ῃ
862 278 1086 339 erasurum.
1789 291 1828 350 η

119 431 150 486 et
163 423 279 486 collato
294 419 469 486 Martieuaei
484 425 515 480 et
528 415 684 496 Pougetii,
701 416 757 495 qui
773 411 908 475 multum
923 410 970 472 illi
984 411 1093 473 labore
1108 419 1203 493 atque
1226 414 1403 478 eruditione
1418 433 1475 477 sua
1489 417 1619 496 profuit,
1637 421 1741 482 studio
1757 439 1828 500 per·

118 525 200 585 lecta
214 523 273 593 sit;
291 522 344 581 sed
361 521 517 600 praecipue
532 517 602 595 ipso
618 521 757 576 veterum
774 517 1053 574 monumentorum
1069 514 1191 587 merito,
1205 532 1241 575 ac
1253 516 1358 575 nativa
1369 515 1598 594 propemodum
1610 520 1658 579 sui
1669 519 1827 597 dignitate

119 626 241 682 tautam
269 618 339 679 iniit
366 635 385 677 a
412 615 560 675 studiosis
574 613 719 692 gratiam.
737 616 861 673 'l'estem
876 609 958 670 dabo
973 608 1069 688 hujus
1093 611 1137 671 rci
1152 611 1324 685 hominem,
1340 614 1430 690 cujus
1445 631 1482 674 eo
1497 615 1612 676 certius
1635 617 1694 678 erit
1709 636 1745 678 ac
1778 618 1828 679 lu-

119 713 511 784 culentiustestimonium,
529 711 708 790 quomagis
739 711 806 789 ipse
834 708 946 769 studiis
973 708 1204 770 monachorum
1234 717 1477 790 sanctorumque
1508 716 1637 773 Petrum
1674 715 1824 791 intensus,

121 809 629 884 caeteradoctus,etlacessitusa
658 808 854 878 Martianaeo,
885 804 964 865 nibil
992 824 1055 865 non
1085 807 1184 885 egerit
1212 813 1247 869 ut
1275 809 1343 887 ejus
1372 809 1482 885 labori,
1515 816 1642 889 arrepta
1680 832 1825 894 quaqua·

118 929 243 971 versum
273 907 449 979 occasione,
478 905 668 967 detraheret.
693 905 768 964 Dico
797 902 1112 982 Hieronymianarum
1142 907 1345 973 Questionunr
1362 912 1534 980 auctorem,
1554 908 1644 986 cujus
1669 911 1741 971 odia
1771 930 1825 973 ex·

3 1072 6 1079 ,
119 1014 276 1069 arcentem
292 1005 461 1077 calamum,
479 1004 547 1082 ipsa
562 1001 773 1081 interjurgia,
791 1003 859 1061 lrmc
875 1001 906 1058 in
921 1000 1092 1060 adversarii
1107 1003 1154 1061 sui
1171 1003 1296 1062 laudem
1328 1003 1480 1082 profiteri,
1512 1005 1558 1065 vis
1587 1006 1729 1067 veritatis
1754 1027 1825 1069 coe-

117 1105 185 1184 git:
204 1128 218 1159 a
236 1106 304 1164 Non
321 1120 450 1182 possum
465 1118 528 1161 uon
545 1101 676 1161 laudare
690 1099 855 1161 consilium
873 1098 1048 1159 Martianai
1067 1098 1106 1158 de
1133 1099 1262 1160 edendis
1290 1101 1473 1180 Hieronymi
1500 1102 1715 1175 versionibus,
1748 1125 1825 1184 que·

119 1201 325 1262 madmodum
355 1203 480 1259 exstant
508 1198 540 1257 in
568 1196 794 1276 antiquissimis
822 1194 922 1267 libris,
953 1195 1019 1254 sine
1048 1196 1286 1270 mutationibus,
1318 1217 1388 1276 qum
1405 1204 1515 1276 postea
1530 1199 1561 1259 in
1576 1199 1613 1260 iis
1628 1201 1719 1261 iactae
1735 1208 1821 1277 suut,

116 1317 217 1378 eoque
232 1297 342 1358 ordine
358 1313 421 1375 quo
435 1294 641 1355 inveniuntur
655 1293 764 1354 iisdem
780 1294 812 1353 in
828 1292 935 1366 libris;
952 1310 1014 1353 non
1030 1293 1154 1354 omissis
1172 1295 1310 1373 antiquis
1339 1295 1593 1358 distinctionibus
1622 1317 1692 1378 qum
1719 1300 1751 1359 in
1783 1300 1821 1360 iis

117 1400 299 1457 cernuntur.
315 1393 466 1457 videmur
480 1392 563 1453 enirn
580 1391 670 1452 nobis
685 1392 791 1452 videre
805 1408 859 1451 eas
873 1391 1051 1464 Versiones,
1068 1391 1177 1470 quales
1191 1411 1208 1452 a
1225 1411 1316 1452 manu
1333 1394 1515 1474 Hieronymi
1535 1396 1732 1476 prodierunt,
1764 1404 1823 1459 aut

57 1525 62 1535 κ
116 1499 200 1554 carte
213 1510 310 1573 quam
326 1491 446 1551 minine
461 1490 530 1550 lieri
546 1489 659 1567 potnit,
677 1488 872 1549 immutatas.
888 1511 903 1542 n
917 1487 978 1568 (Jo.
996 1492 1151 1562 Carnicae,
1168 1498 1281 1568 quaest.
1299 1492 1329 1566 9,
1346 1509 1432 1552 num.
1449 1492 1497 1572 2.)

155 1591 257 1671 litque
285 1589 353 1650 haec
381 1589 508 1667 quidem
544 1587 628 1648 bona
656 1587 732 1647 satis
760 1591 808 1647 est
822 1586 902 1648 ratio
918 1585 1019 1647 critici
1035 1587 1213 1649 testimonio
1229 1588 1411 1668 conjuncta,
1427 1591 1481 1651 sed
1498 1609 1569 1669 quae
1594 1610 1644 1652 me
1659 1593 1822 1672 praecipue

43 1760 46 1767 ¹
116 1707 212 1750 causa
225 1687 392 1768 permovit,
409 1685 472 1746 alia
488 1689 545 1758 ast,
560 1683 646 1763 quod
663 1702 732 1744 meo
747 1683 814 1762 ipse
829 1683 970 1762 periculo
999 1691 1148 1762 expertus
1172 1702 1254 1758 sum,
1270 1686 1362 1746 aliter
1375 1687 1425 1748 vix
1455 1687 1525 1748 fieri
1552 1707 1654 1767 posse,
1682 1694 1717 1751 ut
1745 1710 1819 1769 quse

118 1786 256 1848 maxima
277 1790 350 1846 sunt
364 1783 459 1863 hujus
472 1782 543 1843 libri
558 1782 737 1855 commoda,
755 1780 795 1841 ab
808 1780 950 1841 studioso
966 1779 1215 1859 perciperentur,
1230 1782 1290 1842 nisi
1325 1789 1426 1844 totum
1455 1784 1523 1862 ejus
1550 1785 1820 1864 interpretationis

115 1889 298 1946 contextum
316 1882 540 1961 digereremus.
559 1881 603 1940 lix
619 1878 668 1939 his
682 1878 840 1958 quaedam,
859 1883 893 1939 ut
917 1878 995 1938 liant
1011 1879 1156 1959 exemplo
1185 1880 1411 1950 manilestiora,
1442 1883 1649 1960 proferamus.
1681 1888 1817 1945 'santam

8 1968 15 2005 ¹
113 1982 145 2044 in
175 1998 366 2060 unoquoque
395 1979 475 2039 libro
504 1977 695 2038 variantium
724 1975 896 2037 lectionum
925 1976 1049 2050 silvam,
1079 1977 1335 2038 emendationum
1366 1998 1494 2058 quoque
1523 1986 1556 2041 et
1592 1982 1818 2058 glossematum

113 2079 274 2158 ingentem
303 2077 366 2137 vim
396 2081 451 2137 aut
480 2074 567 2136 nullo
595 2093 666 2135 cum
697 2075 812 2143 fructu,
831 2078 964 2134 autnon
980 2073 1158 2148 eosaltem,
1174 2075 1387 2153 quiestlectu
1404 2076 1540 2150 debitus,
1556 2078 1689 2156 carptim
1721 2079 1822 2140 oculis

113 2192 265 2256 usurpes:
297 2192 369 2253 quae
396 2173 422 2234 si
451 2171 490 2232 ad
517 2191 608 2233 suum
638 2188 773 2250 quaeque
788 2175 955 2231 contextus
982 2170 1088 2232 locum
1106 2176 1263 2244 notentur,
1280 2172 1407 2233 irritant
1421 2173 1576 2250 animum,
1599 2179 1631 2236 et
1645 2183 1820 2254 provocent

112 2271 250 2351 legantis
276 2270 461 2344 arbitrium
493 2274 604 2330 contra
631 2267 657 2328 si
682 2267 723 2328 ad
752 2285 845 2346 quem
876 2268 969 2329 modo
997 2287 1122 2328 versum
1151 2269 1337 2343 referentur,
1369 2271 1583 2347 docerevelis,
1608 2278 1639 2333 et
1661 2273 1822 2335 laciniosis

113 2387 198 2449 serpe
228 2368 397 2429 verborum
426 2366 574 2427 ductibus
602 2365 648 2425 uti
676 2383 755 2443 opus
782 2365 832 2439 sit,
863 2371 894 2426 et
922 2365 1049 2426 taedium
1080 2367 1289 2445 potiusquam
1306 2368 1467 2445 ingenium
1483 2369 1604 2429 homini
1634 2372 1819 2434 eruditionis

113 2466 231 2546 cupido
247 2483 386 2526 moveas.
403 2463 531 2525 Scholia
545 2468 662 2533 autem,
680 2481 751 2541 quae
767 2462 933 2523 innumera
948 2464 1178 2541 propemodum
1194 2469 1277 2535 sunt,
1297 2465 1432 2526 maxime
1446 2466 1478 2525 in
1506 2467 1747 2542 Octateucbum,
1778 2487 1818 2529 ne

112 2565 175 2625 hac
191 2563 318 2644 quidem
332 2561 488 2622 industria
504 2578 681 2639 proponere
695 2566 743 2620 est
757 2559 943 2621 commode:
961 2577 1031 2620 cum
1048 2560 1133 2620 enim
1149 2560 1228 2620 illud
1243 2561 1395 2641 donarat,
1416 2562 1537 2637 laudas,
1571 2565 1657 2642 quod
1686 2567 1818 2626 verbum

112 2662 295 2741 respiciunt,
310 2660 381 2740 ipso
399 2659 530 2730 monito,
547 2659 680 2719 molesto
695 2657 815 2718 scilicet
843 2663 939 2736 atque
953 2658 1090 2736 ingrato,
1107 2657 1310 2738 pluraquam
1326 2660 1392 2739 ipse
1407 2667 1573 2722 contextus
1588 2662 1695 2734 babet,
1723 2665 1820 2726 verba

113 2759 308 2839 conjungas:
340 2775 411 2836 quae
440 2756 576 2817 vicissim
606 2773 623 2816 e
652 2755 781 2832 regione
810 2755 924 2834 posita,
954 2755 1042 2816 nullo
1071 2755 1208 2833 negotio,
1239 2775 1301 2818 uno
1317 2757 1429 2818 obtutu
1444 2758 1477 2818 in
1491 2759 1600 2820 oculos
1616 2768 1816 2840 mentemque

111 2857 289 2918 incurrunt.
323 2856 410 2917 Idem
439 2853 607 2914 dicendum
636 2853 729 2932 plane
757 2851 972 2914 aetdeobelis
998 2857 1094 2930 atque
1123 2852 1291 2928 asteriscis,
1325 2854 1479 2932 quicum
1512 2856 1627 2934 passim
1644 2857 1731 2932 alibi,
1749 2865 1816 2919 turn

110 2955 272 3035 praecipue
299 2953 338 3013 iis
366 2953 398 3011 in
427 2950 527 3023 libris,
558 2951 613 3029 qui
641 2950 681 3010 ad
710 2952 854 3012 Graecum
884 2949 1046 3029 exemplar
1074 2950 1367 3011 emendatisuntet
1395 2953 1560 3032 recogniti,
1576 2961 1663 3015 tanto
1683 2975 1816 3018 numero

111 3051 298 3122 obveniant,
328 3054 363 3109 ut
390 3047 454 3108 otio
483 3047 633 3108 abutatur
661 3047 857 3126 etpatientia
884 3053 1003 3117 nostra,
1022 3047 1047 3107 si
1077 3047 1147 3126 quis
1162 3047 1193 3106 id
1210 3047 1270 3108 sibi
1285 3049 1439 3126 pensidet,
1457 3056 1493 3111 ut
1506 3051 1634 3129 singola
1649 3062 1815 3115 memoret,

110 3150 227 3211 nedum
245 3152 279 3208 ut
294 3163 405 3210 causas
420 3150 555 3206 enarret.
573 3145 701 3217 Quoties
715 3163 790 3205 vero
805 3145 915 3206 cadem
930 3145 962 3203 in
979 3144 1061 3205 notis
1078 3145 1248 3224 repetenda
1263 3148 1379 3206 erunt?
1391 3148 1445 3226 qui
1461 3149 1574 3209 modus
1597 3150 1655 3210 erit
1684 3151 1817 3230 legentis

110 3253 167 3309 eut
184 3244 333 3307 dictantis
349 3243 499 3305 fastidio?
515 3261 586 3322 quae
602 3243 681 3303 ratio
697 3242 930 3303 laudandorum
945 3241 1087 3304 codicum
1104 3243 1119 3302 i
1133 3245 1229 3304 Vetus
1246 3248 1351 3305 autern
1380 3245 1436 3305 illa
1464 3264 1612 3307 versuum
1641 3249 1814 3327 distinctio,

111 3363 182 3424 quae
210 3342 290 3404 tanti
320 3359 402 3402 nunc
430 3341 465 3400 tit
492 3359 529 3401 ac
558 3346 654 3401 tantae
683 3341 778 3402 refert
806 3339 1004 3419 antiquitatis
1033 3342 1230 3414 memoriam,
1260 3342 1363 3403 verbis
1393 3346 1613 3423 representari
1643 3348 1692 3406 vix
1720 3366 1812 3426 posse

111 3443 266 3505 arbitror:
298 3439 428 3501 omnino
457 3446 562 3500 autem
592 3445 626 3499 ut
655 3440 725 3519 quis
754 3438 872 3500 utiliter
900 3444 1040 3517 praestat,
1071 3458 1111 3499 ne
1139 3441 1191 3500 vix
1220 3440 1359 3519 quidem.
1389 3445 1468 3503 Tum
1484 3442 1551 3521 ipse
1564 3443 1658 3504 etiarn
1688 3445 1817 3507 Hebraei

112 3539 248 3600 Oauouis
276 3543 475 3616 conspectus,
504 3540 599 3615 atque
629 3536 720 3608 ordo,
751 3554 844 3614 quem
863 3541 1028 3615 tantopere
1052 3537 1236 3614 praedicant,
1255 3539 1401 3617 praeverti
1417 3539 1540 3618 penitus
1562 3559 1686 3603 necesse
1701 3544 1750 3603 sit.
1767 3543 1815 3603 Ad

112 3636 181 3698 baec
206 3635 298 3696 solidi
325 3633 454 3714 quidam
483 3640 557 3694 sunt
584 3634 665 3695 sacri
680 3633 753 3694 libri
768 3634 825 3694 abs
853 3633 1044 3713 Hieronymo
1059 3635 1187 3713 quidem
1204 3636 1234 3696 in
1250 3637 1395 3698 Latinum
1412 3638 1566 3712 conversi,
1580 3658 1642 3701 uon
1658 3647 1761 3701 autern
1781 3642 1813 3702 iu

109 3734 277 3813 Vulgatam
307 3732 476 3793 editionem
504 3731 634 3810 recepti,
664 3731 719 3810 qui
747 3749 839 3791 suum
867 3729 918 3791 bic
944 3730 1004 3791 sibi
1032 3732 1193 3793 vindicant
1222 3735 1348 3812 proprie
1376 3733 1491 3795 locum.
1521 3736 1597 3796 Tale
1625 3738 1812 3800 Psalterium

110 3837 158 3892 est
185 3849 223 3892 ex
251 3831 386 3892 Hebraeo
415 3827 601 3908 archetypo,
632 3829 716 3908 quod
746 3833 849 3889 vetere
871 3827 1062 3906 Jamdudum
1092 3830 1123 3889 in
1151 3829 1300 3891 Eccleeiis
1314 3830 1476 3893 obtinente
1500 3833 1759 3912 interpretatione
1775 3857 1813 3897 ex

108 3933 230 4002 Graeco,
261 3946 300 3988 ne
329 3926 429 3988 turbae
458 3925 489 3986 in
518 3925 649 4004 populo,
678 3925 776 4004 longa
799 3926 867 4004 jam
896 3926 1082 3988 habitudine
1108 3927 1237 4006 psalmis
1251 3928 1313 3990 illis
1328 3935 1466 4006 assueto,
1483 3931 1651 4002 cierentur,
1668 3934 1815 3995 substitui

107 4045 172 4089 non
201 4026 336 4105 potuit:
367 4042 502 4103 cumque
531 4023 572 4084 sit
599 4023 740 4084 omnium
768 4023 949 4085 fidelissime
978 4041 1015 4086 ac
1043 4024 1188 4085 doctrina
1201 4026 1379 4087 incredibili
1402 4027 1614 4101 elaboratum,
1632 4030 1814 4094 solumfere

15 4190 21 4199 ,
108 4125 149 4185 ad
178 4125 334 4203 privatam
362 4122 572 4184 eruditionem
602 4121 772 4199 legentium
796 4127 934 4199 superat.
965 4121 1057 4183 Tales
1085 4122 1155 4183 aliae
1185 4128 1258 4184 sunt
1282 4141 1443 4186 sacrorum
1473 4125 1624 4186 librorum
1654 4130 1814 4190 versiones

104 4219 196 4300 juxta
227 4221 304 4281 Lxx
334 4223 536 4298 interpretes,
567 4223 601 4278 ut
624 4223 672 4279 est
701 4216 801 4278 altera
828 4217 900 4278 Jobi
928 4222 1023 4296 atque
1038 4219 1162 4293 Esther,
1179 4219 1295 4298 duplex
1310 4219 1385 4281 item
1407 4222 1608 4283 Psalmorum
1625 4226 1811 4303 recognitio,

107 4317 172 4378 eive
201 4336 272 4396 quae
301 4321 446 4378 Itomana
474 4320 504 4374 et
529 4334 600 4393 quae
616 4313 1105 4390 GallicanaPsalteriaaudlunt,
1136 4335 1207 4394 quae
1222 4316 1254 4376 in
1269 4317 1412 4397 Vulgata
1429 4319 1621 4396 recensione,
1639 4320 1688 4380 vel
1704 4322 1811 4400 plane,

107 4414 155 4475 vel
172 4413 213 4474 ad
228 4431 300 4474 eum
316 4412 428 4473 saltem
445 4410 573 4472 modum
590 4429 652 4471 noo
667 4417 761 4484 suut,
777 4411 914 4491 pretium
931 4417 1037 4473 autem
1053 4418 1101 4474 cst
1115 4431 1273 4474 summum
1290 4432 1394 4493 operm
1410 4415 1604 4493 cognovisse.

146 4510 330 4588 Quicunque
345 4509 413 4568 brec
429 4507 538 4567 sedulo
555 4506 712 4567 rationum
728 4515 890 4569 momenta
902 4509 1101 4588 expenderit,
1113 4509 1219 4569 nullus
1235 4509 1303 4588 jam
1328 4509 1437 4571 dubito
1463 4511 1539 4589 quin
1566 4513 1650 4591 aequi
1673 4513 1812 4595 bonique

107 4607 252 4668 consulat
266 4607 464 4685 propositum
480 4609 635 4678 nostrum,
652 4620 689 4664 ac
704 4605 782 4664 benc
796 4605 906 4664 locatae
921 4605 953 4664 in
969 4606 1115 4666 universo
1132 4606 1322 4668 recensendo
1338 4612 1425 4668 textu
1442 4626 1546 4687 opcrae
1563 4629 1619 4671 uos
1635 4611 1717 4671 sinat
1736 4631 1811 4671 con-

106 4706 236 4767 scicntia
250 4706 322 4766 frui.
338 4705 399 4765 Sed
414 4711 504 4765 eruut
519 4704 714 4783 fortassequi
728 4703 791 4763 alia
806 4704 844 4764 de
855 4721 951 4764 causa
965 4705 1193 4778 contradicere,
1209 4712 1315 4785 atque,
1331 4706 1387 4767 illa
1402 4708 1530 4767 vixdum
1548 4709 1673 4770 sublata
1689 4711 1809 4771 calum-

108 4802 171 4876 nia,
188 4803 387 4882 graviorcme
405 4801 535 4879 vestigio
551 4800 701 4860 invidiam
713 4818 819 4861 creare
835 4801 866 4860 in
883 4819 940 4861 nos
954 4802 1112 4863 studeant.
1125 4802 1327 4881 Comperturn
1346 4822 1459 4884 nempe
1475 4824 1547 4865 cum
1564 4806 1614 4878 sit,
1630 4807 1810 4886 Hieronymi

108 4901 247 4962 maxima
260 4899 371 4960 saltem
388 4919 426 4959 ex
442 4907 529 4978 parte
545 4898 723 4959 versionem
737 4917 815 4970 esse,
833 4918 903 4977 quae
920 4898 1056 4978 Vulgata
1071 4899 1208 4960 editione
1229 4901 1419 4973 continetur,
1433 4902 1508 4961 dum
1534 4921 1604 4962 earn
1629 4906 1808 4978 emendare,

106 5017 143 5060 ac
158 4999 298 5078 pristina
312 4997 484 5075 integritati
498 4995 672 5075 satagimus
688 4997 863 5058 restituere.
878 5001 977 5070 Tunc,
994 4997 1116 5076 inquiet
1130 4999 1262 5059 fortasse
1273 4999 1399 5078 aliquis,
1412 5000 1593 5061 recensione
1603 5002 1662 5062 hac
1675 5009 1730 5064 tua
1740 5023 1810 5065 earn

106 5096 275 5158 editionem
292 5095 441 5169 excludis,
459 5113 554 5174 quam
583 5095 799 5156 remotissimae
814 5095 1183 5174 antiquitatismemoria‚
1197 5096 1296 5157 multo
1309 5104 1413 5157 autem
1426 5098 1526 5175 magis
1537 5101 1721 5160 oecumenici
1739 5104 1811 5162 Tri·

106 5194 226 5255 dentiui
241 5193 365 5254 concilii
381 5193 597 5263 auctoritas,et
613 5192 704 5271 plura
721 5193 868 5272 deinceps
883 5193 1068 5273 pontificum
1085 5194 1212 5256 decreta
1228 5213 1322 5255 uuam
1335 5214 1372 5255 ex
1384 5195 1532 5254 omnibus
1544 5201 1813 5280 sacrarumScrip-

108 5296 250 5352 turarum
265 5291 448 5352 Cirristianis
463 5290 644 5350 bominibus
658 5291 946 5351 commendarunt?
961 5290 1038 5351 Mihi
1055 5309 1126 5352 vero
1139 5291 1170 5351 id
1183 5293 1324 5370 nequein
1340 5299 1478 5353 mentem
1500 5294 1594 5367 vonit,
1626 5313 1683 5354 nec
1706 5298 1732 5356 si
1761 5299 1809 5358 cui

108 5407 249 5464 unquam
264 5388 378 5460 veniat,
395 5388 450 5455 ille
465 5387 542 5447 mibi
557 5405 667 5466 sapere
682 5390 837 5450 videatur.
854 5389 935 5457 Quin
949 5389 1012 5450 imo
1028 5407 1185 5451 summam
1201 5389 1269 5467 ejus
1284 5389 1431 5451 editionis
1446 5391 1585 5463 laudem,
1612 5391 1686 5452 dum
1715 5396 1808 5474 spiri-

109 5489 159 5545 tus
173 5485 230 5545 hos
245 5492 331 5566 reget
346 5492 443 5564 artus,
459 5483 629 5558 tuebimur,
646 5492 679 5546 ut
694 5487 734 5546 ad
750 5486 822 5547 fidoi
838 5506 875 5548 ac
891 5505 1012 5548 morum
1029 5486 1203 5548 doctrinam
1216 5487 1419 5550 imbuendam
1432 5488 1693 5568 tradendumque,
1730 5494 1808 5554 nihil

109 5581 1810 5664 nongravcctpraustantissimunrineacsseproliteamur,ctquamadcoinbiscerebusauctoritatemobtinuit

1683 5801 1765 5865 Α.

1728 5872 1810 5965 ’τε

1767 5954 1792 6003 ⁴5
