<?xml version="1.0" encoding="UTF-8"?>
<!DOCTYPE html PUBLIC "-//W3C//DTD XHTML 1.0 Transitional//EN"
    "http://www.w3.org/TR/xhtml1/DTD/xhtml1-transitional.dtd">
<html xmlns="http://www.w3.org/1999/xhtml" xml:lang="en" lang="en">
 <head>
  <title>
</title>
<meta http-equiv="Content-Type" content="text/html;charset=utf-8" />
  <meta name='ocr-system' content='tesseract 3.04.00' />
  <meta name='ocr-capabilities' content='ocr_page ocr_carea ocr_par ocr_line ocrx_word'/>
</head>
<body>
  <div class='ocr_page' id='page_1' title='image "./patrologiaecurs13goog_0526.png"; bbox 0 0 3870 6120; ppageno 0'>
   <div class='ocr_carea' id='block_1_1' title="bbox 83 136 1793 249">
    <p class='ocr_par' dir='ltr' id='par_1_1' title="bbox 83 136 1793 249">
     <span class='ocr_line' id='line_1_1' title="bbox 83 136 1793 249; baseline 0.002 -10"><span class='ocrx_word' id='word_1_1' title='bbox 83 180 157 240; x_wconf 74' lang='lat'>10⁴5</span> <span class='ocrx_word' id='word_1_2' title='bbox 584 244 586 249; x_wconf 40' lang='lat'>‚</span> <span class='ocrx_word' id='word_1_3' title='bbox 663 182 772 238; x_wconf 75' lang='lat' dir='ltr'>uisse</span> <span class='ocrx_word' id='word_1_4' title='bbox 789 180 1002 238; x_wconf 66' lang='lat' dir='ltr'>rozscelinus</span> <span class='ocrx_word' id='word_1_5' title='bbox 1020 136 1230 241; x_wconf 47' lang='lat' dir='ltr'>Pedalium&lt;</span> <span class='ocrx_word' id='word_1_6' title='bbox 1721 185 1793 243; x_wconf 81' lang='lat' dir='ltr'>lule</span> 
     </span>
    </p>
   </div>
   <div class='ocr_carea' id='block_1_2' title="bbox 79 274 1789 664">
    <p class='ocr_par' dir='ltr' id='par_1_2' title="bbox 79 274 1789 664">
     <span class='ocr_line' id='line_1_2' title="bbox 121 274 1789 393; baseline 0.001 -28"><span class='ocrx_word' id='word_1_7' title='bbox 121 311 152 365; x_wconf 84' lang='lat' dir='ltr'>et</span> <span class='ocrx_word' id='word_1_8' title='bbox 164 305 304 391; x_wconf 85' lang='lat' dir='ltr'>impietae</span> <span class='ocrx_word' id='word_1_9' title='bbox 318 303 402 377; x_wconf 88' lang='lat' dir='ltr'>impii</span> <span class='ocrx_word' id='word_1_10' title='bbox 416 320 476 362; x_wconf 88' lang='lat' dir='ltr'>nou</span> <span class='ocrx_word' id='word_1_11' title='bbox 498 304 620 391; x_wconf 40' lang='lat' dir='ltr'>nocebit.</span> <span class='ocrx_word' id='word_1_12' title='bbox 635 304 673 374; x_wconf 88' lang='lat' dir='ltr'>ei,</span> <span class='ocrx_word' id='word_1_13' title='bbox 688 305 719 363; x_wconf 93' lang='lat' dir='ltr'>in</span> <span class='ocrx_word' id='word_1_14' title='bbox 734 320 910 379; x_wconf 90' lang='lat' dir='ltr'>quacunque</span> <span class='ocrx_word' id='word_1_15' title='bbox 926 307 952 374; x_wconf 75' lang='grc' dir='ltr'>Α</span> <span class='ocrx_word' id='word_1_16' title='bbox 969 306 1001 362; x_wconf 85' lang='lat' dir='ltr'>lii</span> <span class='ocrx_word' id='word_1_17' title='bbox 1016 306 1091 363; x_wconf 91' lang='lat' dir='ltr'>dubo</span> <span class='ocrx_word' id='word_1_18' title='bbox 1106 312 1215 391; x_wconf 80' lang='lat' dir='ltr'>terram</span> <span class='ocrx_word' id='word_1_19' title='bbox 1239 308 1270 364; x_wconf 92' lang='lat' dir='ltr'>in</span> <span class='ocrx_word' id='word_1_20' title='bbox 1296 307 1494 393; x_wconf 84' lang='lat' dir='ltr'>solitudinem,</span> <span class='ocrx_word' id='word_1_21' title='bbox 1519 315 1548 365; x_wconf 88' lang='lat' dir='ltr'>et</span> <span class='ocrx_word' id='word_1_22' title='bbox 1572 274 1603 366; x_wconf 88' lang='lat' dir='ltr'>ln</span> <span class='ocrx_word' id='word_1_23' title='bbox 1628 311 1789 379; x_wconf 88' lang='lat' dir='ltr'>desertum,</span> 
     </span>
     <span class='ocr_line' id='line_1_3' title="bbox 157 377 1560 509; baseline 0.001 -75"><span class='ocrx_word' id='word_1_24' title='bbox 157 379 205 435; x_wconf 92' lang='lat' dir='ltr'>dis</span> <span class='ocrx_word' id='word_1_25' title='bbox 220 392 380 434; x_wconf 79' lang='lat' dir='ltr'>conuersus</span> <span class='ocrx_word' id='word_1_26' title='bbox 394 377 480 460; x_wconf 74' lang='lat' dir='ltr'>luerit</span> <span class='ocrx_word' id='word_1_27' title='bbox 496 378 533 433; x_wconf 86' lang='lat' dir='ltr'>ab</span> <span class='ocrx_word' id='word_1_28' title='bbox 549 381 701 504; x_wconf 70' lang='lat' dir='ltr'>irripietatei</span> <span class='ocrx_word' id='word_1_29' title='bbox 715 393 789 433; x_wconf 89' lang='lat' dir='ltr'>sua:</span> <span class='ocrx_word' id='word_1_30' title='bbox 965 379 1462 509; x_wconf 42' lang='lat' dir='ltr'>Eteilcggffireililllipffilbbtffsrtlgffi</span> <span class='ocrx_word' id='word_1_31' title='bbox 1476 383 1540 453; x_wconf 87' lang='lat' dir='ltr'>ejus</span> <span class='ocrx_word' id='word_1_32' title='bbox 1553 397 1560 436; x_wconf 93' lang='lat'>:</span> 
     </span>
     <span class='ocr_line' id='line_1_4' title="bbox 83 449 1647 605; baseline 0.002 -28"><span class='ocrx_word' id='word_1_33' title='bbox 83 450 407 605; x_wconf 46' lang='grc' dir='ltr'>Εῒιιὶιυιῗιιιῗιοιῗὲἒοὲοιξιῗ</span> <span class='ocrx_word' id='word_1_34' title='bbox 408 452 590 605; x_wconf 53' lang='grc' dir='ltr'>1ιι)ιινοιονιιοιξὲι·ιιῖι</span> <span class='ocrx_word' id='word_1_35' title='bbox 600 449 718 604; x_wconf 42' lang='grc' dir='ltr'>ΨΜ,</span> <span class='ocrx_word' id='word_1_36' title='bbox 735 464 800 519; x_wconf 59' lang='grc' dir='ltr'>Μ’</span> <span class='ocrx_word' id='word_1_37' title='bbox 999 538 1032 577; x_wconf 90' lang='lat' dir='ltr'>eo</span> <span class='ocrx_word' id='word_1_38' title='bbox 1047 523 1125 604; x_wconf 85' lang='lat' dir='ltr'>¹quod</span> <span class='ocrx_word' id='word_1_39' title='bbox 1141 523 1241 578; x_wconf 90' lang='lat' dir='ltr'>nullus</span> <span class='ocrx_word' id='word_1_40' title='bbox 1256 525 1295 579; x_wconf 90' lang='lat' dir='ltr'>sit</span> <span class='ocrx_word' id='word_1_41' title='bbox 1310 525 1360 594; x_wconf 90' lang='lat' dir='ltr'>qui</span> <span class='ocrx_word' id='word_1_42' title='bbox 1376 540 1428 595; x_wconf 90' lang='lat' dir='ltr'>per</span> <span class='ocrx_word' id='word_1_43' title='bbox 1442 497 1491 581; x_wconf 71' lang='lat' dir='ltr'>eos</span> <span class='ocrx_word' id='word_1_44' title='bbox 1507 527 1647 580; x_wconf 85' lang='lat' dir='ltr'>transeat.</span> 
     </span>
     <span class='ocr_line' id='line_1_5' title="bbox 79 592 1406 664; baseline 0 -13"><span class='ocrx_word' id='word_1_45' title='bbox 79 594 176 650; x_wconf 82' lang='lat' dir='ltr'>Eitism</span> <span class='ocrx_word' id='word_1_46' title='bbox 192 594 218 650; x_wconf 91' lang='lat' dir='ltr'>si</span> <span class='ocrx_word' id='word_1_47' title='bbox 232 593 332 648; x_wconf 85' lang='lat' dir='ltr'>dixero</span> <span class='ocrx_word' id='word_1_48' title='bbox 344 597 427 664; x_wconf 83' lang='lat' dir='ltr'>Justo</span> <span class='ocrx_word' id='word_1_49' title='bbox 443 592 522 664; x_wconf 91' lang='lat' dir='ltr'>quod</span> <span class='ocrx_word' id='word_1_50' title='bbox 537 596 598 647; x_wconf 87' lang='lat' dir='ltr'>vita</span> <span class='ocrx_word' id='word_1_51' title='bbox 612 595 701 657; x_wconf 82' lang='lat' dir='ltr'>vivat,</span> <span class='ocrx_word' id='word_1_52' title='bbox 962 593 999 648; x_wconf 79' lang='lat' dir='ltr'>Et</span> <span class='ocrx_word' id='word_1_53' title='bbox 1012 600 1108 649; x_wconf 86' lang='lat' dir='ltr'>soient</span> <span class='ocrx_word' id='word_1_54' title='bbox 1121 593 1189 662; x_wconf 84' lang='lat' dir='ltr'>quia</span> <span class='ocrx_word' id='word_1_55' title='bbox 1203 612 1237 652; x_wconf 90' lang='lat' dir='ltr'>eo</span> <span class='ocrx_word' id='word_1_56' title='bbox 1253 595 1406 662; x_wconf 77' lang='lat' dir='ltr'>Dominus,</span> 
     </span>
    </p>
   </div>
   <div class='ocr_carea' id='block_1_3' title="bbox 78 663 1785 808">
    <p class='ocr_par' dir='ltr' id='par_1_3' title="bbox 78 663 1785 808">
     <span class='ocr_line' id='line_1_6' title="bbox 116 663 1785 740; baseline 0.001 -18"><span class='ocrx_word' id='word_1_57' title='bbox 116 670 147 722; x_wconf 87' lang='lat' dir='ltr'>et</span> <span class='ocrx_word' id='word_1_58' title='bbox 161 665 293 722; x_wconf 89' lang='lat' dir='ltr'>conlisus</span> <span class='ocrx_word' id='word_1_59' title='bbox 308 664 469 734; x_wconf 88' lang='lat' dir='ltr'>injustitia</span> <span class='ocrx_word' id='word_1_60' title='bbox 489 680 544 719; x_wconf 90' lang='lat' dir='ltr'>aua</span> <span class='ocrx_word' id='word_1_61' title='bbox 568 664 669 719; x_wconf 87' lang='lat' dir='ltr'>lecerit</span> <span class='ocrx_word' id='word_1_62' title='bbox 697 663 882 736; x_wconf 88' lang='lat' dir='ltr'>iniquitatem</span> <span class='ocrx_word' id='word_1_63' title='bbox 900 679 907 719; x_wconf 92' lang='lat'><strong>:</strong></span> <span class='ocrx_word' id='word_1_64' title='bbox 997 680 1064 721; x_wconf 91' lang='lat' dir='ltr'>cum</span> <span class='ocrx_word' id='word_1_65' title='bbox 1081 667 1188 723; x_wconf 79' lang='lat' dir='ltr'>dedero</span> <span class='ocrx_word' id='word_1_66' title='bbox 1203 672 1310 723; x_wconf 91' lang='lat' dir='ltr'>terram</span> <span class='ocrx_word' id='word_1_67' title='bbox 1326 668 1380 740; x_wconf 79' lang='lat' dir='ltr'>(lt.</span> <span class='ocrx_word' id='word_1_68' title='bbox 1397 666 1472 724; x_wconf 83' lang='lat' dir='ltr'>odd..</span> <span class='ocrx_word' id='word_1_69' title='bbox 1494 667 1608 740; x_wconf 88' lang='lat' dir='ltr'>eorum)</span> <span class='ocrx_word' id='word_1_70' title='bbox 1623 666 1785 724; x_wconf 90' lang='lat' dir='ltr'>desolatam</span> 
     </span>
     <span class='ocr_line' id='line_1_7' title="bbox 78 734 1232 808; baseline 0 -14"><span class='ocrx_word' id='word_1_71' title='bbox 78 737 191 794; x_wconf 84' lang='lat' dir='ltr'><strong>Omnes</strong></span> <span class='ocrx_word' id='word_1_72' title='bbox 202 734 328 807; x_wconf 71' lang='lat' dir='ltr'>justitia</span> <span class='ocrx_word' id='word_1_73' title='bbox 342 735 407 806; x_wconf 92' lang='lat' dir='ltr'>ejus</span> <span class='ocrx_word' id='word_1_74' title='bbox 423 734 561 791; x_wconf 88' lang='lat' dir='ltr'>oblivioni</span> <span class='ocrx_word' id='word_1_75' title='bbox 576 736 740 803; x_wconf 86' lang='lat' dir='ltr'>tradentur,</span> <span class='ocrx_word' id='word_1_76' title='bbox 1033 740 1060 793; x_wconf 88' lang='lat' dir='ltr'>ei</span> <span class='ocrx_word' id='word_1_77' title='bbox 1075 739 1232 808; x_wconf 74' lang='lat' dir='ltr'><strong>desertam,</strong></span> 
     </span>
    </p>
   </div>
   <div class='ocr_carea' id='block_1_4' title="bbox 115 805 1898 884">
    <p class='ocr_par' dir='ltr' id='par_1_4' title="bbox 115 805 1898 884">
     <span class='ocr_line' id='line_1_8' title="bbox 115 805 1898 884; baseline 0.001 -19"><span class='ocrx_word' id='word_1_78' title='bbox 115 814 146 865; x_wconf 90' lang='lat' dir='ltr'>el</span> <span class='ocrx_word' id='word_1_79' title='bbox 159 807 319 880; x_wconf 89' lang='lat' dir='ltr'>iniquitate</span> <span class='ocrx_word' id='word_1_80' title='bbox 333 822 490 878; x_wconf 88' lang='lat' dir='ltr'>sua,quam</span> <span class='ocrx_word' id='word_1_81' title='bbox 508 812 647 880; x_wconf 90' lang='lat' dir='ltr'>operatus</span> <span class='ocrx_word' id='word_1_82' title='bbox 662 808 751 876; x_wconf 87' lang='lat' dir='ltr'>eel,in</span> <span class='ocrx_word' id='word_1_83' title='bbox 767 805 832 880; x_wconf 91' lang='lat' dir='ltr'>ipsa</span> <span class='ocrx_word' id='word_1_84' title='bbox 844 822 906 863; x_wconf 90' lang='lat' dir='ltr'>mo·</span> <span class='ocrx_word' id='word_1_85' title='bbox 997 814 1115 879; x_wconf 86' lang='lat' dir='ltr'>propter</span> <span class='ocrx_word' id='word_1_86' title='bbox 1125 809 1276 867; x_wconf 85' lang='lat' dir='ltr'>universas</span> <span class='ocrx_word' id='word_1_87' title='bbox 1291 809 1526 867; x_wconf 84' lang='lat' dir='ltr'>abominationes</span> <span class='ocrx_word' id='word_1_88' title='bbox 1539 824 1702 882; x_wconf 89' lang='lat' dir='ltr'>euas,quas</span> <span class='ocrx_word' id='word_1_89' title='bbox 1714 825 1783 884; x_wconf 88' lang='lat' dir='ltr'>ope·</span> <span class='ocrx_word' id='word_1_90' title='bbox 1894 864 1898 873; x_wconf 90' lang='grc'><em>,</em></span> 
     </span>
    </p>
   </div>
   <div class='ocr_carea' id='block_1_5' title="bbox 59 880 1887 5174">
    <p class='ocr_par' dir='ltr' id='par_1_5' title="bbox 59 880 1887 5174">
     <span class='ocr_line' id='line_1_9' title="bbox 155 880 1183 950; baseline 0 -13"><span class='ocrx_word' id='word_1_91' title='bbox 155 880 257 937; x_wconf 85' lang='lat' dir='ltr'>rietur.</span> <span class='ocrx_word' id='word_1_92' title='bbox 1034 880 1088 935; x_wconf 89' lang='lat' dir='ltr'>rati</span> <span class='ocrx_word' id='word_1_93' title='bbox 1105 885 1183 950; x_wconf 87' lang='lat' dir='ltr'>sunt,</span> 
     </span>
     <span class='ocr_line' id='line_1_10' title="bbox 79 949 1279 1021; baseline -0.001 -13"><span class='ocrx_word' id='word_1_94' title='bbox 79 952 111 1007; x_wconf 86' lang='lat' dir='ltr'>ei</span> <span class='ocrx_word' id='word_1_95' title='bbox 130 957 230 1008; x_wconf 89' lang='lat' dir='ltr'>autem</span> <span class='ocrx_word' id='word_1_96' title='bbox 245 950 345 1007; x_wconf 78' lang='lat' dir='ltr'>dixero</span> <span class='ocrx_word' id='word_1_97' title='bbox 360 949 451 1021; x_wconf 93' lang='lat' dir='ltr'>impio</span> <span class='ocrx_word' id='word_1_98' title='bbox 468 967 475 1006; x_wconf 77' lang='grc' dir='ltr'><em>τ</em></span> <span class='ocrx_word' id='word_1_99' title='bbox 492 950 583 1006; x_wconf 89' lang='lat' dir='ltr'>lllcrtc</span> <span class='ocrx_word' id='word_1_100' title='bbox 598 950 734 1006; x_wconf 91' lang='lat' dir='ltr'>morieris</span> <span class='ocrx_word' id='word_1_101' title='bbox 750 964 757 1005; x_wconf 76' lang='grc' dir='ltr'>ι</span> <span class='ocrx_word' id='word_1_102' title='bbox 960 949 995 1005; x_wconf 86' lang='lat' dir='ltr'>Et</span> <span class='ocrx_word' id='word_1_103' title='bbox 1009 955 1052 1014; x_wconf 89' lang='lat' dir='ltr'>tu,</span> <span class='ocrx_word' id='word_1_104' title='bbox 1068 952 1110 1006; x_wconf 86' lang='lat' dir='ltr'>fili</span> <span class='ocrx_word' id='word_1_105' title='bbox 1126 951 1254 1008; x_wconf 90' lang='lat' dir='ltr'>bominis</span> <span class='ocrx_word' id='word_1_106' title='bbox 1273 968 1279 1007; x_wconf 93' lang='lat'>:</span> 
     </span>
     <span class='ocr_line' id='line_1_11' title="bbox 115 1021 1782 1096; baseline 0.001 -18"><span class='ocrx_word' id='word_1_107' title='bbox 115 1030 147 1078; x_wconf 89' lang='lat' dir='ltr'>at</span> <span class='ocrx_word' id='word_1_108' title='bbox 161 1024 254 1096; x_wconf 89' lang='lat' dir='ltr'>egerit</span> <span class='ocrx_word' id='word_1_109' title='bbox 267 1021 467 1095; x_wconf 87' lang='lat' dir='ltr'>poenitentiam</span> <span class='ocrx_word' id='word_1_110' title='bbox 482 1037 500 1077; x_wconf 95' lang='lat' dir='ltr'>a</span> <span class='ocrx_word' id='word_1_111' title='bbox 515 1024 633 1094; x_wconf 89' lang='lat' dir='ltr'>peccato</span> <span class='ocrx_word' id='word_1_112' title='bbox 649 1036 714 1092; x_wconf 89' lang='lat' dir='ltr'>auo,</span> <span class='ocrx_word' id='word_1_113' title='bbox 995 1021 1048 1078; x_wconf 91' lang='lat' dir='ltr'>lilii</span> <span class='ocrx_word' id='word_1_114' title='bbox 1065 1024 1165 1096; x_wconf 90' lang='lat' dir='ltr'>populi</span> <span class='ocrx_word' id='word_1_115' title='bbox 1180 1025 1288 1095; x_wconf 90' lang='lat' dir='ltr'>lui,qui</span> <span class='ocrx_word' id='word_1_116' title='bbox 1304 1022 1465 1095; x_wconf 88' lang='lat' dir='ltr'>loquuntur</span> <span class='ocrx_word' id='word_1_117' title='bbox 1475 1025 1511 1081; x_wconf 94' lang='lat' dir='ltr'>de</span> <span class='ocrx_word' id='word_1_118' title='bbox 1524 1024 1657 1095; x_wconf 84' lang='lat' dir='ltr'>tsjuxtas</span> <span class='ocrx_word' id='word_1_119' title='bbox 1669 1041 1782 1095; x_wconf 89' lang='lat' dir='ltr'>muros,</span> 
     </span>
     <span class='ocr_line' id='line_1_12' title="bbox 115 1092 1384 1168; baseline 0 -18"><span class='ocrx_word' id='word_1_120' title='bbox 115 1094 276 1168; x_wconf 78' lang='lat' dir='ltr'>feceritque</span> <span class='ocrx_word' id='word_1_121' title='bbox 287 1093 434 1164; x_wconf 89' lang='lat' dir='ltr'>judicium</span> <span class='ocrx_word' id='word_1_122' title='bbox 450 1097 480 1149; x_wconf 86' lang='lat' dir='ltr'>et</span> <span class='ocrx_word' id='word_1_123' title='bbox 491 1092 652 1164; x_wconf 88' lang='lat' dir='ltr'>justitiam,</span> <span class='ocrx_word' id='word_1_124' title='bbox 1030 1098 1059 1150; x_wconf 88' lang='lat' dir='ltr'>et</span> <span class='ocrx_word' id='word_1_125' title='bbox 1074 1095 1200 1152; x_wconf 86' lang='lat' dir='ltr'>lucetiis</span> <span class='ocrx_word' id='word_1_126' title='bbox 1216 1097 1384 1161; x_wconf 90' lang='lat' dir='ltr'>domorum,</span> 
     </span>
     <span class='ocr_line' id='line_1_13' title="bbox 112 1164 1782 1238; baseline 0.001 -16"><span class='ocrx_word' id='word_1_127' title='bbox 112 1167 223 1238; x_wconf 91' lang='lat' dir='ltr'>pignus</span> <span class='ocrx_word' id='word_1_128' title='bbox 239 1165 401 1221; x_wconf 87' lang='lat' dir='ltr'>restituerit</span> <span class='ocrx_word' id='word_1_129' title='bbox 415 1164 465 1220; x_wconf 93' lang='lat' dir='ltr'>ille</span> <span class='ocrx_word' id='word_1_130' title='bbox 480 1165 601 1237; x_wconf 92' lang='lat' dir='ltr'>impius,</span> <span class='ocrx_word' id='word_1_131' title='bbox 994 1166 1134 1222; x_wconf 89' lang='lat' dir='ltr'>etdiount</span> <span class='ocrx_word' id='word_1_132' title='bbox 1145 1184 1222 1224; x_wconf 89' lang='lat' dir='ltr'>unus</span> <span class='ocrx_word' id='word_1_133' title='bbox 1233 1168 1268 1223; x_wconf 91' lang='lat' dir='ltr'>ad</span> <span class='ocrx_word' id='word_1_134' title='bbox 1277 1165 1464 1236; x_wconf 87' lang='lat' dir='ltr'>altarum,vir</span> <span class='ocrx_word' id='word_1_135' title='bbox 1474 1167 1509 1223; x_wconf 89' lang='lat' dir='ltr'>ad</span> <span class='ocrx_word' id='word_1_136' title='bbox 1517 1166 1683 1238; x_wconf 86' lang='lat' dir='ltr'>proximum</span> <span class='ocrx_word' id='word_1_137' title='bbox 1695 1184 1782 1224; x_wconf 91' lang='lat' dir='ltr'>suum</span> 
     </span>
     <span class='ocr_line' id='line_1_14' title="bbox 111 1236 1207 1310; baseline 0.002 -17"><span class='ocrx_word' id='word_1_138' title='bbox 111 1238 308 1309; x_wconf 75' lang='lat' dir='ltr'>rapinamque</span> <span class='ocrx_word' id='word_1_139' title='bbox 323 1236 495 1302; x_wconf 86' lang='lat' dir='ltr'>reddiderit,</span> <span class='ocrx_word' id='word_1_140' title='bbox 1030 1237 1183 1310; x_wconf 91' lang='lat' dir='ltr'>loquentes</span> <span class='ocrx_word' id='word_1_141' title='bbox 1200 1255 1207 1294; x_wconf 74' lang='grc' dir='ltr'>ε</span> 
     </span>
     <span class='ocr_line' id='line_1_15' title="bbox 111 1306 1782 1382; baseline 0.001 -18"><span class='ocrx_word' id='word_1_142' title='bbox 111 1310 144 1364; x_wconf 91' lang='lat' dir='ltr'>in</span> <span class='ocrx_word' id='word_1_143' title='bbox 162 1309 309 1366; x_wconf 90' lang='lat' dir='ltr'>mandatis</span> <span class='ocrx_word' id='word_1_144' title='bbox 323 1308 388 1363; x_wconf 83' lang='lat' dir='ltr'>vites</span> <span class='ocrx_word' id='word_1_145' title='bbox 402 1306 608 1376; x_wconf 77' lang='lat' dir='ltr'>ambulaverit,</span> <span class='ocrx_word' id='word_1_146' title='bbox 992 1306 1107 1377; x_wconf 89' lang='lat' dir='ltr'>Venite,</span> <span class='ocrx_word' id='word_1_147' title='bbox 1123 1314 1152 1366; x_wconf 86' lang='lat' dir='ltr'>el</span> <span class='ocrx_word' id='word_1_148' title='bbox 1167 1311 1325 1366; x_wconf 86' lang='lat' dir='ltr'>audiamus</span> <span class='ocrx_word' id='word_1_149' title='bbox 1338 1309 1406 1382; x_wconf 90' lang='lat' dir='ltr'>quis</span> <span class='ocrx_word' id='word_1_150' title='bbox 1421 1309 1460 1366; x_wconf 90' lang='lat' dir='ltr'>sit</span> <span class='ocrx_word' id='word_1_151' title='bbox 1484 1325 1580 1366; x_wconf 92' lang='lat' dir='ltr'>sermo</span> <span class='ocrx_word' id='word_1_152' title='bbox 1595 1308 1749 1382; x_wconf 86' lang='lat' dir='ltr'>egrediens</span> <span class='ocrx_word' id='word_1_153' title='bbox 1765 1327 1782 1366; x_wconf 87' lang='lat' dir='ltr'>a</span> 
     </span>
     <span class='ocr_line' id='line_1_16' title="bbox 112 1378 1163 1452; baseline 0 -16"><span class='ocrx_word' id='word_1_154' title='bbox 112 1397 167 1436; x_wconf 90' lang='lat' dir='ltr'>nec</span> <span class='ocrx_word' id='word_1_155' title='bbox 183 1381 282 1437; x_wconf 88' lang='lat' dir='ltr'>lecerit</span> <span class='ocrx_word' id='word_1_156' title='bbox 296 1378 460 1452; x_wconf 90' lang='lat' dir='ltr'>quidquam</span> <span class='ocrx_word' id='word_1_157' title='bbox 476 1379 623 1449; x_wconf 81' lang='lat' dir='ltr'>injustum</span> <span class='ocrx_word' id='word_1_158' title='bbox 640 1393 647 1433; x_wconf 93' lang='lat'>:</span> <span class='ocrx_word' id='word_1_159' title='bbox 1032 1381 1163 1439; x_wconf 89' lang='lat' dir='ltr'>Domino.</span> 
     </span>
     <span class='ocr_line' id='line_1_17' title="bbox 110 1448 1724 1525; baseline 0.002 -20"><span class='ocrx_word' id='word_1_160' title='bbox 110 1452 172 1507; x_wconf 87' lang='lat' dir='ltr'>vita</span> <span class='ocrx_word' id='word_1_161' title='bbox 187 1453 273 1520; x_wconf 82' lang='lat' dir='ltr'>vivet,</span> <span class='ocrx_word' id='word_1_162' title='bbox 288 1456 317 1507; x_wconf 89' lang='lat' dir='ltr'>et</span> <span class='ocrx_word' id='word_1_163' title='bbox 331 1468 390 1507; x_wconf 89' lang='lat' dir='ltr'>non</span> <span class='ocrx_word' id='word_1_164' title='bbox 405 1451 558 1507; x_wconf 90' lang='lat' dir='ltr'>morietur.</span> <span class='ocrx_word' id='word_1_165' title='bbox 956 1448 992 1506; x_wconf 78' lang='lat' dir='ltr'>lit</span> <span class='ocrx_word' id='word_1_166' title='bbox 1004 1452 1126 1509; x_wconf 87' lang='lat' dir='ltr'>veniunt</span> <span class='ocrx_word' id='word_1_167' title='bbox 1140 1454 1176 1509; x_wconf 91' lang='lat' dir='ltr'>ad</span> <span class='ocrx_word' id='word_1_168' title='bbox 1193 1456 1232 1520; x_wconf 92' lang='lat' dir='ltr'>te,</span> <span class='ocrx_word' id='word_1_169' title='bbox 1248 1453 1333 1525; x_wconf 87' lang='lat' dir='ltr'>quasi</span> <span class='ocrx_word' id='word_1_170' title='bbox 1349 1453 1374 1509; x_wconf 91' lang='lat' dir='ltr'>si</span> <span class='ocrx_word' id='word_1_171' title='bbox 1389 1452 1573 1524; x_wconf 83' lang='lat' dir='ltr'>ingrediatur</span> <span class='ocrx_word' id='word_1_172' title='bbox 1586 1450 1724 1524; x_wconf 89' lang='lat' dir='ltr'>populus,</span> 
     </span>
     <span class='ocr_line' id='line_1_18' title="bbox 71 1520 1561 1597; baseline 0.001 -18"><span class='ocrx_word' id='word_1_173' title='bbox 71 1523 181 1579; x_wconf 79' lang='lat' dir='ltr'>Omnia</span> <span class='ocrx_word' id='word_1_174' title='bbox 196 1527 314 1596; x_wconf 88' lang='lat' dir='ltr'>peccata</span> <span class='ocrx_word' id='word_1_175' title='bbox 329 1523 394 1594; x_wconf 84' lang='lat' dir='ltr'>ejus</span> <span class='ocrx_word' id='word_1_176' title='bbox 409 1522 466 1595; x_wconf 80' lang='lat' dir='ltr'>(lt.</span> <span class='ocrx_word' id='word_1_177' title='bbox 490 1525 560 1579; x_wconf 80' lang='lat' dir='ltr'>tacet</span> <span class='ocrx_word' id='word_1_178' title='bbox 582 1520 657 1591; x_wconf 81' lang='lat' dir='ltr'>ejus)</span> <span class='ocrx_word' id='word_1_179' title='bbox 680 1532 745 1593; x_wconf 81' lang='lat' dir='ltr'>que</span> <span class='ocrx_word' id='word_1_180' title='bbox 761 1520 901 1594; x_wconf 83' lang='lat' dir='ltr'>peccavit,</span> <span class='ocrx_word' id='word_1_181' title='bbox 990 1526 1020 1578; x_wconf 91' lang='lat' dir='ltr'>et</span> <span class='ocrx_word' id='word_1_182' title='bbox 1034 1525 1138 1580; x_wconf 90' lang='lat' dir='ltr'>sedent</span> <span class='ocrx_word' id='word_1_183' title='bbox 1152 1541 1249 1582; x_wconf 92' lang='lat' dir='ltr'>coram</span> <span class='ocrx_word' id='word_1_184' title='bbox 1265 1530 1294 1580; x_wconf 89' lang='lat' dir='ltr'>te</span> <span class='ocrx_word' id='word_1_185' title='bbox 1309 1525 1437 1597; x_wconf 90' lang='lat' dir='ltr'>popolus</span> <span class='ocrx_word' id='word_1_186' title='bbox 1453 1538 1536 1579; x_wconf 92' lang='lat' dir='ltr'>meus</span> <span class='ocrx_word' id='word_1_187' title='bbox 1554 1539 1561 1580; x_wconf 93' lang='lat'>:</span> 
     </span>
     <span class='ocr_line' id='line_1_19' title="bbox 146 1591 1717 1667; baseline 0.001 -17"><span class='ocrx_word' id='word_1_188' title='bbox 146 1611 204 1650; x_wconf 93' lang='lat' dir='ltr'>non</span> <span class='ocrx_word' id='word_1_189' title='bbox 222 1595 449 1667; x_wconf 87' lang='lat' dir='ltr'>imputabuntur</span> <span class='ocrx_word' id='word_1_190' title='bbox 463 1594 500 1650; x_wconf 90' lang='lat' dir='ltr'>si.</span> <span class='ocrx_word' id='word_1_191' title='bbox 954 1591 989 1647; x_wconf 78' lang='lat' dir='ltr'>lit</span> <span class='ocrx_word' id='word_1_192' title='bbox 1004 1595 1129 1652; x_wconf 88' lang='lat' dir='ltr'>audiunt</span> <span class='ocrx_word' id='word_1_193' title='bbox 1144 1612 1294 1654; x_wconf 78' lang='lat' dir='ltr'>sermones</span> <span class='ocrx_word' id='word_1_194' title='bbox 1309 1603 1387 1662; x_wconf 91' lang='lat' dir='ltr'>tuos,</span> <span class='ocrx_word' id='word_1_195' title='bbox 1402 1600 1432 1652; x_wconf 90' lang='lat' dir='ltr'>et</span> <span class='ocrx_word' id='word_1_196' title='bbox 1445 1611 1503 1650; x_wconf 92' lang='lat' dir='ltr'>uon</span> <span class='ocrx_word' id='word_1_197' title='bbox 1520 1595 1632 1651; x_wconf 87' lang='lat' dir='ltr'>iaciunt</span> <span class='ocrx_word' id='word_1_198' title='bbox 1646 1611 1717 1652; x_wconf 92' lang='lat' dir='ltr'>eos:</span> 
     </span>
     <span class='ocr_line' id='line_1_20' title="bbox 101 1663 1632 1743; baseline 0 -21"><span class='ocrx_word' id='word_1_199' title='bbox 101 1666 250 1738; x_wconf 80' lang='lat' dir='ltr'>judicium</span> <span class='ocrx_word' id='word_1_200' title='bbox 267 1672 296 1723; x_wconf 92' lang='lat' dir='ltr'>et</span> <span class='ocrx_word' id='word_1_201' title='bbox 306 1665 456 1738; x_wconf 81' lang='lat' dir='ltr'>justitiam</span> <span class='ocrx_word' id='word_1_202' title='bbox 472 1663 550 1734; x_wconf 86' lang='lat' dir='ltr'>lecit,</span> <span class='ocrx_word' id='word_1_203' title='bbox 566 1663 626 1720; x_wconf 83' lang='lat' dir='ltr'>iilia</span> <span class='ocrx_word' id='word_1_204' title='bbox 638 1663 726 1721; x_wconf 79' lang='lat' dir='ltr'>vivet.</span> <span class='ocrx_word' id='word_1_205' title='bbox 913 1676 940 1743; x_wconf 77' lang='grc' dir='ltr'>Β</span> <span class='ocrx_word' id='word_1_206' title='bbox 989 1666 1060 1737; x_wconf 86' lang='lat' dir='ltr'>quia</span> <span class='ocrx_word' id='word_1_207' title='bbox 1074 1668 1104 1722; x_wconf 92' lang='lat' dir='ltr'>in</span> <span class='ocrx_word' id='word_1_208' title='bbox 1121 1668 1269 1724; x_wconf 88' lang='lat' dir='ltr'>canticum</span> <span class='ocrx_word' id='word_1_209' title='bbox 1285 1669 1344 1724; x_wconf 91' lang='lat' dir='ltr'>oris</span> <span class='ocrx_word' id='word_1_210' title='bbox 1360 1668 1405 1724; x_wconf 89' lang='lat' dir='ltr'>sui</span> <span class='ocrx_word' id='word_1_211' title='bbox 1421 1671 1538 1723; x_wconf 86' lang='lat' dir='ltr'>vertunt</span> <span class='ocrx_word' id='word_1_212' title='bbox 1552 1666 1632 1734; x_wconf 92' lang='lat' dir='ltr'>illos,</span> 
     </span>
     <span class='ocr_line' id='line_1_21' title="bbox 66 1736 1627 1811; baseline -0.001 -16"><span class='ocrx_word' id='word_1_213' title='bbox 66 1738 105 1795; x_wconf 82' lang='lat' dir='ltr'>lli</span> <span class='ocrx_word' id='word_1_214' title='bbox 119 1737 260 1795; x_wconf 86' lang='lat' dir='ltr'>dixerunt</span> <span class='ocrx_word' id='word_1_215' title='bbox 276 1736 329 1793; x_wconf 92' lang='lat' dir='ltr'>lilii</span> <span class='ocrx_word' id='word_1_216' title='bbox 344 1736 446 1810; x_wconf 90' lang='lat' dir='ltr'>populi</span> <span class='ocrx_word' id='word_1_217' title='bbox 462 1737 504 1793; x_wconf 91' lang='lat' dir='ltr'>tui</span> <span class='ocrx_word' id='word_1_218' title='bbox 522 1750 529 1791; x_wconf 76' lang='grc' dir='ltr'><em>τ</em></span> <span class='ocrx_word' id='word_1_219' title='bbox 989 1743 1018 1793; x_wconf 87' lang='lat' dir='ltr'>et</span> <span class='ocrx_word' id='word_1_220' title='bbox 1033 1739 1184 1795; x_wconf 88' lang='lat' dir='ltr'>avaritiam</span> <span class='ocrx_word' id='word_1_221' title='bbox 1201 1755 1286 1796; x_wconf 87' lang='lat' dir='ltr'>suam</span> <span class='ocrx_word' id='word_1_222' title='bbox 1302 1740 1438 1811; x_wconf 90' lang='lat' dir='ltr'>sequitur</span> <span class='ocrx_word' id='word_1_223' title='bbox 1451 1754 1501 1796; x_wconf 88' lang='lat' dir='ltr'>cor</span> <span class='ocrx_word' id='word_1_224' title='bbox 1514 1754 1627 1794; x_wconf 90' lang='lat' dir='ltr'>eorum.</span> 
     </span>
     <span class='ocr_line' id='line_1_22' title="bbox 104 1805 1776 1883; baseline 0 -17"><span class='ocrx_word' id='word_1_225' title='bbox 104 1810 169 1866; x_wconf 90' lang='lat' dir='ltr'>Non</span> <span class='ocrx_word' id='word_1_226' title='bbox 186 1814 232 1866; x_wconf 86' lang='lat' dir='ltr'>est</span> <span class='ocrx_word' id='word_1_227' title='bbox 244 1811 321 1882; x_wconf 82' lang='lat' dir='ltr'>aequi</span> <span class='ocrx_word' id='word_1_228' title='bbox 337 1809 477 1883; x_wconf 88' lang='lat' dir='ltr'>ponderis</span> <span class='ocrx_word' id='word_1_229' title='bbox 492 1807 539 1864; x_wconf 83' lang='lat' dir='ltr'>vla</span> <span class='ocrx_word' id='word_1_230' title='bbox 553 1805 680 1875; x_wconf 86' lang='lat' dir='ltr'>Domini,</span> <span class='ocrx_word' id='word_1_231' title='bbox 951 1806 987 1863; x_wconf 81' lang='lat' dir='ltr'>lit</span> <span class='ocrx_word' id='word_1_232' title='bbox 997 1824 1028 1865; x_wconf 91' lang='lat' dir='ltr'>as</span> <span class='ocrx_word' id='word_1_233' title='bbox 1043 1809 1086 1866; x_wconf 87' lang='lat' dir='ltr'>aia</span> <span class='ocrx_word' id='word_1_234' title='bbox 1099 1813 1184 1883; x_wconf 89' lang='lat' dir='ltr'>quasi</span> <span class='ocrx_word' id='word_1_235' title='bbox 1200 1827 1318 1867; x_wconf 88' lang='lat' dir='ltr'>carmen</span> <span class='ocrx_word' id='word_1_236' title='bbox 1336 1811 1575 1881; x_wconf 90' lang='lat' dir='ltr'>musicum,quod</span> <span class='ocrx_word' id='word_1_237' title='bbox 1590 1809 1674 1867; x_wconf 87' lang='lat' dir='ltr'>suavi</span> <span class='ocrx_word' id='word_1_238' title='bbox 1684 1810 1776 1867; x_wconf 87' lang='lat' dir='ltr'>dulci·</span> 
     </span>
     <span class='ocr_line' id='line_1_23' title="bbox 106 1881 1322 1953; baseline 0 -15"><span class='ocrx_word' id='word_1_239' title='bbox 106 1887 137 1938; x_wconf 86' lang='lat' dir='ltr'>et</span> <span class='ocrx_word' id='word_1_240' title='bbox 151 1882 284 1953; x_wconf 90' lang='lat' dir='ltr'>ipsorum</span> <span class='ocrx_word' id='word_1_241' title='bbox 299 1881 347 1938; x_wconf 90' lang='lat' dir='ltr'>via</span> <span class='ocrx_word' id='word_1_242' title='bbox 359 1881 472 1953; x_wconf 79' lang='lat' dir='ltr'>injusta</span> <span class='ocrx_word' id='word_1_243' title='bbox 485 1882 540 1937; x_wconf 89' lang='lat' dir='ltr'>eal.</span> <span class='ocrx_word' id='word_1_244' title='bbox 1023 1897 1079 1953; x_wconf 93' lang='lat' dir='ltr'>que</span> <span class='ocrx_word' id='word_1_245' title='bbox 1094 1900 1166 1939; x_wconf 91' lang='lat' dir='ltr'>sono</span> <span class='ocrx_word' id='word_1_246' title='bbox 1181 1883 1298 1939; x_wconf 88' lang='lat' dir='ltr'>canitur</span> <span class='ocrx_word' id='word_1_247' title='bbox 1314 1898 1322 1938; x_wconf 77' lang='grc' dir='ltr'><strong><em>ε</em></strong></span> 
     </span>
     <span class='ocr_line' id='line_1_24' title="bbox 67 1948 1623 2025; baseline 0.001 -16"><span class='ocrx_word' id='word_1_248' title='bbox 67 1954 144 2010; x_wconf 81' lang='lat' dir='ltr'>cuin</span> <span class='ocrx_word' id='word_1_249' title='bbox 159 1953 237 2010; x_wconf 90' lang='lat' dir='ltr'>enim</span> <span class='ocrx_word' id='word_1_250' title='bbox 251 1952 511 2025; x_wconf 77' lang='lat' dir='ltr'>recesserltjustus</span> <span class='ocrx_word' id='word_1_251' title='bbox 521 1967 538 2007; x_wconf 87' lang='lat' dir='ltr'>a</span> <span class='ocrx_word' id='word_1_252' title='bbox 548 1948 897 2022; x_wconf 79' lang='lat' dir='ltr'>iustitiasua,lecsritque</span> <span class='ocrx_word' id='word_1_253' title='bbox 985 1957 1015 2008; x_wconf 88' lang='lat' dir='ltr'>et</span> <span class='ocrx_word' id='word_1_254' title='bbox 1028 1955 1148 2010; x_wconf 87' lang='lat' dir='ltr'>audient</span> <span class='ocrx_word' id='word_1_255' title='bbox 1162 1955 1251 2010; x_wconf 85' lang='lat' dir='ltr'>verba</span> <span class='ocrx_word' id='word_1_256' title='bbox 1265 1959 1327 2023; x_wconf 86' lang='lat' dir='ltr'>tua,</span> <span class='ocrx_word' id='word_1_257' title='bbox 1343 1956 1371 2010; x_wconf 90' lang='lat' dir='ltr'>et</span> <span class='ocrx_word' id='word_1_258' title='bbox 1386 1969 1444 2009; x_wconf 90' lang='lat' dir='ltr'>noa</span> <span class='ocrx_word' id='word_1_259' title='bbox 1460 1952 1567 2011; x_wconf 85' lang='lat' dir='ltr'>iaciant</span> <span class='ocrx_word' id='word_1_260' title='bbox 1581 1968 1623 2011; x_wconf 86' lang='lat' dir='ltr'>aa.</span> 
     </span>
     <span class='ocr_line' id='line_1_25' title="bbox 142 2021 1770 2099; baseline 0.002 -19"><span class='ocrx_word' id='word_1_261' title='bbox 142 2024 327 2097; x_wconf 77' lang='lat' dir='ltr'>iniquitates,</span> <span class='ocrx_word' id='word_1_262' title='bbox 949 2021 985 2078; x_wconf 77' lang='lat' dir='ltr'>ut</span> <span class='ocrx_word' id='word_1_263' title='bbox 999 2041 1065 2080; x_wconf 90' lang='lat' dir='ltr'>euin</span> <span class='ocrx_word' id='word_1_264' title='bbox 1081 2026 1192 2082; x_wconf 86' lang='lat' dir='ltr'>venerit</span> <span class='ocrx_word' id='word_1_265' title='bbox 1206 2026 1284 2099; x_wconf 92' lang='lat' dir='ltr'>quod</span> <span class='ocrx_word' id='word_1_266' title='bbox 1301 2025 1473 2098; x_wconf 80' lang='lat' dir='ltr'>pradictum</span> <span class='ocrx_word' id='word_1_267' title='bbox 1487 2029 1533 2081; x_wconf 88' lang='lat' dir='ltr'>est</span> <span class='ocrx_word' id='word_1_268' title='bbox 1546 2026 1712 2097; x_wconf 80' lang='lat' dir='ltr'>(eureseim</span> <span class='ocrx_word' id='word_1_269' title='bbox 1724 2042 1770 2084; x_wconf 85' lang='lat' dir='ltr'>ve·</span> 
     </span>
     <span class='ocr_line' id='line_1_26' title="bbox 104 2095 1086 2168; baseline 0.001 -17"><span class='ocrx_word' id='word_1_270' title='bbox 104 2097 249 2154; x_wconf 90' lang='lat' dir='ltr'>morietur</span> <span class='ocrx_word' id='word_1_271' title='bbox 262 2096 291 2151; x_wconf 88' lang='lat' dir='ltr'>in</span> <span class='ocrx_word' id='word_1_272' title='bbox 308 2095 361 2152; x_wconf 90' lang='lat' dir='ltr'>eis.</span> <span class='ocrx_word' id='word_1_273' title='bbox 1019 2095 1086 2168; x_wconf 81' lang='lat' dir='ltr'>nit),</span> 
     </span>
     <span class='ocr_line' id='line_1_27' title="bbox 64 2162 1769 2245; baseline 0.004 -22"><span class='ocrx_word' id='word_1_274' title='bbox 64 2170 100 2223; x_wconf 78' lang='lat' dir='ltr'>Bt</span> <span class='ocrx_word' id='word_1_275' title='bbox 114 2184 185 2224; x_wconf 89' lang='lat' dir='ltr'>eum</span> <span class='ocrx_word' id='word_1_276' title='bbox 200 2167 355 2225; x_wconf 84' lang='lat' dir='ltr'>recesserit</span> <span class='ocrx_word' id='word_1_277' title='bbox 368 2165 479 2238; x_wconf 91' lang='lat' dir='ltr'>impius</span> <span class='ocrx_word' id='word_1_278' title='bbox 507 2164 543 2220; x_wconf 85' lang='lat' dir='ltr'>ab</span> <span class='ocrx_word' id='word_1_279' title='bbox 569 2162 720 2237; x_wconf 86' lang='lat' dir='ltr'>impietate</span> <span class='ocrx_word' id='word_1_280' title='bbox 735 2180 799 2234; x_wconf 82' lang='lat' dir='ltr'>eoa,</span> <span class='ocrx_word' id='word_1_281' title='bbox 815 2163 893 2223; x_wconf 88' lang='lat' dir='ltr'>lece-</span> <span class='ocrx_word' id='word_1_282' title='bbox 983 2169 1054 2222; x_wconf 89' lang='lat' dir='ltr'>tunc</span> <span class='ocrx_word' id='word_1_283' title='bbox 1077 2167 1250 2240; x_wconf 84' lang='lat' dir='ltr'>celantquod</span> <span class='ocrx_word' id='word_1_284' title='bbox 1274 2167 1428 2241; x_wconf 89' lang='lat' dir='ltr'>prophetes</span> <span class='ocrx_word' id='word_1_285' title='bbox 1449 2167 1537 2225; x_wconf 90' lang='lat' dir='ltr'>luerit</span> <span class='ocrx_word' id='word_1_286' title='bbox 1561 2169 1637 2225; x_wconf 89' lang='lat' dir='ltr'>inter</span> <span class='ocrx_word' id='word_1_287' title='bbox 1650 2185 1700 2227; x_wconf 88' lang='lat' dir='ltr'>eos</span> <span class='ocrx_word' id='word_1_288' title='bbox 1715 2172 1769 2245; x_wconf 81' lang='lat' dir='ltr'>(lt.</span> 
     </span>
     <span class='ocr_line' id='line_1_28' title="bbox 136 2235 1301 2323; baseline -0.002 -28"><span class='ocrx_word' id='word_1_289' title='bbox 136 2240 238 2323; x_wconf 78' lang='lat' dir='ltr'>aitque</span> <span class='ocrx_word' id='word_1_290' title='bbox 249 2239 395 2310; x_wconf 87' lang='lat' dir='ltr'>judicium</span> <span class='ocrx_word' id='word_1_291' title='bbox 411 2235 612 2311; x_wconf 84' lang='lat' dir='ltr'>etjuatitiam,</span> <span class='ocrx_word' id='word_1_292' title='bbox 1019 2238 1048 2294; x_wconf 94' lang='lat' dir='ltr'>in</span> <span class='ocrx_word' id='word_1_293' title='bbox 1065 2239 1162 2294; x_wconf 90' lang='lat' dir='ltr'>medio</span> <span class='ocrx_word' id='word_1_294' title='bbox 1176 2239 1301 2312; x_wconf 89' lang='lat' dir='ltr'>eorum).</span> 
     </span>
     <span class='ocr_line' id='line_1_29' title="bbox 98 2308 1770 2384; baseline 0.003 -19"><span class='ocrx_word' id='word_1_295' title='bbox 98 2309 180 2367; x_wconf 82' lang='lat' dir='ltr'>vivet</span> <span class='ocrx_word' id='word_1_296' title='bbox 194 2328 226 2368; x_wconf 89' lang='lat' dir='ltr'>in</span> <span class='ocrx_word' id='word_1_297' title='bbox 239 2311 293 2368; x_wconf 90' lang='lat' dir='ltr'>eia.</span> <span class='ocrx_word' id='word_1_298' title='bbox 948 2308 1027 2380; x_wconf 79' lang='lat' dir='ltr'>(cip.</span> <span class='ocrx_word' id='word_1_299' title='bbox 1044 2310 1186 2384; x_wconf 84' lang='lat' dir='ltr'><strong>XXXIV.)</strong></span> <span class='ocrx_word' id='word_1_300' title='bbox 1198 2311 1233 2367; x_wconf 83' lang='lat' dir='ltr'>lii</span> <span class='ocrx_word' id='word_1_301' title='bbox 1255 2311 1365 2368; x_wconf 82' lang='lat' dir='ltr'>leolum</span> <span class='ocrx_word' id='word_1_302' title='bbox 1390 2314 1435 2367; x_wconf 90' lang='lat' dir='ltr'>est</span> <span class='ocrx_word' id='word_1_303' title='bbox 1458 2311 1579 2369; x_wconf 85' lang='lat' dir='ltr'>verbum</span> <span class='ocrx_word' id='word_1_304' title='bbox 1605 2313 1719 2371; x_wconf 87' lang='lat' dir='ltr'>Domini</span> <span class='ocrx_word' id='word_1_305' title='bbox 1734 2315 1770 2370; x_wconf 89' lang='lat' dir='ltr'>ad</span> 
     </span>
     <span class='ocr_line' id='line_1_30' title="bbox 64 2381 1200 2440; baseline 0 -1"><span class='ocrx_word' id='word_1_306' title='bbox 64 2382 99 2439; x_wconf 83' lang='lat' dir='ltr'>ut</span> <span class='ocrx_word' id='word_1_307' title='bbox 113 2382 217 2440; x_wconf 88' lang='lat' dir='ltr'>dicitis</span> <span class='ocrx_word' id='word_1_308' title='bbox 232 2400 239 2440; x_wconf 92' lang='lat'>:</span> <span class='ocrx_word' id='word_1_309' title='bbox 1018 2397 1061 2437; x_wconf 93' lang='lat' dir='ltr'>me</span> <span class='ocrx_word' id='word_1_310' title='bbox 1076 2381 1177 2438; x_wconf 88' lang='lat' dir='ltr'>dicens</span> <span class='ocrx_word' id='word_1_311' title='bbox 1193 2398 1200 2438; x_wconf 76' lang='grc' dir='ltr'><strong><em>ε</em></strong></span> 
     </span>
     <span class='ocr_line' id='line_1_31' title="bbox 97 2448 1157 2511; baseline -0.003 0"><span class='ocrx_word' id='word_1_312' title='bbox 97 2454 163 2511; x_wconf 82' lang='grc' dir='ltr'>Νοιι</span> <span class='ocrx_word' id='word_1_313' title='bbox 180 2458 226 2511; x_wconf 88' lang='lat' dir='ltr'>ssi</span> <span class='ocrx_word' id='word_1_314' title='bbox 240 2456 319 2510; x_wconf 88' lang='lat' dir='ltr'>reela</span> <span class='ocrx_word' id='word_1_315' title='bbox 333 2453 380 2510; x_wconf 89' lang='lat' dir='ltr'>iila</span> <span class='ocrx_word' id='word_1_316' title='bbox 394 2450 523 2509; x_wconf 86' lang='lat' dir='ltr'>Domini.</span> <span class='ocrx_word' id='word_1_317' title='bbox 946 2448 999 2506; x_wconf 81' lang='lat' dir='ltr'>Fili</span> <span class='ocrx_word' id='word_1_318' title='bbox 1015 2452 1157 2509; x_wconf 79' lang='lat' dir='ltr'>hominis.</span> 
     </span>
     <span class='ocr_line' id='line_1_32' title="bbox 64 2519 1485 2651; baseline -0.003 -68"><span class='ocrx_word' id='word_1_319' title='bbox 64 2521 699 2598; x_wconf 79' lang='lat' dir='ltr'>linumquemquejuirtaviassuesiudicabo</span> <span class='ocrx_word' id='word_1_320' title='bbox 709 2521 746 2578; x_wconf 90' lang='lat' dir='ltr'>de</span> <span class='ocrx_word' id='word_1_321' title='bbox 756 2519 838 2577; x_wconf 83' lang='lat' dir='ltr'>vohis</span> <span class='ocrx_word' id='word_1_322' title='bbox 848 2521 891 2594; x_wconf 89' lang='lat' dir='ltr'>(h.</span> <span class='ocrx_word' id='word_1_323' title='bbox 982 2523 1125 2596; x_wconf 86' lang='lat' dir='ltr'>propbeta</span> <span class='ocrx_word' id='word_1_324' title='bbox 1139 2525 1176 2581; x_wconf 90' lang='lat' dir='ltr'>de</span> <span class='ocrx_word' id='word_1_325' title='bbox 1187 2524 1360 2651; x_wconf 59' lang='lat' dir='ltr'>pastoribus</span> <span class='ocrx_word' id='word_1_326' title='bbox 1375 2523 1463 2609; x_wconf 77' lang='lat' dir='ltr'>lsrael</span> <span class='ocrx_word' id='word_1_327' title='bbox 1478 2545 1485 2594; x_wconf 75' lang='grc' dir='ltr'>ς</span> 
     </span>
     <span class='ocr_line' id='line_1_33' title="bbox 65 2594 1474 2749; baseline -0.001 -23"><span class='ocrx_word' id='word_1_328' title='bbox 65 2673 99 2726; x_wconf 83' lang='lat' dir='ltr'>st</span> <span class='ocrx_word' id='word_1_329' title='bbox 113 2599 335 2726; x_wconf 44' lang='lat' dir='ltr'>haggiffiueospiiig</span> <span class='ocrx_word' id='word_1_330' title='bbox 349 2594 529 2725; x_wconf 52' lang='lat' dir='ltr'>lglbgleclmo</span> <span class='ocrx_word' id='word_1_331' title='bbox 553 2682 640 2737; x_wconf 90' lang='lat' dir='ltr'>anno,</span> <span class='ocrx_word' id='word_1_332' title='bbox 666 2665 696 2722; x_wconf 92' lang='lat' dir='ltr'>in</span> <span class='ocrx_word' id='word_1_333' title='bbox 711 2663 823 2748; x_wconf 76' lang='lat' dir='ltr'>decimo</span> <span class='ocrx_word' id='word_1_334' title='bbox 837 2664 893 2749; x_wconf 60' lang='lat' dir='ltr'>(dl.</span> <span class='ocrx_word' id='word_1_335' title='bbox 935 2610 1034 2724; x_wconf 63' lang='grc' dir='ltr'>,Ηὲἔο</span> <span class='ocrx_word' id='word_1_336' title='bbox 1048 2595 1452 2724; x_wconf 45' lang='lat' dir='ltr'>ilciiettissoegigplessffeausstqribua</span> <span class='ocrx_word' id='word_1_337' title='bbox 1467 2636 1474 2651; x_wconf 44' lang='lat'><strong>⁹</strong></span> 
     </span>
     <span class='ocr_line' id='line_1_34' title="bbox 136 2737 1769 2815; baseline 0.001 -18"><span class='ocrx_word' id='word_1_338' title='bbox 136 2741 200 2798; x_wconf 85' lang='lat' dir='ltr'>odd.</span> <span class='ocrx_word' id='word_1_339' title='bbox 218 2742 341 2813; x_wconf 82' lang='lat' dir='ltr'>mense),</span> <span class='ocrx_word' id='word_1_340' title='bbox 357 2740 386 2797; x_wconf 92' lang='lat' dir='ltr'>in</span> <span class='ocrx_word' id='word_1_341' title='bbox 401 2738 506 2813; x_wconf 81' lang='lat' dir='ltr'>quinta</span> <span class='ocrx_word' id='word_1_342' title='bbox 527 2739 638 2795; x_wconf 90' lang='lat' dir='ltr'>mensis</span> <span class='ocrx_word' id='word_1_343' title='bbox 653 2740 890 2810; x_wconf 86' lang='lat' dir='ltr'>transmigratio·</span> <span class='ocrx_word' id='word_1_344' title='bbox 940 2795 943 2800; x_wconf 67' lang='grc'>,</span> <span class='ocrx_word' id='word_1_345' title='bbox 980 2737 1029 2793; x_wconf 85' lang='lat' dir='ltr'>Va</span> <span class='ocrx_word' id='word_1_346' title='bbox 1044 2739 1213 2810; x_wconf 86' lang='lat' dir='ltr'>pastoribus</span> <span class='ocrx_word' id='word_1_347' title='bbox 1228 2739 1328 2805; x_wconf 81' lang='lat' dir='ltr'>lsrael,</span> <span class='ocrx_word' id='word_1_348' title='bbox 1345 2738 1395 2812; x_wconf 94' lang='lat' dir='ltr'>qui</span> <span class='ocrx_word' id='word_1_349' title='bbox 1421 2739 1579 2810; x_wconf 89' lang='lat' dir='ltr'>pascebant</span> <span class='ocrx_word' id='word_1_350' title='bbox 1593 2740 1769 2815; x_wconf 90' lang='lat' dir='ltr'>semetipsos</span> 
     </span>
     <span class='ocr_line' id='line_1_35' title="bbox 137 2810 1614 2884; baseline -0.001 -16"><span class='ocrx_word' id='word_1_351' title='bbox 137 2812 185 2869; x_wconf 91' lang='lat' dir='ltr'>uis</span> <span class='ocrx_word' id='word_1_352' title='bbox 200 2817 318 2883; x_wconf 79' lang='lat' dir='ltr'>nostras,</span> <span class='ocrx_word' id='word_1_353' title='bbox 981 2826 1078 2866; x_wconf 88' lang='lat' dir='ltr'>nonne</span> <span class='ocrx_word' id='word_1_354' title='bbox 1093 2824 1195 2882; x_wconf 82' lang='lat' dir='ltr'>greges</span> <span class='ocrx_word' id='word_1_355' title='bbox 1211 2815 1374 2884; x_wconf 87' lang='lat' dir='ltr'>pascuntur</span> <span class='ocrx_word' id='word_1_356' title='bbox 1389 2827 1404 2864; x_wconf 91' lang='lat' dir='ltr'>a</span> <span class='ocrx_word' id='word_1_357' title='bbox 1419 2810 1614 2881; x_wconf 78' lang='lat' dir='ltr'>pastoribus?</span> 
     </span>
     <span class='ocr_line' id='line_1_36' title="bbox 99 2879 1597 2967; baseline -0.001 -29"><span class='ocrx_word' id='word_1_358' title='bbox 99 2885 183 2940; x_wconf 85' lang='lat' dir='ltr'>venit</span> <span class='ocrx_word' id='word_1_359' title='bbox 196 2885 232 2940; x_wconf 89' lang='lat' dir='ltr'>ad</span> <span class='ocrx_word' id='word_1_360' title='bbox 249 2898 295 2940; x_wconf 91' lang='lat' dir='ltr'>me</span> <span class='ocrx_word' id='word_1_361' title='bbox 310 2881 360 2967; x_wconf 85' lang='lat' dir='ltr'>qui</span> <span class='ocrx_word' id='word_1_362' title='bbox 376 2881 491 2954; x_wconf 87' lang='lat' dir='ltr'>iugarat</span> <span class='ocrx_word' id='word_1_363' title='bbox 505 2881 541 2937; x_wconf 90' lang='lat' dir='ltr'>de</span> <span class='ocrx_word' id='word_1_364' title='bbox 563 2879 739 2953; x_wconf 85' lang='lat' dir='ltr'>Jerusalem,</span> <span class='ocrx_word' id='word_1_365' title='bbox 764 2879 865 2937; x_wconf 88' lang='lat' dir='ltr'>dicens</span> <span class='ocrx_word' id='word_1_366' title='bbox 881 2896 889 2938; x_wconf 80' lang='lat' dir='ltr'>i</span> <span class='ocrx_word' id='word_1_367' title='bbox 945 2881 1000 2938; x_wconf 86' lang='lat' dir='ltr'>lac</span> <span class='ocrx_word' id='word_1_368' title='bbox 1015 2881 1224 2952; x_wconf 88' lang='lat' dir='ltr'>comedebatis,</span> <span class='ocrx_word' id='word_1_369' title='bbox 1240 2887 1270 2938; x_wconf 87' lang='lat' dir='ltr'>et</span> <span class='ocrx_word' id='word_1_370' title='bbox 1283 2880 1358 2937; x_wconf 87' lang='lat' dir='ltr'>lanis</span> <span class='ocrx_word' id='word_1_371' title='bbox 1373 2881 1597 2953; x_wconf 85' lang='lat' dir='ltr'>operiebamini,</span> 
     </span>
     <span class='ocr_line' id='line_1_37' title="bbox 98 2953 1548 3025; baseline 0 -17"><span class='ocrx_word' id='word_1_372' title='bbox 98 2955 223 3012; x_wconf 85' lang='lat' dir='ltr'>vastata</span> <span class='ocrx_word' id='word_1_373' title='bbox 239 2960 284 3011; x_wconf 92' lang='lat' dir='ltr'>est</span> <span class='ocrx_word' id='word_1_374' title='bbox 298 2954 410 3011; x_wconf 84' lang='lat' dir='ltr'>civitas.</span> <span class='ocrx_word' id='word_1_375' title='bbox 980 2957 1010 3010; x_wconf 85' lang='lat' dir='ltr'>et</span> <span class='ocrx_word' id='word_1_376' title='bbox 1024 2954 1102 3025; x_wconf 87' lang='lat' dir='ltr'>quod</span> <span class='ocrx_word' id='word_1_377' title='bbox 1117 2970 1252 3010; x_wconf 90' lang='lat' dir='ltr'>erassum</span> <span class='ocrx_word' id='word_1_378' title='bbox 1267 2957 1340 3024; x_wconf 89' lang='lat' dir='ltr'>erat,</span> <span class='ocrx_word' id='word_1_379' title='bbox 1352 2953 1548 3009; x_wconf 87' lang='lat' dir='ltr'>occidebatis:</span> 
     </span>
     <span class='ocr_line' id='line_1_38' title="bbox 64 3023 1593 3114; baseline -0.003 -30"><span class='ocrx_word' id='word_1_380' title='bbox 64 3026 176 3084; x_wconf 84' lang='lat' dir='ltr'>idanus</span> <span class='ocrx_word' id='word_1_381' title='bbox 192 3032 289 3084; x_wconf 90' lang='lat' dir='ltr'>autem</span> <span class='ocrx_word' id='word_1_382' title='bbox 306 3025 421 3082; x_wconf 89' lang='lat' dir='ltr'>Domini</span> <span class='ocrx_word' id='word_1_383' title='bbox 436 3024 513 3081; x_wconf 85' lang='lat' dir='ltr'>laeta</span> <span class='ocrx_word' id='word_1_384' title='bbox 527 3024 622 3080; x_wconf 89' lang='lat' dir='ltr'>luerat</span> <span class='ocrx_word' id='word_1_385' title='bbox 645 3023 681 3080; x_wconf 91' lang='lat' dir='ltr'>ad</span> <span class='ocrx_word' id='word_1_386' title='bbox 698 3038 745 3080; x_wconf 90' lang='lat' dir='ltr'>me</span> <span class='ocrx_word' id='word_1_387' title='bbox 758 3038 889 3096; x_wconf 85' lang='lat' dir='ltr'>vespere,</span> <span class='ocrx_word' id='word_1_388' title='bbox 905 3044 928 3114; x_wconf 71' lang='lat' dir='ltr'><strong>c</strong></span> <span class='ocrx_word' id='word_1_389' title='bbox 982 3040 1100 3098; x_wconf 84' lang='lat' dir='ltr'>gregem</span> <span class='ocrx_word' id='word_1_390' title='bbox 1116 3030 1214 3082; x_wconf 88' lang='lat' dir='ltr'>autem</span> <span class='ocrx_word' id='word_1_391' title='bbox 1231 3040 1329 3081; x_wconf 90' lang='lat' dir='ltr'>meum</span> <span class='ocrx_word' id='word_1_392' title='bbox 1344 3040 1402 3081; x_wconf 88' lang='lat' dir='ltr'>non</span> <span class='ocrx_word' id='word_1_393' title='bbox 1417 3024 1593 3097; x_wconf 89' lang='lat' dir='ltr'>pascebatis,</span> 
     </span>
     <span class='ocr_line' id='line_1_39' title="bbox 100 3095 1584 3170; baseline -0.002 -15"><span class='ocrx_word' id='word_1_394' title='bbox 100 3104 263 3170; x_wconf 87' lang='lat' dir='ltr'>antequam</span> <span class='ocrx_word' id='word_1_395' title='bbox 278 3098 393 3154; x_wconf 86' lang='lat' dir='ltr'>veniret</span> <span class='ocrx_word' id='word_1_396' title='bbox 406 3097 458 3169; x_wconf 92' lang='lat' dir='ltr'>qui</span> <span class='ocrx_word' id='word_1_397' title='bbox 473 3096 611 3169; x_wconf 74' lang='lat' dir='ltr'>iugerats</span> <span class='ocrx_word' id='word_1_398' title='bbox 947 3098 1027 3162; x_wconf 89' lang='lat' dir='ltr'>Quod</span> <span class='ocrx_word' id='word_1_399' title='bbox 1044 3097 1193 3153; x_wconf 81' lang='lat' dir='ltr'>infirmum</span> <span class='ocrx_word' id='word_1_400' title='bbox 1210 3097 1275 3165; x_wconf 87' lang='lat' dir='ltr'>luit,</span> <span class='ocrx_word' id='word_1_401' title='bbox 1292 3112 1349 3152; x_wconf 93' lang='lat' dir='ltr'>non</span> <span class='ocrx_word' id='word_1_402' title='bbox 1366 3095 1584 3168; x_wconf 86' lang='lat' dir='ltr'>consolidastis,</span> 
     </span>
     <span class='ocr_line' id='line_1_40' title="bbox 62 3165 1501 3245; baseline -0.002 -19"><span class='ocrx_word' id='word_1_403' title='bbox 62 3171 250 3245; x_wconf 73' lang='lat' dir='ltr'>aperuitque</span> <span class='ocrx_word' id='word_1_404' title='bbox 262 3187 295 3225; x_wconf 93' lang='lat' dir='ltr'>cs</span> <span class='ocrx_word' id='word_1_405' title='bbox 312 3184 409 3225; x_wconf 91' lang='lat' dir='ltr'>meum</span> <span class='ocrx_word' id='word_1_406' title='bbox 433 3168 525 3225; x_wconf 88' lang='lat' dir='ltr'>donec</span> <span class='ocrx_word' id='word_1_407' title='bbox 549 3165 661 3241; x_wconf 80' lang='lat' dir='ltr'>veniret</span> <span class='ocrx_word' id='word_1_408' title='bbox 681 3166 716 3222; x_wconf 88' lang='lat' dir='ltr'>ad</span> <span class='ocrx_word' id='word_1_409' title='bbox 732 3182 779 3222; x_wconf 90' lang='lat' dir='ltr'>me</span> <span class='ocrx_word' id='word_1_410' title='bbox 794 3181 891 3236; x_wconf 88' lang='lat' dir='ltr'>mane,</span> <span class='ocrx_word' id='word_1_411' title='bbox 982 3174 1011 3224; x_wconf 91' lang='lat' dir='ltr'>et</span> <span class='ocrx_word' id='word_1_412' title='bbox 1025 3168 1103 3239; x_wconf 92' lang='lat' dir='ltr'>qued</span> <span class='ocrx_word' id='word_1_413' title='bbox 1119 3171 1272 3241; x_wconf 81' lang='lat' dir='ltr'>agrotum,</span> <span class='ocrx_word' id='word_1_414' title='bbox 1288 3185 1346 3224; x_wconf 90' lang='lat' dir='ltr'>aon</span> <span class='ocrx_word' id='word_1_415' title='bbox 1361 3169 1501 3240; x_wconf 87' lang='lat' dir='ltr'>sanastis,</span> 
     </span>
     <span class='ocr_line' id='line_1_41' title="bbox 99 3237 1670 3313; baseline -0.001 -14"><span class='ocrx_word' id='word_1_416' title='bbox 99 3247 129 3300; x_wconf 90' lang='lat' dir='ltr'>et</span> <span class='ocrx_word' id='word_1_417' title='bbox 144 3247 246 3313; x_wconf 85' lang='lat' dir='ltr'>aparte</span> <span class='ocrx_word' id='word_1_418' title='bbox 261 3256 310 3297; x_wconf 88' lang='lat' dir='ltr'>ore</span> <span class='ocrx_word' id='word_1_419' title='bbox 325 3257 399 3306; x_wconf 86' lang='lat' dir='ltr'>mee,</span> <span class='ocrx_word' id='word_1_420' title='bbox 416 3256 474 3296; x_wconf 92' lang='lat' dir='ltr'>nou</span> <span class='ocrx_word' id='word_1_421' title='bbox 490 3238 558 3295; x_wconf 92' lang='lat' dir='ltr'>silui</span> <span class='ocrx_word' id='word_1_422' title='bbox 574 3237 712 3309; x_wconf 85' lang='lat' dir='ltr'>amplius.</span> <span class='ocrx_word' id='word_1_423' title='bbox 981 3240 1058 3311; x_wconf 88' lang='lat' dir='ltr'>quod</span> <span class='ocrx_word' id='word_1_424' title='bbox 1074 3238 1200 3296; x_wconf 82' lang='lat' dir='ltr'>tractum</span> <span class='ocrx_word' id='word_1_425' title='bbox 1216 3244 1261 3296; x_wconf 92' lang='lat' dir='ltr'>est</span> <span class='ocrx_word' id='word_1_426' title='bbox 1274 3240 1329 3312; x_wconf 83' lang='lat' dir='ltr'>(At.</span> <span class='ocrx_word' id='word_1_427' title='bbox 1344 3241 1429 3311; x_wconf 88' lang='lat' dir='ltr'>erat),</span> <span class='ocrx_word' id='word_1_428' title='bbox 1445 3256 1503 3295; x_wconf 90' lang='lat' dir='ltr'>non</span> <span class='ocrx_word' id='word_1_429' title='bbox 1514 3237 1670 3311; x_wconf 84' lang='lat' dir='ltr'>alligastis,</span> 
     </span>
     <span class='ocr_line' id='line_1_42' title="bbox 59 3308 1602 3384; baseline -0.003 -13"><span class='ocrx_word' id='word_1_430' title='bbox 59 3315 97 3371; x_wconf 82' lang='lat' dir='ltr'>llt</span> <span class='ocrx_word' id='word_1_431' title='bbox 116 3315 226 3371; x_wconf 85' lang='lat' dir='ltr'>lactum</span> <span class='ocrx_word' id='word_1_432' title='bbox 242 3317 287 3370; x_wconf 89' lang='lat' dir='ltr'>est</span> <span class='ocrx_word' id='word_1_433' title='bbox 300 3313 421 3371; x_wconf 86' lang='lat' dir='ltr'>verbum</span> <span class='ocrx_word' id='word_1_434' title='bbox 437 3309 566 3380; x_wconf 90' lang='lat' dir='ltr'>Domini,</span> <span class='ocrx_word' id='word_1_435' title='bbox 582 3309 618 3367; x_wconf 87' lang='lat' dir='ltr'>sd</span> <span class='ocrx_word' id='word_1_436' title='bbox 634 3324 681 3367; x_wconf 91' lang='lat' dir='ltr'>me</span> <span class='ocrx_word' id='word_1_437' title='bbox 695 3308 795 3365; x_wconf 87' lang='lat' dir='ltr'>diceus</span> <span class='ocrx_word' id='word_1_438' title='bbox 812 3325 819 3366; x_wconf 92' lang='lat'>:</span> <span class='ocrx_word' id='word_1_439' title='bbox 982 3318 1012 3368; x_wconf 90' lang='lat' dir='ltr'>et</span> <span class='ocrx_word' id='word_1_440' title='bbox 1027 3313 1105 3384; x_wconf 92' lang='lat' dir='ltr'>quod</span> <span class='ocrx_word' id='word_1_441' title='bbox 1121 3312 1268 3382; x_wconf 87' lang='lat' dir='ltr'>abjectum</span> <span class='ocrx_word' id='word_1_442' title='bbox 1286 3316 1343 3380; x_wconf 88' lang='lat' dir='ltr'>est,</span> <span class='ocrx_word' id='word_1_443' title='bbox 1360 3327 1417 3366; x_wconf 91' lang='lat' dir='ltr'>non</span> <span class='ocrx_word' id='word_1_444' title='bbox 1434 3311 1602 3384; x_wconf 80' lang='lat' dir='ltr'>reduxistis,</span> 
     </span>
     <span class='ocr_line' id='line_1_43' title="bbox 60 3382 1508 3456; baseline -0.003 -14"><span class='ocrx_word' id='word_1_445' title='bbox 60 3386 120 3444; x_wconf 78' lang='lat' dir='ltr'>Fili</span> <span class='ocrx_word' id='word_1_446' title='bbox 135 3385 279 3451; x_wconf 90' lang='lat' dir='ltr'>bominis,</span> <span class='ocrx_word' id='word_1_447' title='bbox 674 3408 679 3415; x_wconf 91' lang='lat'><strong>·</strong></span> <span class='ocrx_word' id='word_1_448' title='bbox 982 3388 1011 3439; x_wconf 89' lang='lat' dir='ltr'>et</span> <span class='ocrx_word' id='word_1_449' title='bbox 1025 3382 1103 3456; x_wconf 91' lang='lat' dir='ltr'>quod</span> <span class='ocrx_word' id='word_1_450' title='bbox 1119 3383 1254 3456; x_wconf 88' lang='lat' dir='ltr'>perierat,</span> <span class='ocrx_word' id='word_1_451' title='bbox 1268 3400 1326 3439; x_wconf 89' lang='lat' dir='ltr'>non</span> <span class='ocrx_word' id='word_1_452' title='bbox 1342 3383 1508 3455; x_wconf 81' lang='lat' dir='ltr'>quasistia;</span> 
     </span>
     <span class='ocr_line' id='line_1_44' title="bbox 97 3451 1770 3584; baseline 0 -71"><span class='ocrx_word' id='word_1_453' title='bbox 97 3457 152 3584; x_wconf 62' lang='lat' dir='ltr'>qui</span> <span class='ocrx_word' id='word_1_454' title='bbox 169 3455 343 3513; x_wconf 86' lang='lat' dir='ltr'>habitantia</span> <span class='ocrx_word' id='word_1_455' title='bbox 356 3453 485 3511; x_wconf 89' lang='lat' dir='ltr'>ruinosis</span> <span class='ocrx_word' id='word_1_456' title='bbox 496 3452 542 3510; x_wconf 90' lang='lat' dir='ltr'>bis</span> <span class='ocrx_word' id='word_1_457' title='bbox 554 3452 779 3527; x_wconf 88' lang='lat' dir='ltr'>superbumum</span> <span class='ocrx_word' id='word_1_458' title='bbox 791 3451 891 3526; x_wconf 89' lang='lat' dir='ltr'>lsrael,</span> <span class='ocrx_word' id='word_1_459' title='bbox 946 3456 1001 3513; x_wconf 89' lang='lat' dir='ltr'>Sed</span> <span class='ocrx_word' id='word_1_460' title='bbox 1017 3471 1091 3580; x_wconf 65' lang='lat' dir='ltr'>cnuti¹</span> <span class='ocrx_word' id='word_1_461' title='bbox 1100 3456 1271 3512; x_wconf 84' lang='lat' dir='ltr'>austeritate</span> <span class='ocrx_word' id='word_1_462' title='bbox 1290 3455 1484 3528; x_wconf 86' lang='lat' dir='ltr'>imperabatis</span> <span class='ocrx_word' id='word_1_463' title='bbox 1507 3454 1560 3526; x_wconf 91' lang='lat' dir='ltr'>eis,</span> <span class='ocrx_word' id='word_1_464' title='bbox 1586 3458 1615 3512; x_wconf 91' lang='lat' dir='ltr'>ei</span> <span class='ocrx_word' id='word_1_465' title='bbox 1634 3473 1701 3513; x_wconf 93' lang='lat' dir='ltr'>cum</span> <span class='ocrx_word' id='word_1_466' title='bbox 1718 3472 1770 3530; x_wconf 91' lang='lat' dir='ltr'>po·</span> 
     </span>
     <span class='ocr_line' id='line_1_45' title="bbox 151 3526 1120 3585; baseline 0 -1"><span class='ocrx_word' id='word_1_467' title='bbox 151 3532 256 3585; x_wconf 88' lang='lat' dir='ltr'>uentae</span> <span class='ocrx_word' id='word_1_468' title='bbox 271 3526 354 3584; x_wconf 89' lang='lat' dir='ltr'>aiunt</span> <span class='ocrx_word' id='word_1_469' title='bbox 371 3543 377 3582; x_wconf 96' lang='lat'><strong>:</strong></span> <span class='ocrx_word' id='word_1_470' title='bbox 1017 3532 1065 3582; x_wconf 89' lang='lat' dir='ltr'>tea</span> <span class='ocrx_word' id='word_1_471' title='bbox 1093 3543 1120 3584; x_wconf 93' lang='lat' dir='ltr'>a.</span> 
     </span>
     <span class='ocr_line' id='line_1_46' title="bbox 60 3545 1769 3672; baseline -0.001 -15"><span class='ocrx_word' id='word_1_472' title='bbox 60 3545 149 3658; x_wconf 54' lang='lat' dir='ltr'>Ungg</span> <span class='ocrx_word' id='word_1_473' title='bbox 165 3604 228 3656; x_wconf 90' lang='lat' dir='ltr'>erat</span> <span class='ocrx_word' id='word_1_474' title='bbox 242 3596 401 3663; x_wconf 81' lang='lat' dir='ltr'>abraham,</span> <span class='ocrx_word' id='word_1_475' title='bbox 944 3597 980 3654; x_wconf 70' lang='lat' dir='ltr'>lit</span> <span class='ocrx_word' id='word_1_476' title='bbox 995 3598 1136 3670; x_wconf 73' lang='lat' dir='ltr'>dispersa</span> <span class='ocrx_word' id='word_1_477' title='bbox 1151 3603 1221 3655; x_wconf 91' lang='lat' dir='ltr'>sunt</span> <span class='ocrx_word' id='word_1_478' title='bbox 1233 3615 1299 3655; x_wconf 87' lang='lat' dir='ltr'>oves</span> <span class='ocrx_word' id='word_1_479' title='bbox 1316 3614 1397 3666; x_wconf 75' lang='lat' dir='ltr'>meas,</span> <span class='ocrx_word' id='word_1_480' title='bbox 1412 3614 1446 3654; x_wconf 92' lang='lat' dir='ltr'>so</span> <span class='ocrx_word' id='word_1_481' title='bbox 1461 3599 1536 3668; x_wconf 91' lang='lat' dir='ltr'>quod</span> <span class='ocrx_word' id='word_1_482' title='bbox 1553 3615 1609 3655; x_wconf 88' lang='lat' dir='ltr'>non</span> <span class='ocrx_word' id='word_1_483' title='bbox 1626 3602 1705 3657; x_wconf 89' lang='lat' dir='ltr'>esset</span> <span class='ocrx_word' id='word_1_484' title='bbox 1719 3616 1769 3672; x_wconf 91' lang='lat' dir='ltr'>pa·</span> 
     </span>
     <span class='ocr_line' id='line_1_47' title="bbox 99 3667 1099 3754; baseline -0.003 -26"><span class='ocrx_word' id='word_1_485' title='bbox 99 3676 130 3728; x_wconf 91' lang='lat' dir='ltr'>et</span> <span class='ocrx_word' id='word_1_486' title='bbox 144 3670 317 3728; x_wconf 74' lang='lat' dir='ltr'>haereditate</span> <span class='ocrx_word' id='word_1_487' title='bbox 333 3667 465 3754; x_wconf 87' lang='lat' dir='ltr'>possedit</span> <span class='ocrx_word' id='word_1_488' title='bbox 479 3669 588 3724; x_wconf 86' lang='lat' dir='ltr'>terram</span> <span class='ocrx_word' id='word_1_489' title='bbox 606 3682 613 3724; x_wconf 91' lang='lat'>:</span> <span class='ocrx_word' id='word_1_490' title='bbox 1018 3674 1099 3726; x_wconf 89' lang='lat' dir='ltr'>ster:</span> 
     </span>
     <span class='ocr_line' id='line_1_48' title="bbox 60 3737 1766 3814; baseline -0.002 -14"><span class='ocrx_word' id='word_1_491' title='bbox 60 3744 125 3800; x_wconf 89' lang='lat' dir='ltr'>Nos</span> <span class='ocrx_word' id='word_1_492' title='bbox 141 3747 240 3799; x_wconf 87' lang='lat' dir='ltr'>autem</span> <span class='ocrx_word' id='word_1_493' title='bbox 257 3741 341 3798; x_wconf 90' lang='lat' dir='ltr'>multi</span> <span class='ocrx_word' id='word_1_494' title='bbox 358 3739 412 3814; x_wconf 73' lang='lat' dir='ltr'>(rii.</span> <span class='ocrx_word' id='word_1_495' title='bbox 426 3737 490 3795; x_wconf 84' lang='lat' dir='ltr'>odd.</span> <span class='ocrx_word' id='word_1_496' title='bbox 507 3738 634 3809; x_wconf 85' lang='lat' dir='ltr'>somus),</span> <span class='ocrx_word' id='word_1_497' title='bbox 981 3747 1008 3797; x_wconf 88' lang='lat' dir='ltr'>ei</span> <span class='ocrx_word' id='word_1_498' title='bbox 1024 3741 1105 3796; x_wconf 83' lang='lat' dir='ltr'>lacta</span> <span class='ocrx_word' id='word_1_499' title='bbox 1116 3745 1185 3797; x_wconf 89' lang='lat' dir='ltr'>sunt</span> <span class='ocrx_word' id='word_1_500' title='bbox 1195 3741 1223 3795; x_wconf 91' lang='lat' dir='ltr'>in</span> <span class='ocrx_word' id='word_1_501' title='bbox 1235 3741 1451 3796; x_wconf 90' lang='lat' dir='ltr'>devorationem</span> <span class='ocrx_word' id='word_1_502' title='bbox 1463 3740 1593 3796; x_wconf 90' lang='lat' dir='ltr'>omniurn</span> <span class='ocrx_word' id='word_1_503' title='bbox 1606 3740 1766 3798; x_wconf 89' lang='lat' dir='ltr'>bestiarum</span> 
     </span>
     <span class='ocr_line' id='line_1_49' title="bbox 99 3809 1383 3884; baseline -0.002 -15"><span class='ocrx_word' id='word_1_504' title='bbox 99 3815 189 3871; x_wconf 91' lang='lat' dir='ltr'>nobis</span> <span class='ocrx_word' id='word_1_505' title='bbox 204 3815 271 3870; x_wconf 89' lang='lat' dir='ltr'>data</span> <span class='ocrx_word' id='word_1_506' title='bbox 285 3818 332 3871; x_wconf 91' lang='lat' dir='ltr'>est</span> <span class='ocrx_word' id='word_1_507' title='bbox 345 3815 426 3868; x_wconf 88' lang='lat' dir='ltr'>terra</span> <span class='ocrx_word' id='word_1_508' title='bbox 441 3810 470 3866; x_wconf 94' lang='lat' dir='ltr'>in</span> <span class='ocrx_word' id='word_1_509' title='bbox 487 3809 714 3884; x_wconf 84' lang='lat' dir='ltr'>possessionem.</span> <span class='ocrx_word' id='word_1_510' title='bbox 1018 3812 1090 3884; x_wconf 86' lang='lat' dir='ltr'>agri,</span> <span class='ocrx_word' id='word_1_511' title='bbox 1106 3818 1135 3867; x_wconf 91' lang='lat' dir='ltr'>et</span> <span class='ocrx_word' id='word_1_512' title='bbox 1150 3813 1287 3882; x_wconf 82' lang='lat' dir='ltr'>dispersae</span> <span class='ocrx_word' id='word_1_513' title='bbox 1303 3817 1383 3867; x_wconf 90' lang='lat' dir='ltr'>sunt.</span> 
     </span>
     <span class='ocr_line' id='line_1_50' title="bbox 62 3881 1766 3955; baseline -0.002 -14"><span class='ocrx_word' id='word_1_514' title='bbox 62 3885 179 3942; x_wconf 89' lang='lat' dir='ltr'>idcirco</span> <span class='ocrx_word' id='word_1_515' title='bbox 194 3886 273 3942; x_wconf 87' lang='lat' dir='ltr'>dices</span> <span class='ocrx_word' id='word_1_516' title='bbox 290 3885 325 3940; x_wconf 87' lang='lat' dir='ltr'>ad</span> <span class='ocrx_word' id='word_1_517' title='bbox 342 3900 393 3940; x_wconf 92' lang='lat' dir='ltr'>eos</span> <span class='ocrx_word' id='word_1_518' title='bbox 409 3899 417 3938; x_wconf 76' lang='grc' dir='ltr'><em>τ</em></span> <span class='ocrx_word' id='word_1_519' title='bbox 945 3883 1121 3940; x_wconf 83' lang='lat' dir='ltr'>Erraverunt</span> <span class='ocrx_word' id='word_1_520' title='bbox 1135 3899 1239 3955; x_wconf 87' lang='lat' dir='ltr'>greges</span> <span class='ocrx_word' id='word_1_521' title='bbox 1254 3883 1310 3937; x_wconf 92' lang='lat' dir='ltr'>mei</span> <span class='ocrx_word' id='word_1_522' title='bbox 1325 3882 1356 3937; x_wconf 93' lang='lat' dir='ltr'>in</span> <span class='ocrx_word' id='word_1_523' title='bbox 1378 3881 1493 3937; x_wconf 87' lang='lat' dir='ltr'>cunetis</span> <span class='ocrx_word' id='word_1_524' title='bbox 1517 3881 1678 3948; x_wconf 89' lang='lat' dir='ltr'>montibus,</span> <span class='ocrx_word' id='word_1_525' title='bbox 1694 3883 1766 3938; x_wconf 92' lang='lat' dir='ltr'>etin</span> 
     </span>
     <span class='ocr_line' id='line_1_51' title="bbox 63 3953 1395 4014; baseline -0.004 0"><span class='ocrx_word' id='word_1_526' title='bbox 63 3957 132 4014; x_wconf 80' lang='lat' dir='ltr'>ilaec</span> <span class='ocrx_word' id='word_1_527' title='bbox 146 3957 220 4013; x_wconf 89' lang='lat' dir='ltr'>dicit</span> <span class='ocrx_word' id='word_1_528' title='bbox 237 3956 379 4014; x_wconf 91' lang='lat' dir='ltr'>Dominus</span> <span class='ocrx_word' id='word_1_529' title='bbox 393 3954 471 4011; x_wconf 91' lang='lat' dir='ltr'>Deus</span> <span class='ocrx_word' id='word_1_530' title='bbox 487 3970 494 4008; x_wconf 76' lang='grc' dir='ltr'>ι</span> <span class='ocrx_word' id='word_1_531' title='bbox 1017 3955 1154 4010; x_wconf 88' lang='lat' dir='ltr'>universo</span> <span class='ocrx_word' id='word_1_532' title='bbox 1169 3954 1243 4010; x_wconf 90' lang='lat' dir='ltr'>colle</span> <span class='ocrx_word' id='word_1_533' title='bbox 1257 3953 1372 4009; x_wconf 82' lang='lat' dir='ltr'>excelso</span> <span class='ocrx_word' id='word_1_534' title='bbox 1388 3970 1395 4009; x_wconf 91' lang='lat'><strong>:</strong></span> 
     </span>
     <span class='ocr_line' id='line_1_52' title="bbox 99 4023 1767 4099; baseline -0.002 -15"><span class='ocrx_word' id='word_1_535' title='bbox 99 4029 157 4095; x_wconf 87' lang='lat' dir='ltr'>Qui</span> <span class='ocrx_word' id='word_1_536' title='bbox 173 4028 203 4085; x_wconf 92' lang='lat' dir='ltr'>iii</span> <span class='ocrx_word' id='word_1_537' title='bbox 221 4028 365 4098; x_wconf 79' lang='lat' dir='ltr'>sanguine</span> <span class='ocrx_word' id='word_1_538' title='bbox 379 4023 533 4082; x_wconf 82' lang='lat' dir='ltr'>comeditis</span> <span class='ocrx_word' id='word_1_539' title='bbox 550 4026 570 4091; x_wconf 89' lang='lat'>¹,</span> <span class='ocrx_word' id='word_1_540' title='bbox 980 4030 1009 4081; x_wconf 89' lang='lat' dir='ltr'>et</span> <span class='ocrx_word' id='word_1_541' title='bbox 1023 4042 1113 4099; x_wconf 90' lang='lat' dir='ltr'>super</span> <span class='ocrx_word' id='word_1_542' title='bbox 1126 4042 1244 4082; x_wconf 89' lang='lat' dir='ltr'>omnem</span> <span class='ocrx_word' id='word_1_543' title='bbox 1260 4026 1362 4080; x_wconf 90' lang='lat' dir='ltr'>laclem</span> <span class='ocrx_word' id='word_1_544' title='bbox 1378 4028 1461 4080; x_wconf 80' lang='lat' dir='ltr'>terra</span> <span class='ocrx_word' id='word_1_545' title='bbox 1476 4023 1601 4097; x_wconf 88' lang='lat' dir='ltr'>dispersi</span> <span class='ocrx_word' id='word_1_546' title='bbox 1615 4029 1685 4082; x_wconf 89' lang='lat' dir='ltr'>sunt</span> <span class='ocrx_word' id='word_1_547' title='bbox 1700 4041 1767 4099; x_wconf 88' lang='lat' dir='ltr'>gre·</span> 
     </span>
     <span class='ocr_line' id='line_1_53' title="bbox 100 4095 1153 4170; baseline -0.005 -13"><span class='ocrx_word' id='word_1_548' title='bbox 100 4108 129 4157; x_wconf 88' lang='lat' dir='ltr'>ct</span> <span class='ocrx_word' id='word_1_549' title='bbox 144 4097 247 4157; x_wconf 91' lang='lat' dir='ltr'>oculos</span> <span class='ocrx_word' id='word_1_550' title='bbox 257 4103 370 4156; x_wconf 88' lang='lat' dir='ltr'>vestroe</span> <span class='ocrx_word' id='word_1_551' title='bbox 384 4095 487 4153; x_wconf 88' lang='lat' dir='ltr'>levatis</span> <span class='ocrx_word' id='word_1_552' title='bbox 501 4096 536 4152; x_wconf 94' lang='lat' dir='ltr'>ad</span> <span class='ocrx_word' id='word_1_553' title='bbox 553 4095 759 4152; x_wconf 89' lang='lat' dir='ltr'>immunditias</span> <span class='ocrx_word' id='word_1_554' title='bbox 769 4098 892 4169; x_wconf 85' lang='lat' dir='ltr'>vestras,</span> <span class='ocrx_word' id='word_1_555' title='bbox 1017 4114 1068 4170; x_wconf 86' lang='lat' dir='ltr'>gas</span> <span class='ocrx_word' id='word_1_556' title='bbox 1084 4097 1153 4166; x_wconf 89' lang='lat' dir='ltr'>mei,</span> 
     </span>
     <span class='ocr_line' id='line_1_54' title="bbox 101 4167 1410 4255; baseline -0.004 -28"><span class='ocrx_word' id='word_1_557' title='bbox 101 4177 131 4227; x_wconf 87' lang='lat' dir='ltr'>et</span> <span class='ocrx_word' id='word_1_558' title='bbox 147 4173 322 4255; x_wconf 85' lang='lat' dir='ltr'>sanguinem</span> <span class='ocrx_word' id='word_1_559' title='bbox 340 4168 463 4226; x_wconf 81' lang='lat' dir='ltr'>tunditis</span> <span class='ocrx_word' id='word_1_560' title='bbox 478 4185 486 4225; x_wconf 93' lang='lat'><strong>:</strong></span> <span class='ocrx_word' id='word_1_561' title='bbox 982 4173 1011 4224; x_wconf 95' lang='lat' dir='ltr'>st</span> <span class='ocrx_word' id='word_1_562' title='bbox 1025 4186 1083 4226; x_wconf 91' lang='grc' dir='ltr'>ιιοο</span> <span class='ocrx_word' id='word_1_563' title='bbox 1099 4172 1161 4225; x_wconf 88' lang='lat' dir='ltr'>erat</span> <span class='ocrx_word' id='word_1_564' title='bbox 1174 4167 1225 4240; x_wconf 93' lang='lat' dir='ltr'>qui</span> <span class='ocrx_word' id='word_1_565' title='bbox 1240 4168 1410 4240; x_wconf 88' lang='lat' dir='ltr'>requireret.</span> 
     </span>
     <span class='ocr_line' id='line_1_55' title="bbox 101 4236 1529 4314; baseline -0.003 -16"><span class='ocrx_word' id='word_1_566' title='bbox 101 4244 238 4314; x_wconf 91' lang='lat' dir='ltr'>nunquid</span> <span class='ocrx_word' id='word_1_567' title='bbox 255 4247 364 4298; x_wconf 85' lang='lat' dir='ltr'>terram</span> <span class='ocrx_word' id='word_1_568' title='bbox 380 4239 550 4296; x_wconf 82' lang='lat' dir='ltr'>hereditate</span> <span class='ocrx_word' id='word_1_569' title='bbox 565 4237 778 4311; x_wconf 82' lang='lat' dir='ltr'>possidebitis?</span> <span class='ocrx_word' id='word_1_570' title='bbox 982 4257 1041 4297; x_wconf 89' lang='lat' dir='ltr'>non</span> <span class='ocrx_word' id='word_1_571' title='bbox 1056 4244 1128 4309; x_wconf 90' lang='lat' dir='ltr'>erat,</span> <span class='ocrx_word' id='word_1_572' title='bbox 1144 4240 1276 4311; x_wconf 86' lang='lat' dir='ltr'>inquam,</span> <span class='ocrx_word' id='word_1_573' title='bbox 1293 4239 1342 4310; x_wconf 90' lang='lat' dir='ltr'>qui</span> <span class='ocrx_word' id='word_1_574' title='bbox 1359 4236 1529 4310; x_wconf 87' lang='lat' dir='ltr'>requireret.</span> 
     </span>
     <span class='ocr_line' id='line_1_56' title="bbox 63 4310 1679 4395; baseline -0.002 -25"><span class='ocrx_word' id='word_1_575' title='bbox 63 4313 195 4371; x_wconf 81' lang='lat' dir='ltr'>stetistis</span> <span class='ocrx_word' id='word_1_576' title='bbox 211 4315 240 4370; x_wconf 91' lang='lat' dir='ltr'>in</span> <span class='ocrx_word' id='word_1_577' title='bbox 256 4313 362 4385; x_wconf 87' lang='lat' dir='ltr'>gladiis</span> <span class='ocrx_word' id='word_1_578' title='bbox 376 4310 491 4380; x_wconf 85' lang='lat' dir='ltr'>vestris,</span> <span class='ocrx_word' id='word_1_579' title='bbox 946 4310 1111 4385; x_wconf 84' lang='lat' dir='ltr'>Propterea,</span> <span class='ocrx_word' id='word_1_580' title='bbox 1128 4315 1271 4395; x_wconf 88' lang='lat' dir='ltr'>pastores,</span> <span class='ocrx_word' id='word_1_581' title='bbox 1287 4312 1386 4368; x_wconf 87' lang='lat' dir='ltr'>audite</span> <span class='ocrx_word' id='word_1_582' title='bbox 1400 4310 1521 4367; x_wconf 89' lang='lat' dir='ltr'>verbum</span> <span class='ocrx_word' id='word_1_583' title='bbox 1538 4311 1655 4368; x_wconf 88' lang='lat' dir='ltr'>Domini</span> <span class='ocrx_word' id='word_1_584' title='bbox 1671 4326 1679 4367; x_wconf 73' lang='grc' dir='ltr'><strong>ε</strong></span> 
     </span>
     <span class='ocr_line' id='line_1_57' title="bbox 104 4383 1451 4483; baseline -0.004 -42"><span class='ocrx_word' id='word_1_585' title='bbox 104 4385 217 4443; x_wconf 87' lang='lat' dir='ltr'>lecistis</span> <span class='ocrx_word' id='word_1_586' title='bbox 230 4383 476 4450; x_wconf 89' lang='lat' dir='ltr'>abominationes,</span> <span class='ocrx_word' id='word_1_587' title='bbox 906 4383 1017 4483; x_wconf 61' lang='lat' dir='ltr'>„Viro</span> <span class='ocrx_word' id='word_1_588' title='bbox 1032 4401 1095 4458; x_wconf 90' lang='lat' dir='ltr'>ego,</span> <span class='ocrx_word' id='word_1_589' title='bbox 1111 4384 1182 4439; x_wconf 86' lang='lat' dir='ltr'>droit</span> <span class='ocrx_word' id='word_1_590' title='bbox 1197 4383 1338 4439; x_wconf 85' lang='lat' dir='ltr'>Dominus</span> <span class='ocrx_word' id='word_1_591' title='bbox 1353 4384 1430 4438; x_wconf 87' lang='lat' dir='ltr'>Deus</span> <span class='ocrx_word' id='word_1_592' title='bbox 1445 4398 1451 4436; x_wconf 94' lang='lat'><strong>:</strong></span> 
     </span>
     <span class='ocr_line' id='line_1_58' title="bbox 101 4451 1768 4536; baseline -0.002 -23"><span class='ocrx_word' id='word_1_593' title='bbox 101 4462 132 4513; x_wconf 91' lang='lat' dir='ltr'>et</span> <span class='ocrx_word' id='word_1_594' title='bbox 149 4457 356 4530; x_wconf 89' lang='lat' dir='ltr'>unusquisque</span> <span class='ocrx_word' id='word_1_595' title='bbox 371 4469 491 4512; x_wconf 87' lang='lat' dir='ltr'>uxorein</span> <span class='ocrx_word' id='word_1_596' title='bbox 507 4451 632 4536; x_wconf 77' lang='lat' dir='ltr'>proximi</span> <span class='ocrx_word' id='word_1_597' title='bbox 648 4452 694 4509; x_wconf 90' lang='lat' dir='ltr'>aui</span> <span class='ocrx_word' id='word_1_598' title='bbox 709 4452 815 4526; x_wconf 90' lang='lat' dir='ltr'>polluit</span> <span class='ocrx_word' id='word_1_599' title='bbox 831 4471 838 4513; x_wconf 73' lang='grc' dir='ltr'>ι</span> <span class='ocrx_word' id='word_1_600' title='bbox 982 4456 1052 4528; x_wconf 88' lang='lat' dir='ltr'>quia</span> <span class='ocrx_word' id='word_1_601' title='bbox 1066 4472 1119 4528; x_wconf 91' lang='lat' dir='ltr'>pro</span> <span class='ocrx_word' id='word_1_602' title='bbox 1134 4471 1167 4510; x_wconf 92' lang='lat' dir='ltr'>ec</span> <span class='ocrx_word' id='word_1_603' title='bbox 1183 4455 1260 4527; x_wconf 92' lang='lat' dir='ltr'>quod</span> <span class='ocrx_word' id='word_1_604' title='bbox 1278 4455 1346 4511; x_wconf 86' lang='lat' dir='ltr'>lasti</span> <span class='ocrx_word' id='word_1_605' title='bbox 1362 4457 1432 4511; x_wconf 88' lang='lat' dir='ltr'>sunt</span> <span class='ocrx_word' id='word_1_606' title='bbox 1456 4468 1560 4526; x_wconf 81' lang='lat' dir='ltr'>greges</span> <span class='ocrx_word' id='word_1_607' title='bbox 1574 4455 1629 4510; x_wconf 88' lang='lat' dir='ltr'>mai</span> <span class='ocrx_word' id='word_1_608' title='bbox 1643 4455 1673 4510; x_wconf 91' lang='lat' dir='ltr'>ib</span> <span class='ocrx_word' id='word_1_609' title='bbox 1688 4454 1768 4530; x_wconf 90' lang='lat' dir='ltr'>rapi·</span> 
     </span>
     <span class='ocr_line' id='line_1_59' title="bbox 102 4523 1119 4599; baseline -0.009 -14"><span class='ocrx_word' id='word_1_610' title='bbox 102 4533 132 4585; x_wconf 88' lang='lat' dir='ltr'>et</span> <span class='ocrx_word' id='word_1_611' title='bbox 146 4534 256 4585; x_wconf 89' lang='lat' dir='ltr'>terram</span> <span class='ocrx_word' id='word_1_612' title='bbox 271 4527 439 4583; x_wconf 76' lang='lat' dir='ltr'>hereditate</span> <span class='ocrx_word' id='word_1_613' title='bbox 452 4523 668 4599; x_wconf 78' lang='lat' dir='ltr'>possidebitis?</span> <span class='ocrx_word' id='word_1_614' title='bbox 1018 4543 1084 4583; x_wconf 78' lang='lat' dir='ltr'>nam</span> <span class='ocrx_word' id='word_1_615' title='bbox 1098 4528 1119 4597; x_wconf 75' lang='lat'>¹,</span> 
     </span>
     <span class='ocr_line' id='line_1_60' title="bbox 64 4595 1768 4657; baseline 0.001 -2"><span class='ocrx_word' id='word_1_616' title='bbox 64 4605 133 4657; x_wconf 81' lang='lat' dir='ltr'>llaec</span> <span class='ocrx_word' id='word_1_617' title='bbox 148 4600 229 4657; x_wconf 88' lang='lat' dir='ltr'>dices</span> <span class='ocrx_word' id='word_1_618' title='bbox 244 4600 280 4655; x_wconf 86' lang='lat' dir='ltr'>ad</span> <span class='ocrx_word' id='word_1_619' title='bbox 295 4614 346 4656; x_wconf 90' lang='lat' dir='ltr'>eos</span> <span class='ocrx_word' id='word_1_620' title='bbox 362 4614 369 4654; x_wconf 96' lang='lat'><strong>:</strong></span> <span class='ocrx_word' id='word_1_621' title='bbox 981 4603 1009 4654; x_wconf 88' lang='lat' dir='ltr'>et</span> <span class='ocrx_word' id='word_1_622' title='bbox 1025 4615 1094 4655; x_wconf 88' lang='lat' dir='ltr'>oves</span> <span class='ocrx_word' id='word_1_623' title='bbox 1105 4613 1178 4654; x_wconf 82' lang='lat' dir='ltr'>meae</span> <span class='ocrx_word' id='word_1_624' title='bbox 1188 4597 1218 4653; x_wconf 92' lang='lat' dir='ltr'>in</span> <span class='ocrx_word' id='word_1_625' title='bbox 1233 4597 1448 4654; x_wconf 90' lang='lat' dir='ltr'>devorationem</span> <span class='ocrx_word' id='word_1_626' title='bbox 1460 4595 1594 4652; x_wconf 90' lang='lat' dir='ltr'>omnium</span> <span class='ocrx_word' id='word_1_627' title='bbox 1606 4597 1768 4656; x_wconf 92' lang='lat' dir='ltr'>bestiarum</span> 
     </span>
     <span class='ocr_line' id='line_1_61' title="bbox 102 4669 1092 4741; baseline -0.002 -15"><span class='ocrx_word' id='word_1_628' title='bbox 102 4672 150 4727; x_wconf 79' lang='lat' dir='ltr'>Sic</span> <span class='ocrx_word' id='word_1_629' title='bbox 165 4671 238 4727; x_wconf 86' lang='lat' dir='ltr'>dicit</span> <span class='ocrx_word' id='word_1_630' title='bbox 252 4669 395 4727; x_wconf 88' lang='lat' dir='ltr'>Dominus</span> <span class='ocrx_word' id='word_1_631' title='bbox 409 4673 487 4726; x_wconf 87' lang='lat' dir='ltr'>Deua</span> <span class='ocrx_word' id='word_1_632' title='bbox 504 4683 511 4722; x_wconf 93' lang='lat'><strong>:</strong></span> <span class='ocrx_word' id='word_1_633' title='bbox 1016 4669 1092 4741; x_wconf 82' lang='lat' dir='ltr'>agri,</span> 
     </span>
     <span class='ocr_line' id='line_1_62' title="bbox 65 4734 1415 4814; baseline -0.004 -14"><span class='ocrx_word' id='word_1_634' title='bbox 65 4744 136 4800; x_wconf 82' lang='lat' dir='ltr'>Vivo</span> <span class='ocrx_word' id='word_1_635' title='bbox 152 4759 215 4810; x_wconf 84' lang='lat' dir='ltr'>aiio,</span> <span class='ocrx_word' id='word_1_636' title='bbox 232 4742 302 4814; x_wconf 90' lang='lat' dir='ltr'>quia</span> <span class='ocrx_word' id='word_1_637' title='bbox 316 4741 367 4814; x_wconf 93' lang='lat' dir='ltr'>qui</span> <span class='ocrx_word' id='word_1_638' title='bbox 382 4740 412 4796; x_wconf 90' lang='lat' dir='ltr'>iu</span> <span class='ocrx_word' id='word_1_639' title='bbox 428 4736 556 4796; x_wconf 88' lang='lat' dir='ltr'>ruinosis</span> <span class='ocrx_word' id='word_1_640' title='bbox 570 4734 714 4805; x_wconf 84' lang='lat' dir='ltr'>habitant,</span> <span class='ocrx_word' id='word_1_641' title='bbox 981 4757 1015 4798; x_wconf 91' lang='lat' dir='ltr'>eo</span> <span class='ocrx_word' id='word_1_642' title='bbox 1029 4742 1106 4813; x_wconf 90' lang='lat' dir='ltr'>quod</span> <span class='ocrx_word' id='word_1_643' title='bbox 1123 4756 1180 4796; x_wconf 91' lang='lat' dir='ltr'>non</span> <span class='ocrx_word' id='word_1_644' title='bbox 1197 4743 1276 4796; x_wconf 90' lang='lat' dir='ltr'>asset</span> <span class='ocrx_word' id='word_1_645' title='bbox 1290 4742 1392 4812; x_wconf 91' lang='lat' dir='ltr'>pastor</span> <span class='ocrx_word' id='word_1_646' title='bbox 1408 4755 1415 4794; x_wconf 91' lang='lat'>:</span> 
     </span>
     <span class='ocr_line' id='line_1_63' title="bbox 103 4811 1887 4887; baseline -0.001 -17"><span class='ocrx_word' id='word_1_647' title='bbox 103 4814 205 4887; x_wconf 88' lang='lat' dir='ltr'>gladio</span> <span class='ocrx_word' id='word_1_648' title='bbox 220 4815 328 4871; x_wconf 89' lang='lat' dir='ltr'>cadent</span> <span class='ocrx_word' id='word_1_649' title='bbox 343 4831 350 4870; x_wconf 89' lang='lat'>:</span> <span class='ocrx_word' id='word_1_650' title='bbox 944 4811 1044 4885; x_wconf 86' lang='lat' dir='ltr'>Neque</span> <span class='ocrx_word' id='word_1_651' title='bbox 1059 4813 1136 4869; x_wconf 92' lang='lat' dir='ltr'>enim</span> <span class='ocrx_word' id='word_1_652' title='bbox 1152 4811 1333 4884; x_wconf 77' lang='lat' dir='ltr'>quesierunt</span> <span class='ocrx_word' id='word_1_653' title='bbox 1343 4815 1473 4884; x_wconf 88' lang='lat' dir='ltr'>pastores</span> <span class='ocrx_word' id='word_1_654' title='bbox 1489 4811 1545 4867; x_wconf 89' lang='lat' dir='ltr'>mei</span> <span class='ocrx_word' id='word_1_655' title='bbox 1560 4811 1691 4882; x_wconf 75' lang='lat' dir='ltr'>(Atlocet</span> <span class='ocrx_word' id='word_1_656' title='bbox 1701 4813 1769 4886; x_wconf 90' lang='lat' dir='ltr'>mei)</span> <span class='ocrx_word' id='word_1_657' title='bbox 1878 4842 1887 4859; x_wconf 71' lang='grc' dir='ltr'>ι</span> 
     </span>
     <span class='ocr_line' id='line_1_64' title="bbox 104 4884 1261 5011; baseline -0.003 -69"><span class='ocrx_word' id='word_1_658' title='bbox 104 4891 135 4943; x_wconf 89' lang='lat' dir='ltr'>et</span> <span class='ocrx_word' id='word_1_659' title='bbox 150 4884 245 4956; x_wconf 90' lang='lat' dir='ltr'>quiin</span> <span class='ocrx_word' id='word_1_660' title='bbox 262 4901 331 4955; x_wconf 81' lang='lat' dir='ltr'>agro</span> <span class='ocrx_word' id='word_1_661' title='bbox 346 4886 400 4951; x_wconf 86' lang='lat' dir='ltr'>est,</span> <span class='ocrx_word' id='word_1_662' title='bbox 1016 4900 1134 5011; x_wconf 53' lang='lat' dir='ltr'>gregem</span> <span class='ocrx_word' id='word_1_663' title='bbox 1151 4898 1261 4950; x_wconf 90' lang='lat' dir='ltr'>meum,</span> 
     </span>
     <span class='ocr_line' id='line_1_65' title="bbox 102 4953 1556 5027; baseline -0.002 -14"><span class='ocrx_word' id='word_1_664' title='bbox 102 4957 209 5014; x_wconf 91' lang='lat' dir='ltr'>bestiis</span> <span class='ocrx_word' id='word_1_665' title='bbox 224 4961 357 5012; x_wconf 88' lang='lat' dir='ltr'>tradetur</span> <span class='ocrx_word' id='word_1_666' title='bbox 371 4955 406 5010; x_wconf 88' lang='lat' dir='ltr'>ad</span> <span class='ocrx_word' id='word_1_667' title='bbox 422 4953 621 5009; x_wconf 83' lang='lat' dir='ltr'>devorandum</span> <span class='ocrx_word' id='word_1_668' title='bbox 636 4967 643 5006; x_wconf 75' lang='grc' dir='ltr'><strong><em>ε</em></strong></span> <span class='ocrx_word' id='word_1_669' title='bbox 982 4970 1014 5011; x_wconf 91' lang='lat' dir='ltr'>so</span> <span class='ocrx_word' id='word_1_670' title='bbox 1052 4955 1210 5027; x_wconf 87' lang='lat' dir='ltr'>pascebant</span> <span class='ocrx_word' id='word_1_671' title='bbox 1223 4957 1356 5025; x_wconf 88' lang='lat' dir='ltr'>pastores</span> <span class='ocrx_word' id='word_1_672' title='bbox 1369 4953 1556 5025; x_wconf 81' lang='lat' dir='ltr'>semetipsos.</span> 
     </span>
     <span class='ocr_line' id='line_1_66' title="bbox 63 5023 1663 5101; baseline -0.003 -17"><span class='ocrx_word' id='word_1_673' title='bbox 63 5030 119 5096; x_wconf 85' lang='lat' dir='ltr'>Qui</span> <span class='ocrx_word' id='word_1_674' title='bbox 136 5034 237 5085; x_wconf 90' lang='lat' dir='ltr'>antem</span> <span class='ocrx_word' id='word_1_675' title='bbox 253 5028 282 5083; x_wconf 95' lang='lat' dir='ltr'>in</span> <span class='ocrx_word' id='word_1_676' title='bbox 300 5025 445 5101; x_wconf 78' lang='lat' dir='ltr'>presidiis</span> <span class='ocrx_word' id='word_1_677' title='bbox 460 5028 489 5081; x_wconf 88' lang='lat' dir='ltr'>et</span> <span class='ocrx_word' id='word_1_678' title='bbox 501 5024 532 5081; x_wconf 89' lang='lat' dir='ltr'>la</span> <span class='ocrx_word' id='word_1_679' title='bbox 547 5023 699 5098; x_wconf 88' lang='lat' dir='ltr'>speluncis</span> <span class='ocrx_word' id='word_1_680' title='bbox 715 5027 795 5095; x_wconf 89' lang='lat' dir='ltr'>sunt,</span> <span class='ocrx_word' id='word_1_681' title='bbox 946 5026 1113 5101; x_wconf 88' lang='lat' dir='ltr'>Propterea,</span> <span class='ocrx_word' id='word_1_682' title='bbox 1128 5031 1271 5098; x_wconf 84' lang='lat' dir='ltr'>pastores,</span> <span class='ocrx_word' id='word_1_683' title='bbox 1285 5024 1383 5081; x_wconf 89' lang='lat' dir='ltr'>audite</span> <span class='ocrx_word' id='word_1_684' title='bbox 1397 5026 1519 5082; x_wconf 86' lang='lat' dir='ltr'>verbum</span> <span class='ocrx_word' id='word_1_685' title='bbox 1534 5025 1663 5093; x_wconf 91' lang='lat' dir='ltr'>Domini,</span> 
     </span>
     <span class='ocr_line' id='line_1_67' title="bbox 101 5096 1368 5174; baseline -0.005 -16"><span class='ocrx_word' id='word_1_686' title='bbox 101 5106 187 5174; x_wconf 86' lang='lat' dir='ltr'>peste</span> <span class='ocrx_word' id='word_1_687' title='bbox 204 5098 376 5157; x_wconf 83' lang='lat' dir='ltr'>morientur.</span> <span class='ocrx_word' id='word_1_688' title='bbox 948 5097 1014 5157; x_wconf 80' lang='lat' dir='ltr'>Hac</span> <span class='ocrx_word' id='word_1_689' title='bbox 1025 5096 1252 5155; x_wconf 85' lang='lat' dir='ltr'>dicitDominue</span> <span class='ocrx_word' id='word_1_690' title='bbox 1267 5096 1344 5153; x_wconf 90' lang='lat' dir='ltr'>Deus</span> <span class='ocrx_word' id='word_1_691' title='bbox 1361 5113 1368 5152; x_wconf 93' lang='lat'><strong>:</strong></span> 
     </span>
    </p>
   </div>
   <div class='ocr_carea' id='block_1_6' title="bbox 64 5305 1774 5526">
    <p class='ocr_par' dir='ltr' id='par_1_6' title="bbox 64 5305 1774 5526">
     <span class='ocr_line' id='line_1_68' title="bbox 102 5305 1773 5382; baseline -0.004 -12"><span class='ocrx_word' id='word_1_692' title='bbox 102 5315 111 5350; x_wconf 87' lang='lat'>¹</span> <span class='ocrx_word' id='word_1_693' title='bbox 127 5314 192 5371; x_wconf 86' lang='lat' dir='ltr'>Huc</span> <span class='ocrx_word' id='word_1_694' title='bbox 207 5313 297 5370; x_wconf 90' lang='lat' dir='ltr'>relert</span> <span class='ocrx_word' id='word_1_695' title='bbox 319 5311 435 5382; x_wconf 74' lang='lat' dir='ltr'>insigne</span> <span class='ocrx_word' id='word_1_696' title='bbox 456 5310 486 5367; x_wconf 84' lang='lat' dir='ltr'>S.</span> <span class='ocrx_word' id='word_1_697' title='bbox 509 5307 604 5366; x_wconf 85' lang='lat' dir='ltr'>Patris</span> <span class='ocrx_word' id='word_1_698' title='bbox 628 5308 833 5367; x_wconf 88' lang='lat' dir='ltr'>testimoniam</span> <span class='ocrx_word' id='word_1_699' title='bbox 858 5311 895 5367; x_wconf 88' lang='lat' dir='ltr'>da</span> <span class='ocrx_word' id='word_1_700' title='bbox 949 5311 1018 5366; x_wconf 81' lang='lat' dir='ltr'>Deus</span> <span class='ocrx_word' id='word_1_701' title='bbox 1033 5325 1042 5364; x_wconf 88' lang='lat'>.·</span> <span class='ocrx_word' id='word_1_702' title='bbox 1058 5309 1088 5363; x_wconf 87' lang='lat' dir='ltr'>ia</span> <span class='ocrx_word' id='word_1_703' title='bbox 1105 5308 1179 5365; x_wconf 84' lang='lat' dir='ltr'>LXX</span> <span class='ocrx_word' id='word_1_704' title='bbox 1195 5324 1253 5364; x_wconf 89' lang='grc' dir='ltr'>οοο</span> <span class='ocrx_word' id='word_1_705' title='bbox 1276 5308 1430 5364; x_wconf 86' lang='lat' dir='ltr'>habentur.</span> <span class='ocrx_word' id='word_1_706' title='bbox 1447 5328 1461 5358; x_wconf 74' lang='grc' dir='ltr'>»ι</span> <span class='ocrx_word' id='word_1_707' title='bbox 1478 5305 1625 5362; x_wconf 88' lang='lat' dir='ltr'>Nimirum</span> <span class='ocrx_word' id='word_1_708' title='bbox 1650 5305 1773 5363; x_wconf 87' lang='lat' dir='ltr'>totidem</span> 
     </span>
     <span class='ocr_line' id='line_1_69' title="bbox 64 5377 1774 5456; baseline -0.003 -15"><span class='ocrx_word' id='word_1_709' title='bbox 64 5384 157 5441; x_wconf 83' lang='lat' dir='ltr'>reteri</span> <span class='ocrx_word' id='word_1_710' title='bbox 172 5400 312 5441; x_wconf 83' lang='lat' dir='ltr'>versuum</span> <span class='ocrx_word' id='word_1_711' title='bbox 334 5381 492 5456; x_wconf 84' lang='lat' dir='ltr'>partitione</span> <span class='ocrx_word' id='word_1_712' title='bbox 507 5397 542 5437; x_wconf 83' lang='lat' dir='ltr'>ex</span> <span class='ocrx_word' id='word_1_713' title='bbox 556 5381 620 5453; x_wconf 82' lang='lat' dir='ltr'>ejus</span> <span class='ocrx_word' id='word_1_714' title='bbox 635 5382 849 5438; x_wconf 80' lang='lat' dir='ltr'>Commentario</span> <span class='ocrx_word' id='word_1_715' title='bbox 864 5383 894 5438; x_wconf 90' lang='lat' dir='ltr'>iu</span> <span class='ocrx_word' id='word_1_716' title='bbox 949 5381 979 5438; x_wconf 85' lang='lat' dir='ltr'>iii</span> <span class='ocrx_word' id='word_1_717' title='bbox 990 5381 1044 5436; x_wconf 86' lang='lat' dir='ltr'>bae</span> <span class='ocrx_word' id='word_1_718' title='bbox 1055 5379 1183 5437; x_wconf 92' lang='lat' dir='ltr'>editions</span> <span class='ocrx_word' id='word_1_719' title='bbox 1192 5383 1294 5436; x_wconf 89' lang='lat' dir='ltr'>nostra</span> <span class='ocrx_word' id='word_1_720' title='bbox 1299 5377 1559 5450; x_wconf 75' lang='lat' dir='ltr'>juxtailiaronymi</span> <span class='ocrx_word' id='word_1_721' title='bbox 1571 5377 1774 5436; x_wconf 80' lang='lat' dir='ltr'>recensionem</span> 
     </span>
     <span class='ocr_line' id='line_1_70' title="bbox 66 5451 1307 5526; baseline -0.006 -13"><span class='ocrx_word' id='word_1_722' title='bbox 66 5457 149 5513; x_wconf 89' lang='lat' dir='ltr'>buno</span> <span class='ocrx_word' id='word_1_723' title='bbox 164 5456 261 5512; x_wconf 91' lang='lat' dir='ltr'>locum</span> <span class='ocrx_word' id='word_1_724' title='bbox 278 5472 285 5511; x_wconf 92' lang='lat'>:</span> <span class='ocrx_word' id='word_1_725' title='bbox 302 5477 317 5506; x_wconf 79' lang='lat' dir='ltr'>a</span> <span class='ocrx_word' id='word_1_726' title='bbox 340 5454 498 5511; x_wconf 83' lang='lat' dir='ltr'>Sciendum</span> <span class='ocrx_word' id='word_1_727' title='bbox 524 5457 578 5519; x_wconf 90' lang='lat' dir='ltr'>est,</span> <span class='ocrx_word' id='word_1_728' title='bbox 600 5453 707 5526; x_wconf 89' lang='lat' dir='ltr'>inquil,</span> <span class='ocrx_word' id='word_1_729' title='bbox 732 5454 810 5524; x_wconf 90' lang='lat' dir='ltr'>quod</span> <span class='ocrx_word' id='word_1_730' title='bbox 825 5468 896 5510; x_wconf 89' lang='lat' dir='ltr'>ocro</span> <span class='ocrx_word' id='word_1_731' title='bbox 949 5451 1087 5510; x_wconf 84' lang='lat' dir='ltr'>versiculi</span> <span class='ocrx_word' id='word_1_732' title='bbox 1102 5454 1307 5508; x_wconf 85' lang='lat' dir='ltr'>numerantur.</span> 
     </span>
    </p>
   </div>
   <div class='ocr_carea' id='block_1_7' title="bbox 67 5517 1776 5823">
    <p class='ocr_par' dir='ltr' id='par_1_7' title="bbox 67 5517 1776 5823">
     <span class='ocr_line' id='line_1_71' title="bbox 67 5517 1776 5647; baseline -0.004 -64"><span class='ocrx_word' id='word_1_733' title='bbox 67 5528 137 5600; x_wconf 91' lang='lat' dir='ltr'>plue</span> <span class='ocrx_word' id='word_1_734' title='bbox 154 5527 201 5584; x_wconf 89' lang='lat' dir='ltr'>val</span> <span class='ocrx_word' id='word_1_735' title='bbox 217 5528 316 5583; x_wconf 82' lang='lat' dir='ltr'>mines</span> <span class='ocrx_word' id='word_1_736' title='bbox 331 5543 433 5583; x_wconf 87' lang='lat' dir='ltr'>versus</span> <span class='ocrx_word' id='word_1_737' title='bbox 449 5526 484 5580; x_wconf 92' lang='lat' dir='ltr'>ab</span> <span class='ocrx_word' id='word_1_738' title='bbox 499 5538 533 5581; x_wconf 87' lang='lat' dir='ltr'>eo</span> <span class='ocrx_word' id='word_1_739' title='bbox 548 5522 611 5580; x_wconf 91' lang='lat' dir='ltr'>loco</span> <span class='ocrx_word' id='word_1_740' title='bbox 626 5540 715 5597; x_wconf 92' lang='lat' dir='ltr'>quem</span> <span class='ocrx_word' id='word_1_741' title='bbox 727 5525 895 5596; x_wconf 86' lang='lat' dir='ltr'>posuimus:</span> <span class='ocrx_word' id='word_1_742' title='bbox 986 5524 1084 5582; x_wconf 75' lang='lat' dir='ltr'>*illes</span> <span class='ocrx_word' id='word_1_743' title='bbox 1102 5524 1204 5598; x_wconf 90' lang='lat' dir='ltr'>legunt</span> <span class='ocrx_word' id='word_1_744' title='bbox 1227 5526 1339 5647; x_wconf 59' lang='lat' dir='ltr'>absque</span> <span class='ocrx_word' id='word_1_745' title='bbox 1362 5520 1411 5576; x_wconf 92' lang='lat' dir='ltr'>iiio</span> <span class='ocrx_word' id='word_1_746' title='bbox 1439 5517 1621 5590; x_wconf 89' lang='lat' dir='ltr'>pronomine,</span> <span class='ocrx_word' id='word_1_747' title='bbox 1636 5534 1730 5589; x_wconf 73' lang='lat' dir='ltr'>prope:</span> <span class='ocrx_word' id='word_1_748' title='bbox 1745 5522 1776 5576; x_wconf 84' lang='lat' dir='ltr'>ia</span> 
     </span>
     <span class='ocr_line' id='line_1_72' title="bbox 69 5593 1776 5673; baseline -0.005 -19"><span class='ocrx_word' id='word_1_749' title='bbox 69 5601 127 5669; x_wconf 80' lang='lat' dir='ltr'>oui</span> <span class='ocrx_word' id='word_1_750' title='bbox 142 5600 173 5654; x_wconf 83' lang='lat' dir='ltr'>in</span> <span class='ocrx_word' id='word_1_751' title='bbox 186 5595 484 5667; x_wconf 54' lang='lat' dir='ltr'>saepememoratus,</span> <span class='ocrx_word' id='word_1_752' title='bbox 507 5602 534 5652; x_wconf 84' lang='lat' dir='ltr'>st</span> <span class='ocrx_word' id='word_1_753' title='bbox 556 5595 650 5652; x_wconf 80' lang='lat' dir='ltr'>ocutos</span> <span class='ocrx_word' id='word_1_754' title='bbox 671 5605 772 5653; x_wconf 79' lang='lat' dir='ltr'>cestros</span> <span class='ocrx_word' id='word_1_755' title='bbox 797 5599 900 5661; x_wconf 64' lang='lat' dir='ltr'>meotis</span> <span class='ocrx_word' id='word_1_756' title='bbox 952 5597 1092 5669; x_wconf 83' lang='lat' dir='ltr'>rapinam.</span> <span class='ocrx_word' id='word_1_757' title='bbox 1109 5600 1237 5653; x_wconf 73' lang='lat' dir='ltr'>iliam—</span> <span class='ocrx_word' id='word_1_758' title='bbox 1251 5600 1290 5651; x_wconf 83' lang='lat' dir='ltr'>Pa</span> <span class='ocrx_word' id='word_1_759' title='bbox 1304 5593 1402 5648; x_wconf 86' lang='lat' dir='ltr'>atinus</span> <span class='ocrx_word' id='word_1_760' title='bbox 1416 5603 1605 5673; x_wconf 24' lang='lat' dir='ltr'>quaquamst</span> <span class='ocrx_word' id='word_1_761' title='bbox 1616 5606 1776 5672; x_wconf 73' lang='lat' dir='ltr'>pronomen</span> 
     </span>
     <span class='ocr_line' id='line_1_73' title="bbox 67 5660 1775 5742; baseline -0.006 -14"><span class='ocrx_word' id='word_1_762' title='bbox 67 5674 106 5729; x_wconf 80' lang='lat' dir='ltr'>od</span> <span class='ocrx_word' id='word_1_763' title='bbox 121 5669 320 5728; x_wconf 82' lang='lat' dir='ltr'>immunditias</span> <span class='ocrx_word' id='word_1_764' title='bbox 332 5673 447 5735; x_wconf 84' lang='lat' dir='ltr'>vestros,</span> <span class='ocrx_word' id='word_1_765' title='bbox 477 5683 570 5739; x_wconf 92' lang='lat' dir='ltr'>usque</span> <span class='ocrx_word' id='word_1_766' title='bbox 590 5668 625 5723; x_wconf 90' lang='lat' dir='ltr'>ad</span> <span class='ocrx_word' id='word_1_767' title='bbox 649 5683 714 5723; x_wconf 90' lang='lat' dir='ltr'>eum</span> <span class='ocrx_word' id='word_1_768' title='bbox 732 5667 827 5737; x_wconf 82' lang='lat' dir='ltr'>lecum</span> <span class='ocrx_word' id='word_1_769' title='bbox 845 5670 899 5729; x_wconf 92' lang='lat' dir='ltr'>ubi</span> <span class='ocrx_word' id='word_1_770' title='bbox 953 5672 1017 5741; x_wconf 80' lang='lat' dir='ltr'>met,</span> <span class='ocrx_word' id='word_1_771' title='bbox 1036 5668 1151 5742; x_wconf 79' lang='lat' dir='ltr'>reticet,</span> <span class='ocrx_word' id='word_1_772' title='bbox 1166 5669 1247 5740; x_wconf 88' lang='lat' dir='ltr'>quod</span> <span class='ocrx_word' id='word_1_773' title='bbox 1260 5672 1305 5727; x_wconf 87' lang='lat' dir='ltr'>eet</span> <span class='ocrx_word' id='word_1_774' title='bbox 1320 5672 1417 5722; x_wconf 84' lang='lat' dir='ltr'>lamen</span> <span class='ocrx_word' id='word_1_775' title='bbox 1431 5678 1459 5717; x_wconf 89' lang='lat' dir='ltr'>iu</span> <span class='ocrx_word' id='word_1_776' title='bbox 1475 5660 1666 5732; x_wconf 80' lang='lat' dir='ltr'>originalibus</span> <span class='ocrx_word' id='word_1_777' title='bbox 1681 5662 1775 5718; x_wconf 84' lang='lat' dir='ltr'>libris.</span> 
     </span>
     <span class='ocr_line' id='line_1_74' title="bbox 69 5738 902 5823; baseline -0.005 -22"><span class='ocrx_word' id='word_1_778' title='bbox 69 5743 217 5817; x_wconf 87' lang='lat' dir='ltr'>seriptum</span> <span class='ocrx_word' id='word_1_779' title='bbox 234 5746 302 5799; x_wconf 88' lang='lat' dir='ltr'>est:</span> <span class='ocrx_word' id='word_1_780' title='bbox 319 5740 382 5800; x_wconf 78' lang='lat' dir='ltr'>liaec</span> <span class='ocrx_word' id='word_1_781' title='bbox 395 5738 467 5796; x_wconf 77' lang='lat' dir='ltr'>daces</span> <span class='ocrx_word' id='word_1_782' title='bbox 480 5739 516 5796; x_wconf 82' lang='lat' dir='ltr'>od</span> <span class='ocrx_word' id='word_1_783' title='bbox 529 5755 593 5798; x_wconf 77' lang='lat' dir='ltr'>roe:</span> <span class='ocrx_word' id='word_1_784' title='bbox 608 5738 654 5796; x_wconf 81' lang='lat' dir='ltr'>Sic</span> <span class='ocrx_word' id='word_1_785' title='bbox 676 5738 742 5797; x_wconf 76' lang='lat' dir='ltr'>diat</span> <span class='ocrx_word' id='word_1_786' title='bbox 758 5746 902 5823; x_wconf 57' lang='lat' dir='ltr'>Dominam</span> 
     </span>
    </p>
   </div>
   <div class='ocr_carea' id='block_1_8' title="bbox 0 0 1961 6116">
    <p class='ocr_par' dir='ltr' id='par_1_8' title="bbox 0 0 1961 6116">
     <span class='ocr_line' id='line_1_75' title="bbox 0 0 1961 6116; baseline 0 0"><span class='ocrx_word' id='word_1_787' title='bbox 0 0 1961 6116; x_wconf 95' lang='lat' dir='ltr'> </span> 
     </span>
    </p>
   </div>
  </div>
 </body>
</html>
