3878 6150
90 172 145 271 nee
684 218 791 279 amsa
809 218 977 274 cassurae
995 214 1208 271 caessara.

90 340 125 399 tlt
136 338 249 413 innuit
262 337 307 397 eis
320 337 458 397 Godollas
488 338 569 396 lilius
582 340 705 399 Abicam
720 340 773 399 lilii
787 341 918 416 saphan,
932 341 960 411 A
974 339 1038 398 Noli
1053 337 1186 397 occidere
1200 352 1255 395 nos
1271 355 1278 395 :

125 417 156 469 et
170 411 330 469 vomitibus
344 426 456 479 eorum,
472 410 574 468 dicens
589 429 595 469 :
1009 412 1080 485 quia
1094 410 1239 466 babemus
1256 409 1411 467 thesauros
1426 410 1457 466 in
1472 426 1553 485 agro,

90 484 187 541 Nolite
201 483 305 540 timere
320 483 429 540 servire
444 482 599 547 Gbaldeis,
1009 482 1161 549 frumenti,
1176 487 1206 538 et
1219 481 1334 553 hordei,
1350 486 1379 538 et
1393 481 1460 552 olei,
1477 490 1505 541 et
1521 489 1627 548 mollia,

125 554 257 612 habitate
272 555 301 609 in
318 561 407 621 terra,
422 559 452 610 et
466 557 572 611 servite
587 556 646 629 regi
664 554 829 628 Babylonis,
973 557 1008 614 Et
1020 555 1157 623 cessavit,

124 635 155 683 et
171 629 245 681 bene
261 627 316 681 erit
330 627 421 681 vobis.
1008 633 1037 684 et
1050 642 1108 682 non
1124 624 1269 681 interfecit
1283 640 1334 681 eos
1344 640 1412 681 cum
1427 626 1567 687 iratribus
1582 632 1655 690 suls.

90 699 163 755 eece
179 713 233 770 ego
248 697 351 753 babilo
362 700 391 753 iu
409 696 556 769 Maspbat,
974 700 1068 757 Lacus
1084 697 1231 769 antemio
1246 712 1334 768 quem
1351 698 1506 769 projecerit
1519 702 1624 760 ismael
1639 703 1740 761 omnia
1754 720 1800 760 oa·

128 775 161 826 ut
176 769 369 894 respondgem
386 775 530 842 precepto
545 768 757 839 Choldaeorum,
774 769 826 843 qui
848 769 919 827 mit·
1044 771 1151 896 {lacera
1164 772 1294 824 virorum
1310 785 1385 840 quos
1399 774 1546 841 percussit
1560 783 1680 849 propter
1703 775 1800 832 Godo-

162 847 298 897 lunturu
335 856 414 896 nos:
1058 840 1127 895 iam.

90 914 149 971 Vos
179 917 278 967 autern
307 912 436 983 colligite
464 911 654 981 vindemiam,
668 917 699 969 et
727 928 865 983 messem,
891 917 921 968 et
1009 912 1229 986 ipseesl,quem
1246 910 1314 966 lecit
1329 927 1379 967 rex
1388 914 1444 970 Asa
1459 921 1579 989 propter
1593 921 1686 975 Bassa
1701 933 1799 991 regem

162 985 273 1049 oleum,
289 989 318 1038 et
333 983 449 1039 condite
465 982 494 1038 in
508 982 586 1040 νειοῖο
597 985 715 1052 uestris,
1046 982 1136 1040 lsrael
1153 1001 1159 1038 :

123 1060 154 1113 et
171 1060 288 1111 maneto
303 1055 333 1110 in
350 1054 475 1111 urbibus
491 1055 596 1111 vestris
611 1072 686 1127 quas
701 1054 820 1112 tenetis.
1008 1054 1108 1129 ipsum
1123 1052 1244 1126 replevit
1255 1053 1359 1110 ismael
1375 1054 1453 1112 lilius
1468 1056 1619 1116 Nalbaoia
1634 1059 1750 1117 occisis.

90 1129 145 1185 sed
162 1132 192 1184 et
208 1141 311 1182 omnes
324 1126 430 1189 ludici,
445 1127 494 1196 qui
510 1132 595 1183 erant
609 1127 639 1183 in
656 1127 753 1196 Moab,
763 1132 792 1183 et
806 1128 836 1183 in
852 1125 921 1184 liliis
974 1127 1150 1199 deceptivas
1165 1124 1470 1185 duxitlsmaelomnas
1481 1131 1622 1202 reliquias
1632 1132 1800 1206 populi,qui

162 1201 303 1265 Ammon,
318 1206 348 1254 et
364 1200 394 1254 in
413 1198 551 1270 ldumaee,
566 1198 640 1254 etin
657 1198 802 1256 universis
827 1201 921 1272 regio·
1045 1204 1130 1255 erant
1142 1197 1172 1252 in
1189 1196 1325 1269 blasphat
1341 1215 1348 1254 :

163 1271 266 1337 nibus,
1010 1269 1087 1326 lilios
1101 1269 1191 1342 regis,
1203 1273 1231 1324 et
1242 1269 1410 1327 universum
1426 1271 1578 1345 populum,
1590 1273 1642 1346 qui
1655 1291 1801 1332 remanse-
1901 1316 1907 1345 .·

127 1341 232 1400 audito
247 1340 325 1413 quod
342 1341 474 1397 dedisset
497 1356 547 1396 rex
568 1340 724 1414 Babylonis
739 1341 878 1414 reliquias
891 1342 921 1397 in
1046 1349 1091 1397 rot
1106 1342 1135 1396 in
1151 1340 1286 1413 Muspbat
1303 1357 1310 1396 ι

165 1414 267 1471 Judaea
286 1430 293 1469 ε
1011 1430 1086 1486 quos
1112 1413 1367 1470 commendaverat
1381 1413 1573 1472 Nabuzardan
1591 1416 1731 1490 princeps
1746 1416 1801 1473 mi-

125 1491 155 1541 st
169 1484 249 1556 quod
270 1499 326 1554 pree
350 1483 479 1539 osuissot
494 1500 583 1556 super
598 1500 647 1540 eos
662 1484 811 1542 Godoliam
827 1484 921 1541 lilium
1047 1483 1115 1539 litia
1131 1483 1258 1540 Godolie
1274 1484 1333 1540 lilio
1348 1485 1480 1541 abicam.

165 1556 289 1611 abicam
307 1500 358 1609 ulii
373 1555 492 1627 Saphan
509 1573 516 1611 ε
975 1557 1009 1613 lit
1025 1556 1103 1629 cepit
1116 1570 1167 1612 eos
1181 1554 1286 1611 ismael
1303 1556 1382 1613 lilius
1397 1556 1558 1629 Natbanie,

90 1628 204 1684 reversi
221 1631 301 1688 sunt.
319 1642 453 1698 mquam,
469 1642 571 1685 omnes
595 1628 610 1684 J
616 1628 690 1685 odaei
714 1629 751 1685 de
775 1627 923 1684 universis
1012 1634 1042 1684 st
1055 1627 1128 1684 abiit
1143 1632 1175 1681 ut
1189 1628 1325 1682 transiret
1340 1629 1376 1683 ad
1393 1629 1469 1685 lilios
1485 1635 1622 1686 Ammon.

165 1697 239 1755 loeis
254 1698 289 1753 ed
306 1713 370 1769 quas
387 1701 587 1770 profugerant,
793 1740 798 1746 -
937 1726 961 1792 B
976 1696 1360 1756 Audivitautemlchnnoan
1377 1701 1455 1756 lilius
1470 1700 1710 1769 Ceree‚etomnes
1721 1703 1801 1774 prin·

125 1775 157 1826 et
174 1771 476 1827 veneruntinterram
491 1771 568 1827 luda
580 1771 615 1826 ad
627 1770 780 1828 Godoliem
798 1771 825 1827 io
843 1772 919 1828 blas·
1047 1772 1127 1842 cipes
1156 1768 1340 1838 bellatorum,
1367 1771 1417 1843 qui
1445 1779 1530 1830 erant
1558 1788 1625 1829 cum
1649 1790 1694 1840 so,
1715 1791 1803 1831 omne

168 1841 263 1915 pbat:
1048 1841 1159 1897 malum
1175 1841 1255 1913 quod
1269 1843 1376 1898 lecerat
1399 1844 1504 1900 ismael
1533 1844 1611 1901 lilius
1638 1846 1802 1901 Nathanire.

128 1912 665 1984 etcollegeruntvinum‚etmessem
681 1912 921 1970 multamnimis.
977 1915 1011 1971 tlt
1026 1911 1188 1985 assumptis
1204 1913 1348 1969 universis
1364 1915 1444 1978 viris,
1482 1916 1803 1985 roleotisunt,utbel-

90 1986 250 2044 Jcbannan
280 1987 378 2039 aulem
404 1983 483 2040 lilius
499 1988 596 2056 Carae,
612 1990 642 2041 et
656 2000 759 2042 omnes
774 1983 921 2058 principes
1047 1985 1143 2042 iurent
1157 1984 1311 2040 adversum
1328 1985 1442 2056 ismael,
1460 1933 1552 2043 Elium
1568 1987 1731 2058 Natbanie‚

169 2052 326 2121 exercitus,
363 2056 392 2110 ui
418 2056 544 2128 dispersi
565 2059 681 2113 fuerant
694 2057 724 2113 io
741 2056 921 2130 regionibus,
1012 2061 1042 2113 et
1057 2056 1232 2111 invenerunt
1247 2072 1314 2110 eum
1331 2057 1366 2113 ad
1381 2074 1473 2131 aquas
1488 2059 1607 2130 multas,

129 2131 278 2184 venerunt
293 2128 329 2182 ad
343 2072 497 2184 godoliam
514 2144 544 2185 ιιι
560 2128 705 2202 Maspbat.
722 2129 757 2185 Et
786 2129 923 2185 dixerunt
1013 2145 1076 2200 que
1092 2134 1163 2183 sunt
1177 2128 1206 2181 in
1223 2127 1352 2183 Gabaon.

170 2197 196 2255 ei
212 2214 220 2253 :
977 2197 1805 2273 Cumquevidissetcmoispopulus‚quieratoumIsmael,

92 2270 176 2329 Scito
192 2269 260 2352 quia
275 2267 372 2324 baalis
388 2285 437 2326 rex
451 2269 578 2326 liliorum
591 2271 712 2327 Ammon
722 2269 803 2326 misit
817 2269 922 2327 Ismasl
1047 2269 1200 2326 lobanoan
1218 2270 1311 2325 lilium
1324 2274 1424 2341 caree,
1442 2277 1470 2328 et
1491 2272 1643 2330 universos
1657 2272 1805 2346 principos

170 2341 263 2397 lilium
281 2340 430 2398 Natbaoie
446 2347 596 2414 perculere
610 2343 740 2399 animam
757 2349 850 2398 tuam.
1049 2341 1225 2398 bellatorum
1243 2346 1294 2415 qui
1309 2345 1394 2399 erant
1408 2360 1476 2400 cum
1491 2361 1535 2415 eo,

132 2414 170 2469 Et
186 2429 243 2468 non
259 2413 385 2467 credidit
400 2413 442 2468 eis
457 2412 595 2471 Godollas
610 2414 689 2469 lilius
701 2412 832 2470 Ahicarn.
1013 2413 1103 2469 laetati
1120 2419 1200 2469 sunt.

93 2487 230 2543 losnnan
245 2500 311 2539 vero
328 2483 406 2539 filius
420 2488 507 2541 caree
522 2486 596 2541 dixit
611 2487 646 2541 ud
663 2485 814 2542 Godoliam
843 2502 923 2542 seor·
977 2485 1012 2541 ut
1022 2501 1156 2542 reversus
1167 2482 1553 2558 ostomnispopulus,quam
1564 2488 1805 2559 ceperatlsmael,

169 2572 236 2611 sum
253 2555 282 2610 in
298 2555 464 2626 Maspbath,
482 2554 604 2628 loquens
622 2574 628 2612 :
1050 2557 1080 2611 in
1096 2556 1256 2627 Maspbet:

94 2629 158 2698 ibo,
176 2627 378 2698 etpercutiam
409 2628 514 2684 ismael
542 2629 636 2685 lilium
664 2628 826 2694 Nathaniae‚
843 2626 923 2684 nullo
1013 2643 1206 2699 reversusque
1221 2624 1294 2682 abiit
1309 2626 1345 2682 ad
1359 2625 1516 2685 Jcbeonan
1533 2627 1628 2686 lilium
1642 2629 1742 2687 Cerea.

168 2697 288 2765 sciente,
979 2698 1084 2755 ismael
1099 2702 1197 2754 autem
1214 2697 1292 2754 lilios
1307 2697 1458 2755 Natbanie
1472 2700 1548 2773 lugit
1562 2705 1701 2759 eumocto
1711 2700 1806 2759 virise

129 2785 168 2825 ne
185 2769 344 2826 interliciat
356 2769 485 2826 animam
501 2775 597 2840 tuam,
1050 2770 1123 2826 lucie
1137 2769 1305 2835 lohannes,

130 2846 161 2897 et
178 2841 359 2912 dissipentur
374 2858 477 2898 omnes
491 2841 597 2913 Judaei,
609 2843 659 2914 qui
675 2843 843 2916 congregati
854 2849 925 2900 suot
1013 2845 1043 2897 et
1058 2840 1130 2897 abiit
1146 2842 1181 2895 ad
1198 2840 1275 2896 lilios
1289 2842 1424 2896 Ammon-

169 2913 207 2968 ad
224 2919 263 2978 ts,
978 2912 1082 2969 Tulite
1119 2912 1300 2969 oJobannau
1313 2911 1803 2988 liliuscareaetomoesprincipes

131 2988 161 3040 et
177 2985 314 3056 peribunt
328 2984 458 3056 reliquie
474 2984 561 3053 Juda,
1050 2984 1094 3040 bel
1108 2989 1233 3052 ntorum,
1249 2984 1299 3055 qui
1315 2989 1399 3040 erant
1412 3000 1480 3040 cum
1495 2999 1539 3052 eo,

93 3054 339 3112 EtaitGodolias
356 3055 433 3112 lilius
454 3058 572 3113 abicam
598 3057 633 3112 ad
658 3055 960 3159 lohannanltliumG
1017 3055 1168 3111 universas
1196 3054 1337 3127 reliquias
1365 3054 1455 3182 vulgi,
1484 3071 1559 3127 quas
1587 3056 1742 3113 reduxerat
1765 3058 1803 3112 al·

172 3126 284 3182 Carae:
1052 3126 1158 3183 ismael
1175 3125 1400 3183 lilioNntbanim
1435 3128 1608 3200 ellaspbat.

94 3197 162 3255 Noli
179 3200 273 3255 lacere
284 3197 406 3254 verbum
423 3196 500 3254 hoc:
1018 3204 1173 3270 postquam
1201 3198 1346 3270 percussit
1369 3196 1519 3255 Godoliam
1546 3198 1639 3256 lilium
1654 3198 1803 3257 Abioam:

133 3269 241 3325 laisum
259 3269 336 3325 enirn
352 3274 383 3325 tu
400 3268 529 3342 loqueris
544 3270 579 3325 do
595 3270 710 3327 ismael.
1016 3270 1106 3326 lortes
1121 3271 1198 3325 viros
1214 3269 1249 3325 ad
1267 3268 1410 3341 prelium,
1426 3274 1455 3325 st
1470 3269 1619 3340 mulieres,
1633 3275 1663 3326 et
1686 3287 1805 3344 pueros,

95 3341 185 3413 (Cep.
201 3340 455 3412 Xbl.)13tlactunr
471 3347 516 3397 est
531 3341 560 3396 in
578 3357 678 3398 menso
692 3341 829 3413 septimo,
1052 3347 1081 3397 et
1096 3339 1258 3410 eunuchos,
1274 3357 1348 3414 quos
1364 3342 1518 3398 reduxerat
1531 3342 1567 3398 de
1578 3342 1709 3399 Gabaon.

130 3413 213 3469 venit
228 3411 332 3467 ismael
348 3411 427 3469 lilius
442 3413 604 3480 Natbanie,
619 3413 672 3468 filii
689 3414 817 3472 Elisama
829 3412 864 3468 de
879 3429 926 3469 se·
981 3413 1016 3469 lte
1028 3413 1176 3478 abierunt,
1193 3416 1373 3469 obsederunt
1398 3414 1616 3485 peregrinantes
1632 3414 1661 3470 in
1677 3413 1804 3470 Chama-

173 3483 252 3538 mine
268 3482 368 3554 regali,
1052 3502 1098 3539 arn
1116 3501 1179 3555 <pue
1194 3490 1238 3539 est
1250 3485 1335 3554 juxte
1347 3483 1537 3542 Beth-Leem.

130 3563 159 3611 et
171 3555 329 3627 optimates
344 3554 430 3623 ragis,
442 3559 470 3610 et
485 3555 584 3611 decern
602 3556 655 3610 viri
672 3572 738 3611 cum
755 3572 800 3625 eo,
815 3557 851 3612 ad
867 3559 925 3613 Go·
1017 3559 1050 3610 ut
1065 3560 1219 3628 pergerent
1232 3560 1261 3612 ct
1274 3554 1430 3613 introirent
1444 3557 1598 3630 AEgyptum
1610 3574 1628 3613 a
1638 3555 1807 3614 laeieGbal·

169 3626 280 3682 dolium
297 3624 391 3682 illium
406 3626 571 3682 aureamin
587 3627 722 3700 Mospbat
739 3645 745 3683 :
1052 3629 1179 3683 daeorum
1196 3644 1203 3683 :

130 3703 161 3755 et
176 3698 368 3754 comederunt
382 3698 421 3752 ibi
438 3714 528 3769 panes
544 3699 631 3754 simul
644 3700 673 3755 in
690 3699 834 3772 Maspbat.
981 3698 1137 3755 Timebant
1153 3699 1230 3755 enim
1246 3713 1307 3757 eos.

95 3770 230 3826 Surrexit
244 3775 342 3825 eutem
359 3769 552 3826 ismaellilius
564 3770 713 3826 Natbanira
725 3770 925 3827 etdecsmviri
1017 3771 1280 3842 quispercusserut
1294 3768 1397 3825 ismael
1408 3768 1487 3826 lilius
1497 3769 1806 3828 NathanireGodolinm

170 3840 221 3913 qui
237 3846 321 3897 erent
336 3856 403 3897 curu
420 3857 464 3911 eo,
1054 3840 1147 3895 illium
1162 3839 1297 3904 abicam,

97 3917 126 3969 et
142 3918 353 3986 percusserunt
367 3912 516 3969 Godoliam
542 3911 635 3968 lilium
650 3913 771 3970 Abioam
797 3913 850 3969 sslii
874 3913 927 3970 Sa·
1017 3927 1104 3983 quem
1121 3927 1179 3984 pra
1202 3914 1320 3966 osusrat
1334 3927 1384 3966 rex
1399 3910 1557 3983 Babylonis
1573 3911 1603 3966 in
1618 3913 1697 3966 terre
1719 3910 1806 3967 luda.

173 3984 251 4068 pban
267 3984 377 4055 gladio,
981 3982 1059 4056 (Cep.
1076 3928 1220 4054 >tulllius
1232 3987 1419 4038 accesserunt
1433 3998 1535 4038 simnes
1551 3981 1699 4054 principes
1718 3979 1808 4038 bella·

133 4059 164 4111 et
175 4058 385 4111 interfecerunt
399 4071 478 4122 oum,
490 4071 577 4127 quem
596 4055 764 4127 prefecerat
778 4072 828 4112 rex
838 4055 927 4129 Raby·
1052 4059 1160 4119 torum,
1177 4057 1206 4109 et
1228 4053 1383 4111 Jobennao
1413 4054 1490 4111 lilius
1515 4052 1614 4124 Cares,
1629 4059 1658 4110 et
1671 4052 1806 4110 Jezonias

171 4127 262 4192 lonis,
279 4131 372 4182 terre.
1053 4125 1132 4181 lilius
1147 4125 1250 4192 Oscis,

98 4199 211 4256 Omnes
226 4214 341 4269 quoque
355 4198 484 4264 ludens,
500 4198 550 4269 qui
577 4203 662 4254 erant
677 4214 744 4255 cum
760 4197 882 4255 Godolia
897 4197 927 4253 in
1017 4202 1046 4254 et
1062 4197 1209 4269 reliquum
1224 4195 1331 4267 uulgus
1344 4213 1361 4253 a
1376 4212 1465 4269 parvo
1480 4211 1573 4268 usque
1588 4195 1622 4251 ad
1642 4210 1806 4268 maguum:

173 4270 236 4326 blas
260 4269 341 4338 balb,
1017 4268 1217 4340 Dixeruntqus
1232 4268 1267 4323 ad
1284 4268 1441 4324 ieremiam
1457 4267 1633 4340 prophetam
1649 4283 1657 4323 ι

132 4345 164 4397 et
180 4287 344 4409 Cbafdreos,
359 4339 410 4412 qui
428 4340 534 4412 reperti
552 4345 624 4396 sunt
637 4340 691 4407 ibi,
982 4339 1075 4397 Cedat
1090 4341 1183 4396 oratio
1199 4343 1299 4396 nostra
1314 4340 1344 4395 in
1360 4345 1520 4412 conspectu
1535 4344 1586 4394 tuo
1601 4354 1609 4394 ι

132 4418 163 4469 et
176 4412 255 4468 viros
270 4413 425 4469 bellatores
442 4413 586 4483 percussit
602 4413 717 4468 ismael.
1018 4418 1047 4469 et
1063 4429 1113 4466 ora
1128 4411 1279 4483 pronubis
1294 4412 1329 4466 ad
1345 4411 1503 4468 Dominum
1531 4415 1621 4467 Deum
1643 4414 1741 4480 tuum,
1755 4424 1807 4482 pro

94 4484 232 4541 Secundo
247 4490 344 4542 aretem
361 4485 409 4539 die
422 4492 576 4555 postquam
598 4485 745 4541 occiderat
763 4482 925 4549 Godoliam‚
943 4465 965 4530 Ῑ)
1055 4483 1200 4540 universis
1216 4482 1337 4554 reliquis
1351 4483 1417 4539 istis
1435 4501 1442 4538 :

172 4555 255 4617 nullo
271 4558 370 4611 adbuc
382 4555 501 4622 sciente,
982 4553 1055 4623 Quia
1069 4553 1201 4611 derelicti
1215 4570 1321 4610 sumus
1336 4555 1421 4627 pauci
1438 4554 1473 4610 de
1488 4553 1634 4626 pluribus,

134 4631 282 4684 vetarunt
295 4628 348 4683 viri
365 4628 400 4682 ds
416 4626 543 4699 sichem,
559 4631 588 4683 et
606 4627 642 4682 de
670 4625 739 4693 Silo,
755 4631 785 4683 et
813 4626 849 4683 de
875 4626 928 4681 Sa·
1018 4625 1094 4682 sicut
1109 4624 1184 4681 oculi
1200 4625 1242 4680 tui
1258 4641 1312 4681 uos
1327 4626 1498 4694 intuentur;

175 4692 268 4754 lharla
283 4700 431 4771 octoginta
446 4698 511 4769 viri,
982 4698 1018 4754 lit
1032 4698 1188 4753 annuntiet
1203 4695 1287 4753 nobis
1304 4697 1445 4754 ῠοιοίοοο
1469 4697 1547 4754 Deus
1561 4700 1632 4754 tuus
1652 4692 1731 4752 uem
1755 4707 1808 4765 per

138 4770 200 4826 rasi
228 4770 331 4839 barba,
355 4776 384 4827 at
411 4770 513 4826 scissis
534 4770 675 4837 vestibus,
692 4773 721 4826 et
735 4768 928 4841 squalentes:
1054 4785 1144 4841 quam
1161 4784 1330 4841 pergamus,

138 4845 169 4896 et
185 4858 309 4899 munera
322 4846 350 4900 et
366 4841 436 4898 tbus
451 4840 599 4898 habebant
613 4841 643 4897 in
660 4857 760 4910 manu,
1018 4844 1047 4897 et
1061 4841 1182 4896 verbum
1198 4841 1276 4911 quod
1292 4839 1445 4897 iaciamus.

139 4917 173 4968 ul
188 4914 326 4971 offerrent
340 4913 370 4968 iu
388 4914 474 4969 domo
487 4913 614 4970 Domini.
982 4910 1061 4969 Dixit
1076 4916 1174 4968 eutem
1190 4911 1226 4967 ad
1242 4927 1291 4967 eos
1306 4911 1451 4969 Jeremies
1466 4909 1629 4984 propbeta:

101 4984 248 5058 egressos
261 5001 329 5113 “5⁰
344 4983 451 5041 ismael
468 4985 547 5042 lilius
563 4982 713 5041 Nathanie
729 4984 758 5039 in
775 4999 930 5040 occursum
983 4983 1091 5040 Audivi
1110 5000 1116 5039 :

177 5071 280 5114 sorum

140 5127 282 5185 incedens
293 5133 323 5186 et
336 5127 456 5200 plorans
472 5127 533 5183 ibat
548 5143 555 5194 ;
1055 5124 1142 5181 verba
1157 5127 1263 5179 vestra.

314 5073 330 5114 e
344 5054 491 5127 blasphat,
984 5055 1056 5111 licce
1065 5069 1118 5125 ego
1129 5052 1222 5109 oroad
1232 5052 1389 5109 Dominum
1401 5057 1493 5110 Deum
1504 5055 1634 5108 vestrum
1645 5049 1809 5107 secundum
1913 5066 1916 5071 ·

141 5215 212 5256 cum
227 5205 326 5256 sutem
341 5198 517 5257 occurrisset
531 5198 584 5266 eis,
985 5196 1077 5254 Omne
1090 5195 1213 5251 verbum
1229 5194 1427 5266 quodeunque
1441 5191 1627 5266 responderit
1636 5190 1721 5261 mibi,
1733 5188 1810 5246 indi·
1923 5244 1926 5249 ,

141 5270 216 5327 dixit
232 5272 267 5328 ad
283 5288 333 5328 eos
351 5287 357 5327 :
1057 5268 1130 5324 cabo
1144 5265 1240 5333 vobis,

102 5341 210 5399 Venite
224 5344 259 5399 ad
277 5340 430 5400 dodoliam
446 5340 541 5397 lilium
556 5339 688 5397 Abicam.
1021 5354 1074 5395 nec
1089 5336 1189 5394 celabo
1205 5352 1257 5394 vos
1272 5335 1450 5409 quidquam.

104 5414 160 5479 Qui
175 5430 244 5471 cum
256 5415 407 5471 venissent
421 5413 457 5468 ud
473 5412 604 5468 medium
620 5412 747 5468 civitatis
986 5411 1022 5466 Et
1036 5408 1079 5465 illi
1094 5407 1276 5464 dixeruntad
1291 5407 1448 5464 Jersmiem
1467 5422 1473 5461 :
1561 5474 1568 5486 ·

143 5485 291 5542 interiecit
305 5502 355 5543 eos
370 5483 474 5541 ismael
501 5483 579 5548 lilius
594 5482 745 5540 Nathania
770 5483 847 5539 circa
871 5499 933 5538 me·
985 5481 1029 5538 sit
1044 5479 1184 5536 Dominus
1198 5479 1276 5535 inter
1289 5495 1343 5535 nos
1358 5477 1442 5533 testis
1455 5474 1587 5558 veritalis
1600 5477 1627 5531 el
1642 5470 1722 5556 udal,

182 5557 265 5615 dium
281 5557 347 5628 laci,
1058 5551 1083 5607 si
1098 5566 1156 5635 non
1169 5551 1253 5622 juxta
1265 5564 1352 5606 omns
1366 5550 1499 5615 verbum,
1514 5562 1548 5630 ¹¹¹.
1565 5561 1634 5629 quo·
1649 5545 1770 5601 miserat
1783 5547 1812 5600 te

107 5625 220 5757 vll
235 5626 400 5760 “llll
414 5629 763 5756 illitteratis.
987 5621 1509 5753 aallltltlltlltltlt
1525 5632 1567 5674 ⁵¹⁰
1580 5617 1732 5674 Μ’·

132 5713 402 5846 ᾙῗοῗξοιιᾞιιοά
418 5715 544 5828 Ιοειοοιε
767 5737 775 5767 ’
1023 5765 1087 5823 voci
1112 5735 1309 5823 Domini'llsi
1336 5730 1830 5837 nosul,’adqnsrnnatt⁴taws,
