3870 6120
40 290 72 371 ,·
170 289 211 353 es
753 284 916 351 naraon
938 240 1313 346 ounaorcrrnonurr
1835 286 1875 345 or

172 442 245 486 curu
274 423 468 486 doctioribus
509 421 584 484 viris
611 421 777 503 epistolam
807 424 861 486 l0l
897 421 1036 500 scrip-A
1053 419 1164 499 pulsus
1193 416 1302 480 Latine
1330 415 1477 488 reddidit,
1510 435 1573 479 non
1609 415 1743 495 ambigit
1783 436 1873 479 snam

172 529 237 584 tam
254 538 324 583 esse
340 538 423 583 auno
438 521 509 592 396,
540 536 578 582 ac
604 519 694 582 brevi
722 518 874 601 temporis
894 516 993 579 inter·
1048 515 1341 596 interpretationem
1385 513 1546 576 benevolis
1592 514 1782 594 placituram
1824 532 1873 587 ac,

63 660 67 667 -
171 619 269 692 vallo,
288 619 371 698 quod
388 617 539 680 adverbio
566 626 664 701 nuper
690 618 767 680 satis
795 616 994 697 exprimitur,
1050 612 1185 675 lectione
1214 612 1342 674 assidua
1370 615 1480 673 Roma
1508 612 1672 674 terendam
1701 612 1787 692 apud
1816 630 1872 674 eos

170 719 436 798 Paralipomenon
451 717 567 779 librum
583 717 622 780 de
638 717 772 780 Hebraeo
793 734 992 779 conversum.
1050 709 1200 784 maxime,
1217 710 1273 789 qui
1301 728 1385 771 nuuc
1412 709 1564 789 temporis
1592 709 1761 772 Christiani
1781 728 1874 772 sena·

171 815 294 877 [liutius
320 814 353 875 iu
382 815 432 876 his
464 814 723 878 adnotationibus
764 812 995 893 chronologicis
1052 813 1103 870 tue
1117 808 1204 870 tuere
1219 806 1352 869 lumina.
1383 809 1419 867 In
1447 804 1587 869 Ecclesia
1615 807 1762 869 Africana
1777 826 1875 887 quam

170 912 319 974 lectorem
345 911 473 974 trahere
499 917 694 994 poteramus,
723 913 784 974 uisi
807 928 994 994 persuasum
1052 905 1219 968 familiaris
1252 905 1346 968 luerit
1386 903 1570 985 Hieronymi
1624 905 1725 967 versio
1762 905 1876 969 Latius

169 1008 261 1071 uobis
276 1014 359 1072 esset
382 1009 483 1073 multa
503 1010 689 1091 huiusmodi
713 1016 895 1091 temporum
926 1026 994 1070 mo·
1048 1004 1141 1085 juxta
1155 1007 1238 1068 Lxx
1255 1008 1458 1085 interpretes,
1487 1005 1564 1067 satis
1592 1004 1791 1085 exploratum
1820 1004 1876 1067 ha·

169 1112 277 1168 meula
303 1106 455 1188 praetlniri
483 1107 537 1170 vix
563 1125 601 1171 ac
630 1126 670 1170 ne
697 1108 750 1170 rix
778 1108 907 1189 quidem
935 1123 994 1187 po·
1050 1104 1162 1167 bemus
1189 1121 1230 1167 ex
1252 1105 1334 1166 libro
1362 1104 1610 1167 adnotationum
1649 1106 1683 1166 S.
1707 1102 1875 1183 Augustini

168 1205 285 1280 tuisse3
301 1212 358 1268 aut
371 1207 496 1268 etiamsi
509 1207 722 1270 invenerimus
752 1226 867 1287 magno
890 1205 994 1268 studio
1049 1204 1167 1267 iniob.
1186 1206 1269 1267 Nam
1293 1205 1326 1266 in
1348 1221 1385 1266 eo
1413 1203 1573 1266 volumine
1607 1203 1729 1265 nullum
1756 1204 1795 1265 de
1824 1221 1876 1265 ve·

169 1307 202 1364 et
245 1301 365 1380 labore,
406 1321 520 1385 parum
563 1305 731 1386 protutura
777 1303 993 1384 cognorimus.
1050 1301 1169 1363 teribus
1222 1301 1430 1382 interpretum
1485 1302 1628 1380 sequitur
1664 1301 1873 1380 Augustinus,

170 1401 246 1468 Quae
261 1398 419 1463 habentur
433 1419 509 1481 ergo
524 1420 543 1463 a
559 1403 651 1465 uobis
665 1403 833 1484 perstricta
846 1401 993 1476 breviter,
1049 1399 1104 1459 sed
1120 1402 1222 1461 totum
1251 1398 1348 1461 habet
1375 1417 1414 1460 ex
1443 1398 1650 1462 translatione
1677 1416 1773 1479 quam
1804 1398 1874 1459 Hie-

171 1496 296 1559 curioso
311 1497 422 1560 lectori
435 1499 600 1563 siutsatis.
1050 1515 1203 1577 rouymus
1229 1497 1337 1571 edidit,
1366 1497 1482 1559 additis
1511 1495 1611 1559 obelis
1638 1502 1670 1558 et
1703 1495 1872 1558 asteriscis.

211 1596 249 1660 ll.
290 1595 387 1678 Apud
429 1602 556 1660 Graecos
596 1605 629 1661 et
668 1599 798 1661 Latinos
824 1597 993 1661 editionem
1049 1595 1108 1656 Vix
1123 1601 1229 1657 autem
1258 1594 1338 1657 mihi
1367 1613 1507 1676 unquam
1535 1612 1719 1674 persuasum
1741 1594 1804 1656 erit
1831 1594 1875 1656 ab

170 1694 407 1774 scripturarum
422 1696 701 1776 Hieronymianam
727 1696 833 1758 statim
861 1693 995 1757 lectitari
1049 1691 1263 1754 eruditissimo
1277 1692 1429 1772 scriptore
1457 1692 1529 1753 libri
1556 1693 1595 1753 de
1639 1690 1752 1753 Claris
1777 1691 1874 1752 inter·

170 1791 302 1871 cupisse
316 1791 454 1854 secundo
483 1792 552 1855 loco
580 1793 823 1857 affirmavimus.
844 1793 908 1854 Nec
933 1792 995 1853 im·
1011 1785 1036 1851 B
1045 1788 1202 1873 pratibus,
1244 1789 1382 1870 priorem
1417 1789 1599 1870 Hieronymi
1640 1789 1822 1867 editionem,
1855 1808 1873 1851 a

172 1887 299 1960 merito,
315 1906 388 1950 cum
405 1894 539 1970 utraque
554 1890 697 1971 ejusdcm
714 1894 747 1953 S.
776 1888 920 1951 Doctoris
944 1889 994 1950 iu·
1049 1887 1260 1967 Septuaginta
1287 1889 1405 1949 Senum
1444 1888 1703 1968 interpretatione
1745 1887 1870 1949 deriva-

41 1992 45 1997 '
172 1985 366 2066 terpretatio,
382 1993 414 2049 et
435 2005 505 2067 quae
535 1989 622 2069 prior
650 1988 736 2051 edita
758 1993 804 2050 est
834 2006 851 2049 e
879 1986 995 2050 Grecis
1050 1990 1126 2058 tam,
1142 2002 1160 2046 e
1175 1983 1286 2046 Latino
1300 1987 1409 2046 Graece
1421 1983 1536 2046 iterum
1552 2003 1687 2058 versam,
1717 1985 1872 2046 aHraeeis

69 2142 72 2147 .
172 2084 250 2146 LXX
280 2083 525 2166 exemplaribus,
555 2104 592 2148 ac
622 2087 779 2168 posterior
806 2086 847 2148 ad
875 2085 993 2147 lontem
1048 2082 1187 2146 studiose
1214 2088 1393 2163 susceptam
1420 2101 1497 2145 esse.
1524 2082 1604 2155 Ouid
1632 2083 1716 2144 enim
1744 2100 1872 2144 neccsse

172 2180 340 2243 Hebraeum
356 2180 532 2255 elaborata,
557 2183 700 2245 omnium
721 2182 904 2246 Latinarum
928 2200 995 2244 ver·
1048 2181 1152 2244 iuerat
1190 2200 1228 2244 ea
1254 2200 1326 2262 quae
1349 2182 1382 2243 in
1419 2182 1571 2263 Hexaplis
1613 2182 1823 2254 habebantur,
1854 2209 1872 2253 ο

172 2276 297 2339 siorrum
323 2279 556 2343 absolutissima
580 2281 762 2344 haberetur.
787 2284 832 2344 De
857 2300 895 2344 ea
923 2300 994 2360 quae
1048 2280 1161 2343 Latino
1202 2282 1394 2362 Hieronymo
1421 2282 1455 2344 in
1482 2287 1627 2344 orarum
1649 2283 1763 2344 iterum
1793 2298 1870 2343 eon·

172 2373 315 2439 derirata
354 2380 423 2439 eret
463 2395 481 2440 a
521 2379 731 2460 Septuaginta
765 2378 994 2460 interpretibus
1049 2383 1181 2452 vertere,
1211 2384 1243 2440 et
1270 2384 1376 2441 actum
1415 2397 1509 2459 agere
1536 2379 1569 2440 in
1595 2379 1733 2441 editione
1769 2377 1874 2457 Scrip-

103 2536 113 2547 ,
171 2473 312 2536 scribens
336 2475 377 2538 ad
402 2475 632 2558 Hieronymum
672 2477 868 2558 Augustinus
899 2476 991 2557 epist.
1048 2477 1220 2539 turarumt
1244 2477 1334 2551 Quod
1357 2476 1454 2557 igitur
1481 2477 1520 2539 de
1544 2482 1691 2557 suspecta
1718 2495 1776 2538 sua
1802 2475 1873 2538 edi·

171 2573 212 2633 82
225 2571 301 2635 dicit
316 2591 351 2636 se
376 2573 466 2637 illam
495 2574 685 2649 desiderare,
714 2581 894 2637 utcaeteras
917 2573 994 2653 abji·
1048 2574 1134 2637 tione
1160 2575 1247 2655 apud
1274 2579 1402 2638 Grecos
1430 2575 1574 2638 meminit
1604 2575 1813 2655 Hieronymus
1834 2572 1871 2634 li·

170 2669 236 2733 eiat
262 2671 389 2733 batinas
414 2671 703 2753 interpretationes,
746 2678 778 2734 et
819 2671 992 2735 multorum
1046 2672 1105 2737 bro
1119 2674 1258 2736 secundo
1272 2675 1595 2752 adsersusiiuduum,
1623 2675 1655 2737 id
1685 2675 1752 2735 sine
1773 2673 1870 2736 dubio

171 2765 308 2828 aliorum
336 2767 563 2831 translatorum
590 2774 697 2831 careat
715 2767 876 2848 imperitia
893 2786 901 2829 :
917 2756 993 2829 Ideo
1047 2773 1087 2835 de
1125 2773 1332 2836 translatione
1372 2775 1550 2854 posteriori,
1594 2793 1665 2854 quae
1705 2773 1872 2834 'Hebraica

54 2886 57 2893 ⁴
171 2867 285 2941 autem,
336 2863 451 2946 inquit,
507 2865 652 2928 desidero
708 2866 991 2949 interpretationem
1047 2869 1131 2932 dicta
1146 2877 1204 2946 est,
1232 2871 1473 2951 intelligendum
1502 2878 1564 2934 est:
1599 2870 1685 2932 Unde
1707 2869 1869 2952 putabam,

151 2967 256 3059 'tuam
283 2961 323 3023 dc
334 2961 557 3044 Septuaginta,
588 2969 623 3026 ui
648 2969 679 3024 ei
705 2970 794 3025 tanta
807 2963 991 3026 Latinorum
1045 2974 1159 3056 inquit,
1185 2974 1259 3037 bene
1285 2977 1398 3038 mereri
1424 2977 1463 3038 de
1490 2976 1613 3039 Latinis
1641 2976 1729 3055 meis,
1756 2981 1786 3034 et
1813 2995 1871 3036 no-

169 3058 391 3142 Interpretnm,
434 3063 491 3142 qui
530 3062 760 3145 qualescunque
800 3063 873 3124 ausi
903 3069 989 3143 sunt,
1045 3075 1184 3132 strorum
1222 3072 1266 3132 od
1306 3071 1489 3134 discendnm
1529 3073 1650 3134 animos
1678 3071 1869 3132 concitare:

170 3162 322 3239 quantum
338 3165 519 3240 possumus,
545 3158 703 3241 imperitia
730 3179 900 3224 careamus.
932 3161 1029 3230 So-C
1047 3168 1133 3249 quod
1173 3169 1266 3230 etiam
1299 3168 1407 3233 Graeei
1447 3191 1568 3232 versum
1595 3171 1634 3232 de
1661 3169 1772 3230 Latino
1797 3174 1872 3251 post

175 3254 329 3338 pbronius
346 3255 433 3336 apud
460 3257 598 3331 Graecos,
626 3257 674 3319 vir
701 3263 733 3319 et
760 3257 827 3338 ipse
848 3257 993 3338 apprime
1047 3270 1152 3326 tantos
1195 3266 1377 3349 interpretes
1405 3288 1466 3328 non
1484 3267 1667 3346 fastidiunt
1694 3266 1792 3327 :inde
1837 3266 1870 3326 in

171 3351 326 3428 eruditus,
363 3356 486 3417 Graecas
513 3355 656 3418 similiter
699 3356 861 3418 fastidiens
899 3356 993 3418 inter·
1046 3361 1170 3445 culpam
1199 3383 1300 3443 vocor,
1341 3369 1371 3425 et
1403 3365 1570 3426 nauseanti
1597 3361 1755 3425 stomacho
1783 3361 1870 3422 cibos

172 3452 376 3533 pretationes,
405 3471 521 3517 noram
549 3455 606 3516 abs
628 3454 820 3534 hieronymo
847 3455 992 3518 Latinam
1048 3462 1171 3543 ingero.
1215 3463 1411 3543 Sophronias
1451 3465 1633 3545 Hieronymi
1662 3461 1869 3536 necessarius,

171 3550 341 3613 editionem
369 3552 596 3615 studiosissime
624 3552 805 3632 postulavit.
835 3553 935 3633 Hujus
948 3554 993 3614 ita
1047 3560 1319 3640 utpervulgatum
1335 3567 1392 3634 est,
1414 3563 1602 3624 Psalterium
1631 3562 1671 3623 ab
1699 3579 1736 3622 eo
1759 3561 1797 3620 de
1813 3561 1871 3619 He·

173 3648 317 3725 meminit
351 3650 561 3731 Hieronymus
589 3650 775 3731 praelatione
803 3650 835 3712 iu
870 3651 992 3713 Psalte-
1047 3657 1155 3719 hraica
1168 3658 1298 3720 veritate
1314 3660 1514 3732 translatum,
1535 3666 1568 3721 et
1595 3676 1705 3721 omncs
1732 3657 1868 3719 sedecim

174 3745 256 3808 rium
276 3746 477 3823 Hebraicum,
503 3749 535 3810 id
561 3753 620 3822 est,
650 3749 689 3811 de
717 3748 849 3811 Hebraeo
884 3749 993 3813 Latine
1046 3755 1220 3836 prophetas
1247 3758 1353 3819 Graeee
1381 3765 1564 3838 reposuerat
1594 3779 1601 3818 ε
1631 3774 1727 3837 quam
1760 3755 1870 3816 editio·

171 3842 356 3907 redditum:
384 3844 625 3908 Studiosissime
645 3844 832 3928 postulasti,
863 3849 898 3905 ut
920 3849 994 3926 posi
1046 3869 1119 3914 nem
1149 3853 1249 3915 Graeci
1272 3855 1410 3916 studiose
1439 3864 1655 3934 susceperunt,
1692 3872 1755 3914 uon
1780 3852 1869 3912 dedi-

171 3941 339 4024 Aquilam,
363 3950 393 4005 et
418 3943 649 4023 Symmachum,
678 3949 708 4005 et
742 3942 990 4021 Theodotionem,
1046 3948 1135 4029 gnati
1163 3950 1283 4029 aliquid
1313 3953 1450 4012 mutuari
1478 3970 1495 4012 a
1526 3952 1643 4012 Latinis
1673 3950 1868 4011 hominibus.

168 4060 279 4103 nocam
318 4042 485 4104 editionem
516 4042 630 4104 Latino
663 4061 804 4103 sermone
839 4044 993 4119 transfer·
1046 4049 1113 4108 Hoc
1141 4053 1189 4109 est
1216 4049 1301 4129 quod
1330 4051 1444 4112 docere
1460 4068 1518 4110 nos
1532 4050 1632 4110 voluit
1646 4049 1867 4126 Hieronymus,

161 4155 238 4198 rem.
267 4137 388 4200 Aiebas
416 4139 499 4201 enirn
525 4145 554 4200 te
585 4138 691 4220 magis
718 4138 922 4221 interpretum
938 4158 991 4198 oa·
1046 4164 1110 4206 non
1133 4145 1235 4207 solum
1262 4145 1330 4226 J'sru
1359 4147 1489 4210 laudato
1517 4146 1680 4226 Apologiae
1718 4146 1871 4206 adversus

103 4312 107 4318 .
160 4233 272 4295 rietate
313 4234 448 4316 turbari,
479 4244 509 4298 et
522 4259 626 4300 amore
673 4257 735 4320 quo
776 4235 905 4316 laberis,
944 4236 993 4298 vel
1046 4243 1199 4306 Rufinum
1228 4244 1408 4306 testimonio
1433 4263 1440 4318 ;
1470 4246 1525 4305 sed
1555 4243 1742 4323 prestatione
1773 4243 1869 4303 ctiam

36 4402 41 4412 Ι
165 4331 384 4412 translatione,
401 4334 585 4414 oeIJudicio
614 4356 679 4397 meo
706 4355 770 4396 esse
802 4340 990 4414 contentum,
1046 4341 1079 4401 iu
1122 4343 1245 4415 Harum,
1285 4342 1339 4403 ubi
1368 4342 1506 4403 studIum
1537 4360 1573 4403 ao
1614 4341 1869 4404 benevolentiam

167 4433 292 4495 Graecas
326 4432 424 4512 igitur
464 4435 653 4515 Latinasque
690 4435 864 4498 multorum
892 4436 990 4497 inter·
1047 4432 1229 4493 Graecorum
1244 4434 1482 4504 commendans,
1512 4431 1694 4492 Latinorum
1724 4430 1784 4490 sibi
1813 4429 1872 4490 ob·

165 4534 292 4610 pretum
333 4531 556 4596 translationes
596 4551 669 4595 cum
711 4533 892 4616 respuerint
934 4528 1249 4600 virintrectantium
1277 4528 1438 4606 iniuriam,
1469 4533 1501 4589 et
1523 4529 1639 4607 ingrati
1659 4528 1689 4586 in
1712 4527 1757 4587 eis
1772 4526 1872 4587 animi

56 4622 61 4633 '
166 4624 322 4689 doctiores
337 4632 404 4689 tum
420 4629 505 4709 apud
532 4631 670 4706 Graecos,
699 4635 764 4691 tum
796 4630 883 4711 apud
911 4628 992 4691 bati·
1045 4625 1163 4687 crimen
1191 4625 1252 4688 hoe
1280 4626 1375 4688 modo
1403 4626 1611 4706 conqueritur
1629 4646 1635 4686 :
1652 4624 1755 4685 Porro
1775 4623 1870 4685 atiud

165 4741 235 4800 nos,
250 4742 288 4787 ac
303 4742 411 4788 earum
425 4728 580 4791 varietate
614 4733 711 4809 alque
738 4726 898 4809 imperilia
926 4745 990 4788 non
1044 4728 1102 4800 est,
1116 4724 1147 4784 si
1169 4722 1289 4784 clausis
1318 4723 1403 4806 qreod
1430 4723 1553 4785 dicitur
1580 4722 1682 4784 oculis
1711 4721 1793 4782 milti
1817 4742 1874 4783 vo·

164 4823 296 4886 minime
325 4827 530 4890 turbarentur
557 4846 564 4888 :
595 4845 792 4908 consequeus
833 4831 912 4900 erat,
955 4829 991 4886 ut
1045 4821 1116 4881 lunt
1126 4820 1322 4896 maledicere,
1352 4828 1382 4882 et
1409 4842 1470 4883 non
1499 4821 1667 4882 imitantur
1684 4819 1872 4882 Graecorrem

35 4962 53 4985 .-
164 4921 426 5003 Hieronymianas
468 4925 627 4989 versiones
668 4928 865 5006 appeterent,
910 4942 990 5003 quas
1044 4919 1186 4980 studium
1215 4941 1252 4980 ae
1279 4919 1531 4997 benevolentiam,
1561 4919 1617 5000 qni
1641 4925 1711 4988 post
1740 4918 1874 5000 Septua-

164 5019 319 5084 similibus
337 5022 422 5086 viriis
448 5042 555 5087 carere
584 5042 695 5086 omues
722 5027 887 5087 noverant.
917 5022 990 5084 ldeo
1043 5018 1138 5100 ginta
1172 5017 1201 5079 T
1196 5018 1403 5092 ranslatores,
1433 5019 1505 5098 jam
1539 5016 1669 5080 Christi
1692 5015 1873 5097 Euartgelio

164 5120 342 5198 gratulatur
369 5121 429 5184 sibi
452 5123 663 5202 Hieronymus
692 5121 746 5183 lib.
772 5139 794 5184 11
823 5120 989 5201 Apologia
1043 5121 1237 5192 coruscante,
1247 5115 1378 5186 Judoeos
1392 5122 1422 5176 et
1436 5115 1639 5195 Hebionitas,
1656 5114 1740 5195 Iegis
1761 5115 1876 5175 veteris

163 5217 313 5280 adversus
340 5219 503 5291 Rufinum,
533 5220 621 5300 quod
662 5224 808 5282 Romana
849 5217 991 5282 Ecclesia
1045 5215 1240 5295 interpretes,
1282 5215 1437 5295 Aquilam
1474 5213 1630 5291 videlicet,
1673 5220 1704 5272 et
1730 5212 1876 5278 Summa-

163 5313 301 5394 suscepit
334 5314 530 5376 Psalterium
572 5335 664 5377 snum
701 5317 989 5378 emendatissimum
1043 5312 1147 5385 edum,
1162 5317 1192 5371 et
1212 5310 1466 5386 Theodotionem,
1482 5317 1512 5372 et
1534 5311 1656 5372 curiose
1683 5310 1809 5391 legunt,
1840 5316 1875 5371 et

163 5409 253 5481 juxta
278 5410 488 5494 Septuaginta
516 5411 727 5496 Interpretes:
757 5420 789 5477 et
803 5415 989 5494 praelatione
1039 5418 1097 5493 per
1115 5409 1271 5490 Origenis
1300 5409 1436 5472 laborem
1465 5411 1498 5472 in
1528 5405 1686 5480 Ἐξαπλοῑς,
1711 5409 1871 5472 Ecclesiis

161 5505 194 5565 in
213 5506 329 5569 librum
356 5509 634 5589 Paralipomenon,
664 5528 756 5590 quem
799 5511 989 5572 nominetis·
1043 5507 1242 5571 dedicarunt.
1277 5507 1405 5586 Quanto
1432 5510 1538 5590 tnagis
1566 5509 1674 5570 Latini
1696 5508 1788 5589 grati
1801 5527 1872 5568 esse

51 5638 55 5643 ·
159 5600 232 5665 simi
262 5605 443 5669 Domuionis
478 5615 510 5671 et
539 5607 708 5688 Regaliani
746 5609 893 5690 precibus
932 5608 989 5671 im·
1041 5604 1198 5682 deberent,
1227 5606 1313 5689 quod
1339 5608 1545 5670 exsultantem
1580 5611 1740 5669 cernerent
1771 5603 1877 5693 Gra·n
