3870 6120
157 238 217 299 rra
738 234 900 296 rurvrnu
923 232 1274 306 scnnnrnrmnauu
1804 241 1865 302 reo

156 370 367 452 ceptissimam
414 387 451 430 ac
501 365 780 429 celebratissimam
835 367 982 429 Ecclesiae
997 369 1025 436 Α
1038 367 1265 440 immoderatas
1318 379 1433 440 horum
1487 377 1667 441 criticorum
1715 394 1865 438 censuras

155 468 359 530 traditionem
375 485 414 528 ex
428 483 525 526 sacrae
550 463 721 543 Scripturae
750 463 863 526 frivola
891 464 986 526 inter.
1037 469 1219 538 vindicabit.
1236 480 1391 541 Caeterum
1416 477 1477 538 hoc
1503 495 1567 539 uno
1593 475 1739 556 exemplo
1767 476 1862 538 doce-

157 566 336 648 pretatione
350 562 597 626 subvertendam
611 566 749 642 sperent,
780 570 812 624 et
840 563 904 624 suis
929 580 985 643 po·
1039 583 1121 643 mur,
1151 591 1246 652 qnam
1274 593 1387 656 parum
1410 574 1509 636 fldere
1534 573 1705 636 debeamus
1742 573 1864 636 levibus

30 672 40 711 ἰ
158 665 221 727 tius
265 660 452 725 commentis
493 659 670 723 credituros
701 660 846 735 lectores,
887 679 983 741 quam
1038 663 1205 753 ejusmodi,
1223 691 1294 752 quae
1310 678 1420 736 contra
1439 689 1562 734 sacram
1590 671 1738 733 Ecclesiae
1766 672 1867 733 tradi·

158 763 273 825 Christi
291 759 470 823 attestantis
498 757 640 820 oraculo.
669 757 721 819 Sic
752 758 859 820 videat
887 777 985 839 opera
1037 767 1156 829 tionem
1185 768 1360 831 afferuntur
1386 769 1418 830 in
1447 769 1525 843 dies,
1554 768 1751 843 ratiunculis,
1796 786 1865 829 ma-

43 860 61 898 ·'
158 860 305 941 pestifera
332 862 365 918 et
390 856 502 918 Latino
528 861 560 917 et
574 855 692 918 Gallico
729 874 874 918 sermone
912 875 985 918 eon·
1037 883 1100 944 gno
1130 866 1319 947 simplicium
1348 867 1598 929 Christianorum
1626 865 1753 940 damno,
1785 885 1865 946 qno-

157 959 287 1039 ⁸0¹⁹lP¹⁸2
316 955 371 1018 ubl
398 955 548 1034 Plffifffllfl
579 962 697 1033 negant
717 959 836 1016 *Mosen
878 962 985 1018 ancto-
1039 979 1109 1024 rum
1124 963 1302 1027 fideshisce
1330 964 1496 1045 praestigiis
1525 964 1687 1037 minuitur,
1718 969 1775 1024 aut
1802 980 1866 1024 sae·

157 1075 225 1120 rem
252 1055 347 1117 tuisse
371 1053 524 1115 librorum
553 1053 794 1115 pentateuchi:
838 1055 924 1133 qnod
951 1062 986 1117 ut
1039 1080 1079 1141 pe
1120 1063 1368 1142 corrumpitur:
1411 1062 1537 1123 tametsi
1575 1079 1637 1122 uno
1667 1061 1757 1140 qnasi
1785 1061 1866 1121 flatu

160 1153 300 1236 probent
324 1157 435 1214 contra
462 1150 577 1212 Christi
606 1156 637 1211 et
665 1150 881 1230 apostolorum
917 1151 985 1232 ejus
1040 1159 1185 1239 dissipari
1199 1164 1340 1240 possunt.
1357 1159 1476 1232 Quibus
1490 1158 1691 1239 postmodnm
1722 1158 1867 1220 animad-

158 1251 394 1322 auctoritatem,
412 1248 533 1328 aliquot
553 1246 623 1309 loca
651 1247 787 1309 aderunt
811 1250 985 1329 praesertim
1039 1257 1146 1331 versia,
1163 1256 1261 1336 pudet
1288 1255 1494 1318 hominasani
1522 1254 1647 1330 erroris,
1679 1273 1760 1334 quos
1787 1255 1864 1316 sim-

157 1369 196 1412 ex
225 1346 486 1420 Deuteronomio,
516 1345 632 1424 quibus
661 1347 799 1424 perversi
828 1346 986 1426 dogmatis
1039 1354 1174 1436 plexae
1201 1356 1254 1435 pia
1281 1355 1359 1416 fides
1394 1353 1427 1414 in
1469 1354 1573 1416 officio
1615 1353 1776 1414 contium
1810 1352 1866 1414 de.

157 1454 191 1511 et
217 1446 382 1526 hucusque
410 1445 546 1507 inauditi
567 1444 750 1522 opinionem
782 1445 893 1506 lnltam
918 1464 986 1508 csse
1038 1450 1161 1513 buerat.

158 1546 281 1608 volunt.
311 1545 471 1624 Scriptum
503 1550 561 1616 est,
597 1543 757 1621 inquiunt,
787 1547 984 1606 Deuterono-
1078 1550 1147 1612 Jam
1163 1550 1234 1629 quis
1248 1549 1351 1612 dicere
1374 1549 1512 1611 sufficiat
1529 1553 1649 1627 quanto
1677 1548 1770 1612 nobis
1797 1547 1862 1609 sint

160 1643 215 1704 mii
229 1661 299 1721 cap.
324 1659 346 1714 1,
363 1660 443 1702 vers.
455 1644 476 1701 l
496 1687 502 1700 .
520 1639 597 1700 Haec
624 1645 697 1700 runt
723 1638 825 1720 verba,
852 1641 983 1721 qualo·
1039 1646 1251 1708 emolumento
1281 1647 1402 1708 scholia
1428 1646 1485 1709 illa
1512 1645 1700 1725 marginalia
1724 1645 1766 1707 ad
1796 1662 1867 1706 ern.

159 1746 250 1803 cutus
264 1745 311 1800 est
325 1739 620 1799 Mosesaiomnem
635 1737 739 1800 Israel
753 1745 843 1800 trans
864 1739 1188 1809 sorde-Bditionem
1231 1751 1264 1805 et
1303 1743 1544 1823 intelligentiam
1587 1743 1822 1823 scripturarum
1851 1741 1899 1800 i·

160 1845 302 1901 ποιητοί
317 1838 511 1917 deindecap.
529 1855 576 1910 ιιι,
607 1840 746 1900 vcra.8:
783 1838 985 1920 Tulimusqus
1040 1842 1124 1904 Nihil
1152 1848 1199 1905 est
1226 1845 1259 1904 in
1296 1844 1439 1904 versione
1481 1841 1727 1922 Hieronymiana
1768 1839 1868 1901 ambi·

35 1928 39 1941 ’
161 1937 220 1999 illo
246 1937 278 1997 in
305 1941 438 2018 tempore
466 1941 582 1996 terram
606 1935 645 1996 de
658 1955 752 1996 manu
779 1937 913 1997 duorum
934 1957 985 1997 rc·
1039 1959 1136 2021 gnum
1152 1946 1185 2003 et
1211 1941 1451 2013 subobscurum,
1482 1940 1568 2019 qnod
1595 1939 1776 2001 illucescere
1802 1957 1866 1999 non

156 2055 232 2115 gum
255 2032 524 2107 Amorrhaeorum,
555 2033 611 2114 qui
637 2041 728 2095 eram
754 2040 843 2098 trans
868 2034 985 2104 lorda-
1039 2039 1157 2101 iaciant
1174 2059 1182 2117 ;
1199 2038 1279 2100 nihil
1306 2044 1354 2100 est
1383 2038 1486 2098 laxius
1514 2044 1545 2098 et
1572 2039 1800 2113 παραφραστικῶς
1833 2037 1867 2097 in

160 2152 239 2193 nem.
282 2135 450 2211 Repugnat
492 2138 598 2193 autem
627 2132 696 2195 hacc
737 2132 872 2214 abipso
900 2135 987 2196 Mose
1040 2156 1078 2198 ea
1105 2155 1300 2217 expressum,
1329 2135 1416 2215 qnod
1443 2136 1528 2197 intra
1554 2135 1701 2214 proprios
1729 2135 1808 2195 tinea
1836 2139 1869 2196 et

159 2231 256 2294 luisse
283 2230 396 2291 litteris
419 2230 548 2300 tradita,
566 2250 637 2292 cum
656 2230 710 2293 ille
732 2250 888 2311 nusquam
915 2234 986 2295 Jor·
1040 2235 1164 2296 nativos
1205 2234 1374 2296 verborum
1418 2251 1528 2294 sensus
1569 2250 1633 2293 non
1671 2231 1766 2293 fuerit
1812 2250 1870 2311 per

32 2408 38 2419 μ
160 2328 277 2390 danem
307 2327 478 2400 transierit,
510 2334 542 2387 et
568 2346 659 2407 reges
684 2329 862 2390 Amorrhaei
884 2347 988 2408 respe-
1041 2335 1162 2397 scholia
1189 2334 1474 2414 circumscriptum.
1495 2334 1552 2395 Hic
1580 2351 1735 2395 summam
1765 2332 1868 2412 pieta-

160 2433 214 2489 ctn
232 2426 410 2506 ipsiusnon
434 2430 534 2499 trans,
565 2425 619 2485 scd
646 2425 693 2485 cis
720 2427 891 2487 Jordanem
927 2426 987 2488 ha·
1041 2435 1103 2492 tem
1120 2429 1287 2503 redolent;
1314 2429 1379 2490 illic
1407 2428 1635 2507 significantias
1663 2428 1868 2489 Hebraeorum

30 2520 48 2609 'A
161 2522 344 2585 bitavcrint.
361 2523 394 2585 Si
415 2527 520 2584 autem
549 2540 750 2602 opponamus
772 2524 805 2584 in
834 2523 987 2585 Hebraico
1040 2528 1209 2589 verborum
1250 2533 1307 2589 ant
1346 2527 1521 2606 singulares
1549 2532 1581 2587 et
1608 2525 1780 2598 inauditas,
1810 2531 1869 2588 aut

159 2623 312 2702 scriptum
353 2619 417 2699 legi
451 2631 530 2694 aava,
575 2619 689 2691 berver,
730 2620 815 2701 quod
858 2623 988 2683 omnino
1042 2631 1125 2685 certe
1140 2625 1316 2686 rarissimas
1345 2624 1512 2704 produnt;
1538 2623 1643 2703 plnres
1674 2627 1779 2683 textus
1809 2621 1868 2682 He-

160 2722 348 2802 ambiguum
372 2726 431 2794 est,
462 2726 494 2782 et
521 2721 562 2781 ad
587 2721 763 2783 citeriorem
790 2722 839 2784 vel
858 2723 988 2785 ulterio-
1042 2723 1119 2785 braei
1146 2723 1302 2784 variantes
1328 2722 1479 2784 lectiones
1507 2722 1653 2794 retinent,
1682 2719 1776 2782 fldem
1797 2719 1867 2780 uhi-

160 2838 228 2884 rsm
254 2825 377 2900 partem
406 2819 642 2880 accommodari
667 2824 770 2898 potest
796 2838 854 2900 pro
878 2838 987 2882 conse·
1041 2839 1103 2901 qne
1123 2820 1342 2882 admirabilem
1370 2820 1547 2881 scholiastis
1575 2817 1808 2890 commendant,
1837 2823 1868 2878 et

161 2919 294 3002 quentia
322 2918 510 2981 sermonis:
540 2925 655 2997 urgent
697 2919 803 2982 adhuc
835 2920 985 2994 diceutes,
1041 2919 1326 2998 sipaucataudem
1354 2918 1503 2997 excipias,
1530 2917 1562 2978 in
1591 2916 1706 2996 quibus
1731 2915 1867 2976 halluci-

162 3029 230 3083 rau:
255 3035 392 3096 semper,
422 3023 511 3077 trans
539 3017 739 3095 interpretari
769 3018 854 3097 apud
879 3036 989 3080 omnes
1042 3022 1152 3077 natum
1180 3034 1251 3077 enm
1276 3015 1444 3088 credimus,
1476 3012 1729 3076 nihilillisnotis
1751 3011 1869 3073 criticis

164 3120 297 3181 veteres.
327 3113 381 3192 qni
422 3111 562 3191 lingnam
597 3112 786 3174 Hebraioam
815 3113 984 3176 callebant.
1001 3105 1024 3174 (l
1043 3112 1244 3194 praestantius
1267 3113 1439 3193 antiquitas
1468 3130 1557 3174 saera
1586 3112 1719 3192 posteris
1744 3110 1870 3172 tradere

161 3215 213 3284 st,
242 3209 341 3272 velint
369 3208 481 3282 nolint,
503 3209 740 3271 Deuteronomii
766 3211 902 3290 scriptor
929 3210 990 3271 luit
1044 3209 1157 3290 potnit.
1189 3213 1225 3271 ln
1261 3209 1300 3271 iis
1340 3209 1538 3272 recensendis
1577 3208 1767 3270 utilitatibus
1803 3207 1869 3285 jam

161 3310 229 3389 ipsc
264 3309 365 3370 Moses
395 3325 403 3368 ε
447 3325 505 3368 nec
546 3307 717 3369 temeritati
757 3309 989 3370 neotericornm
1045 3325 1108 3368 non
1143 3303 1349 3379 immorabor,
1373 3324 1445 3367 cum
1473 3305 1539 3367 sole
1566 3304 1714 3366 clariores
1742 3302 1804 3364 rint
1833 3320 1871 3363 ac

163 3405 312 3484 deinceps
339 3403 529 3484 relinquitur
555 3403 656 3478 locus,
687 3406 839 3484 qnoniam
868 3405 991 3468 scholia
1044 3403 1176 3465 curiosis
1203 3403 1348 3464 omnibus
1390 3401 1663 3463 manifestissimae.
1706 3402 1740 3462 ln
1778 3399 1871 3459 unica

165 3501 354 3581 marginalia
382 3502 517 3563 Cononis
543 3501 705 3564 Hebraicae
733 3503 874 3565 veritatis
901 3522 989 3584 aper·
1045 3506 1151 3562 tamen
1179 3499 1296 3580 pagina
1332 3499 1523 3580 multiplices
1562 3499 1693 3561 ostendo
1735 3495 1870 3559 scholio-

169 3599 520 3662 tissimedemonstrant
538 3616 647 3661 vocem
677 3599 853 3673 liebraeam,
877 3599 989 3678 berver,
1046 3617 1114 3659 rum
1143 3597 1264 3658 tructus
1292 3603 1323 3658 et
1350 3595 1513 3669 utilitates,
1542 3601 1578 3659 ut
1606 3597 1650 3658 sic
1678 3595 1717 3657 de
1745 3593 1870 3656 caeteris

164 3715 229 3759 non
244 3701 345 3772 trans,
361 3714 428 3758 esse
442 3695 649 3769 reddendam,
680 3696 747 3769 sed,
777 3697 811 3756 in
839 3698 989 3759 transitu.
1044 3696 1217 3760 innumeris
1244 3695 1501 3775 bonisjudicinm
1543 3715 1582 3758 ex
1622 3714 1685 3757 uno
1713 3696 1869 3757 iaciamus

162 3797 237 3869 Qum
261 3794 322 3856 hoc
350 3795 445 3855 modo
473 3794 555 3855 lecta
595 3801 626 3854 et
667 3794 828 3856 intellecta
867 3796 986 3874 optime
1044 3793 1871 3872 locossolumnisigiturtlttet100istaoccurrnnt

160 3893 309 3957 convenit
336 3892 418 3954 Mosi
461 3891 604 3970 loquenti
645 3909 682 3952 ac
710 3892 859 3953 scribenti
885 3909 893 3952 ε
919 3899 988 3954 erat
1041 3890 1375 3969 marginaliascholia‚
1392 3891 1495 3970 primo
1522 3910 1539 3952 e
1566 3892 1664 3953 latere
1692 3890 1789 3971 hujus
1815 3909 1869 3952 sa-

161 3991 292 4053 enimin
309 3989 471 4069 procinctu
488 3989 526 4048 ad
548 3989 775 4049 transeundum
802 3989 984 4062 Iordanem,
1041 3991 1085 4051 cri
1116 3995 1281 4050 contextus
1307 4007 1315 4050 :
1344 3988 1388 4050 Et
1406 3989 1542 4071 populus
1571 3996 1644 4051 tuus
1679 4009 1769 4071 quem
1796 3990 1871 4051 edu-

163 4089 294 4169 quando
318 4086 664 4151 verbaDeuteronomii
679 4088 986 4150 locutusestadom·
1040 4087 1129 4147 xisti.
1145 4086 1255 4167 (Dent.
1280 4103 1320 4167 rv,
1338 4087 1403 4162 ts),
1435 4093 1494 4149 etc.
1524 4091 1573 4149 Ita
1599 4094 1706 4149 monet
1733 4087 1871 4149 scholia-

159 4204 231 4248 nem
246 4186 353 4248 Israel.
369 4188 449 4248 Ecce
463 4203 558 4265 quam
574 4184 635 4245 levi
650 4185 788 4262 negotio,
815 4186 907 4247 nnius
931 4205 987 4248 vo·
1041 4191 1115 4257 stes,
1131 4183 1476 4265 Hebraeusnonlrabct,
1507 4190 1590 4246 tuus.
1622 4189 1657 4247 In
1692 4184 1752 4246 hac
1781 4191 1873 4246 uota·

161 4281 240 4343 cnlae
255 4290 341 4343 recta
353 4281 625 4360 interpretatione,
643 4280 826 4342 dissolvitur
839 4284 988 4345 formido·
1042 4282 1126 4343 tione
1156 4283 1232 4343 tides
1260 4282 1328 4361 ejus
1358 4283 1495 4344 maxime
1525 4283 1627 4345 clucet
1668 4288 1764 4361 atque
1800 4281 1871 4343 dili-

161 4377 230 4442 losa
242 4378 298 4440 illa
312 4383 343 4440 et
356 4376 588 4456 insuperabilis,
604 4382 640 4436 nt
653 4377 712 4438 sibi
727 4378 901 4453 videbatur,
933 4380 989 4442 ob·
1042 4380 1158 4457 gentis.
1191 4384 1426 4458 Consequentur
1453 4398 1528 4441 vcro
1564 4381 1604 4441 ad
1645 4380 1701 4440 illa
1741 4379 1867 4441 verba:

157 4474 476 4556 jectionismacbina,
494 4475 859 4552 quaminPentateuchi
883 4472 1364 4557 legiti·l)Nooitecxn0mine.
1390 4475 1506 4555 (Exod.
1537 4495 1647 4550 xxxin,
1679 4478 1741 4555 17),
1769 4476 1870 4537 semel

162 4593 250 4636 mum
265 4578 425 4635 auctorem
442 4571 540 4632 critici
558 4571 686 4650 quidam
713 4575 901 4636 recentiores
920 4582 987 4637 tor·
1041 4575 1198 4635 etiterum
1225 4574 1363 4634 docetin
1391 4575 1523 4635 Hebraeo
1552 4574 1671 4647 haberi,
1701 4573 1868 4634 Notescam

39 4739 49 4747 ,
162 4678 271 4754 quent.
287 4674 376 4734 (leste
387 4670 447 4732 hoc
473 4669 523 4730 vel
550 4688 613 4730 nno
641 4669 711 4729 loco
736 4671 897 4750 profligari
914 4691 988 4753 pos·
1041 4668 1101 4729 tibi
1128 4671 1161 4729 in
1191 4669 1314 4730 nomine
1343 4688 1351 4730 ε
1380 4689 1476 4749 quam
1517 4670 1808 4751 interpretationem
1836 4672 1868 4733 in

162 4776 247 4846 sunt,
274 4771 395 4831 utinam
426 4775 457 4830 et
485 4767 640 4840 convinci,
671 4767 852 4847 quicunqne
876 4774 988 4831 Mosen
1041 4766 1110 4827 aliis
1124 4766 1264 4827 Hebraeis
1279 4767 1494 4846 scriptoribus,
1521 4774 1553 4828 ct
1580 4768 1764 4829 Latinorum
1795 4770 1868 4847 plu·

51 4896 54 4901 ¹
163 4873 282 4947 negant
296 4874 456 4929 auctorem
482 4865 576 4926 luisse
600 4882 763 4925 sacrorum
791 4866 988 4928 voluminum
1042 4865 1128 4925 rimis
1169 4865 1410 4927 Commentariis
1446 4866 1562 4927 frustra
1589 4866 1731 4945 quaesivi.
1765 4867 1869 4937 Onam

162 4966 380 5030 pentateuchi.
424 4967 611 5042 Quanquam
646 4961 820 5024 timendum
862 4971 908 5027 est
949 4984 988 5026 ne
1042 4963 1255 5043 piusqnoqne
1283 4963 1379 5025 inerit
1412 4981 1449 5024 ac
1471 4963 1637 5041 religiosus
1653 4969 1758 5024 noster
1773 4964 1870 5026 scho-

40 5106 45 5123 .
162 5063 287 5126 erudito
315 5069 347 5125 et
375 5062 532 5125 catholico
561 5059 738 5122 scholiastae
767 5080 829 5122 non
859 5063 987 5142 acquic·
1041 5062 1157 5133 liastcs,
1188 5060 1347 5134 discimus,
1376 5060 1408 5122 ni
1436 5060 1540 5133 fallor,
1569 5080 1608 5122 ex
1637 5061 1730 5121 modo
1771 5080 1871 5142 expo·

163 5165 265 5238 scunt,
295 5161 350 5239 qui
376 5159 471 5221 etiam
500 5156 617 5220 Christi
644 5157 771 5218 Domini
808 5160 988 5222 testimonio
1041 5158 1137 5220 nendi
1160 5160 1245 5219 hunc
1287 5158 1388 5219 Exodi
1416 5157 1554 5218 locum:
1598 5157 1667 5238 Ego
1705 5160 1870 5220 ostendam

165 5276 229 5321 non
258 5257 386 5319 cedunt.
414 5256 476 5318 Sed
509 5254 535 5315 si
562 5253 609 5314 illi
649 5254 832 5333 resipiscere
873 5257 987 5330 nolint,
1042 5274 1130 5316 omne
1145 5254 1257 5315 bortum
1272 5254 1342 5328 tibi,
1358 5253 1512 5316 etoocabo
1540 5255 1574 5315 in
1601 5255 1724 5315 nomine
1750 5254 1870 5318 Domi·

166 5356 279 5417 saltem
320 5354 434 5416 sinceri
469 5349 618 5412 catholici
646 5368 755 5411 omnes
783 5353 928 5429 gratiam,
954 5360 989 5415 nt
1042 5353 1087 5427 ni,
1104 5359 1165 5413 etc.
1180 5351 1279 5432 (Ibid.
1297 5352 1358 5434 19.)
1375 5356 1447 5414 Non
1476 5354 1558 5414 enim
1588 5372 1626 5414 ea
1653 5354 1752 5414 verba
1769 5358 1872 5418 refert

166 5474 342 5535 speramus,
386 5454 548 5517 habebunt
579 5451 757 5513 scholiasta
785 5460 903 5530 nostro,
934 5455 989 5534 qui
1042 5451 1081 5511 ad
1110 5451 1260 5510 visionem
1277 5451 1567 5522 Essentiaediviuae,
1598 5457 1633 5512 ut
1661 5451 1753 5512 multi
1780 5471 1870 5515 nnnc

166 5552 344 5617 divinorum
388 5552 553 5616 Librorum
591 5548 811 5611 anctoritatem
840 5551 989 5614 adversus
1042 5547 1193 5627 temporis
1220 5548 1401 5611 scholastici
1427 5549 1570 5621 faciunt;
1599 5548 1654 5609 sed
1681 5567 1775 5610 omne
1804 5550 1868 5612 bo·
