3878 6150
123 304 182 365 W
807 305 915 364 uleus
933 309 946 363 l
964 304 1170 364 munemel.
1786 306 1842 368 ⁷⁵8

123 433 217 506 eelse,
236 432 407 507 attitulas),
422 449 513 508 super
527 448 646 491 omnem
669 432 773 491 oollem
797 432 958 498 exoelsum,
972 437 997 502 Α
1013 437 1043 490 et
1056 433 1179 491 abstulit
1195 436 1378 493 effeminatos
1399 436 1435 494 de
1456 439 1534 494 terra
1559 437 1755 512 purgavitque
1775 441 1842 499 unl-

126 528 159 583 et
171 524 276 582 subter
292 540 411 582 omnem
423 522 557 582 arborem
572 523 753 592 lrondosam;
771 523 822 580 sed
838 525 867 579 et
888 521 958 579 elle·
1012 540 1117 581 verses
1133 526 1235 583 sordes
1248 526 1393 584 idolorum
1407 526 1449 599 (b.
1464 543 1522 584 non
1542 527 1649 595 habet),
1675 546 1739 603 quo
1763 530 1841 588 leoe-

130 612 237 670 minati
252 613 293 682 lb.
308 613 507 687 effeminatus)
521 613 641 670 luerunt
654 612 685 669 in
700 617 789 683 terra,
814 613 959 669 lecerunt·
1013 618 1083 671 rant
1097 618 1194 686 patres
1204 616 1278 686 ejus.
1292 617 1612 689 lnsnparetllaaeham
1620 622 1742 676 matrem
1753 636 1839 678 suam

127 718 187 776 que
203 718 308 760 omnes
322 702 560 761 abominationes
581 701 725 776 gentium,
751 716 825 775 quas
849 701 960 758 attrivit
1012 704 1132 768 amovit,
1148 708 1276 760 neessat
1297 704 1433 778 princeps
1459 705 1488 760 in
1515 707 1607 763 asans
1630 706 1738 780 Priapi,
1763 718 1792 766 et
1806 709 1836 766 in

125 791 273 849 Dominus
290 795 359 849 ente
373 791 478 849 laoiem
495 790 625 849 filiorum
642 790 741 850 lsrael.
766 790 810 853 (Τ.
828 790 913 861 iix.)
929 790 958 846 in
1011 790 1075 848 loeo
1090 793 1165 864 ejus,
1181 796 1837 869 quamconsecraverat,snbvertitqnespeoum

128 880 235 953 quinto
251 885 351 939 antem
363 896 442 938 enno
458 881 541 954 regni
561 880 695 938 Roboam
719 880 852 937 aseendit
871 878 958 937 Sesa⁰
1013 881 1837 957 ejus,etooniregitsimuleoromturpissimum,etoom·

126 986 180 1027 rex
195 969 351 1044 AEgyptiin
366 968 541 1041 Jerusalem,
557 973 588 1026 et
603 968 837 1026 tulittbesauros
850 968 958 1025 domus
1011 970 1109 1028 bueait
1124 971 1153 1026 in
1170 975 1298 1029 torrente
1312 973 1436 1030 cedron:
1451 973 1566 1030 excelsa
1580 977 1679 1031 autem
1695 991 1752 1032 non
1770 977 1836 1034 aba·

128 1058 258 1126 Domini,
274 1057 474 1116 ettheseuvos
490 1058 596 1129 regios,
611 1062 641 1114 et
664 1058 801 1115 universa
824 1057 956 1131 diripuit,
1014 1059 1094 1117 tulit.
1112 1060 1319 1117 Verumtamen
1344 1078 1395 1118 eor
1418 1063 1473 1118 Asa
1495 1062 1656 1134 perfeetum
1680 1070 1744 1120 erat
1767 1080 1835 1122 eum

124 1153 212 1205 soute
226 1163 345 1222 quoque
367 1164 468 1215 auree,
492 1164 557 1221 que
583 1147 695 1204 leoerat
720 1146 877 1216 Salomon;
903 1161 956 1219 pro
1011 1149 1073 1221 (ms.
1090 1149 1201 1222 eoram)
1217 1149 1341 1207 Domino
1355 1149 1682 1216 ounotiediebiussuis,
1696 1150 1836 1210 etlntnlit

122 1237 238 1311 quibus
253 1237 322 1295 ieoit
336 1236 464 1295 boboam
481 1253 532 1294 rex
546 1241 630 1294 sonte
645 1253 729 1308 erea,
745 1246 775 1292 et
788 1236 909 1293 tradidit
923 1251 957 1293 ea
1010 1253 1054 1304 aa,
1071 1254 1136 1311 qne
1151 1239 1386 1295 sanctificaverat
1406 1243 1490 1313 peter
1511 1256 1585 1297 suus
1603 1244 1633 1296 et
1654 1246 1781 1309 voverat,
1803 1241 1833 1298 in

122 1326 153 1383 in
171 1343 264 1384 mann
279 1325 759 1396 duenmsoutariornm,ateorum
771 1325 955 1398 quiexouba·
1010 1326 1130 1383 domum
1147 1327 1273 1396 Domini,
1296 1332 1450 1400 argentum
1466 1331 1496 1385 et
1508 1344 1623 1398 eurum,
1639 1333 1756 1387 atvesa.
1768 1330 1835 1387 Bel-

124 1415 276 1473 bentento
287 1414 398 1472 ostium
409 1414 955 1489 domusregiscumqueingrederetur
1008 1415 1071 1473 lum
1086 1420 1185 1472 autem
1201 1420 1266 1473 eret
1281 1417 1359 1473 inter
1382 1421 1440 1475 Asa
1460 1421 1489 1474 et
1512 1418 1714 1491 Bassai-egem
1731 1418 1832 1477 lsrael.

124 1520 177 1561 rex
189 1503 221 1560 in
234 1503 356 1561 domum
378 1504 508 1571 Domini,
519 1504 674 1577 portabant
688 1520 721 1561 ea
741 1505 791 1576 qui
806 1492 956 1577 praeeundi
1008 1505 1124 1561 eunctis
1140 1505 1244 1562 diebus
1259 1522 1374 1566 eorum.
1391 1507 1529 1564 escendit
1543 1523 1660 1580 quoqne
1674 1508 1768 1565 Bassa
1782 1525 1832 1567 rex

120 1591 274 1651 hebebant
287 1593 431 1663 ollloium,
445 1596 475 1651 et
490 1598 593 1666 postea
607 1592 842 1667 reportabanted
855 1608 952 1649 arma·
1008 1593 1099 1651 lsrael
1116 1594 1145 1649 in
1161 1594 1282 1654 ludam.
1297 1598 1327 1652 et
1340 1595 1493 1653 adilleevlt
1508 1595 1610 1667 Rama,
1622 1601 1724 1654 utnon
1733 1603 1832 1671 posset

122 1682 306 1739 monterium
322 1683 529 1740 sonmriorum.
543 1682 665 1756 Reliqua
673 1687 771 1740 autem
783 1698 951 1739 sermonum
1007 1683 1155 1756 quispiam
1173 1683 1272 1757 egredi
1287 1684 1332 1740 vel
1350 1684 1464 1756 ingredi
1480 1686 1516 1742 de
1529 1689 1610 1758 parte
1620 1690 1679 1743 Asa
1691 1687 1830 1760 regielu·

121 1773 267 1844 Roboem,
283 1777 313 1829 et
328 1771 462 1829 omnium
479 1788 544 1845 qua
559 1772 638 1844 feeit,
660 1788 728 1829 eoae
752 1772 860 1845 soripta
882 1774 952 1827 eunt
1007 1773 1055 1828 da.
1070 1773 1112 1833 (Τ.
1131 1771 1240 1845 exili.)
1255 1772 1372 1829 Tollene
1387 1773 1486 1846 itaque
1499 1777 1558 1830 Asa
1571 1789 1658 1831 omne
1672 1781 1829 1849 ungentum

120 1860 164 1931 (h.
182 1861 551 1934 nonneeoriptesuntlin
574 1860 651 1918 libro
674 1859 837 1918 Verborum
862 1860 952 1933 (Vada-
1007 1862 1266 1934 eteorum,quod
1291 1867 1474 1920 remanserat
1496 1863 1527 1918 in
1551 1862 1698 1921 thesauris
1721 1866 1829 1923 domne
1869 1932 1872 1937 ἕ

122 1951 310 2021 sermonum)
335 1950 451 2007 dierum
475 1965 579 2024 regum
594 1948 680 2006 Jude.
698 1951 818 2021 luitque
836 1949 947 2006 bellum
1003 1949 1132 2022 Domini,
1144 1955 1171 2007 et
1187 1950 1217 2005 in
1232 1950 1380 2008 thesauris
1399 1952 1506 2010 domus
1530 1953 1626 2027 regiae,
1650 1955 1731 2011 dedit
1751 1955 1825 2012 illud

119 2036 199 2095 inter
213 2037 343 2097 boboam
358 2043 388 2096 st
402 2039 559 2097 leroboam
575 2039 688 2096 eunetis
703 2039 818 2096 diebus.
835 2038 948 2095 Dorml·
1003 2040 1033 2096 in
1050 2055 1153 2096 menne
1169 2055 1323 2096 servorum
1347 2056 1481 2111 suorum,
1506 2047 1535 2098 et
1546 2043 1629 2099 misit
1639 2045 1675 2099 ad
1688 2043 1823 2104 bounded

117 2128 220 2201 vitque
231 2129 363 2187 lioboem
376 2146 443 2187 eom
460 2129 596 2203 patribus
612 2129 685 2200 suis,
701 2134 732 2187 et
745 2129 880 2203 sepultus
903 2132 949 2186 est
1003 2126 1097 2183 fllium
1114 2127 1277 2183 Tabremon
1293 2127 1347 2184 lilii
1362 2127 1462 2192 Deion,
1478 2144 1576 2200 regem
1593 2129 1692 2203 Syris,
1707 2132 1757 2203 qui
1773 2132 1826 2190 be·

117 2234 185 2276 anm
201 2217 291 2276 eisin
309 2218 427 2276 eivitate
444 2218 546 2275 David:
561 2219 609 2291 (Τ.
627 2218 698 2291 lx.)
718 2234 824 2275 nomen
848 2224 947 2275 autem
1002 2216 1115 2272 biiebat
1129 2216 1157 2272 in
1174 2215 1329 2273 Damasco.
1342 2217 1455 2273 diesne:
1471 2217 1577 2274 l'mdus
1601 2224 1646 2275 ast
1674 2220 1751 2276 inter
1778 2238 1826 2279 me

119 2307 227 2365 metris
242 2308 308 2379 eins
319 2307 431 2366 Naama
445 2306 635 2379 ammanitis,
662 2313 691 2365 et
718 2308 849 2381 regnavit
875 2308 949 2366 libia
1001 2309 1030 2361 et
1044 2308 1084 2371 te,
1101 2309 1130 2361 ot
1144 2306 1221 2361 inter
1234 2310 1347 2377 patrem
1364 2321 1463 2363 meum
1479 2311 1510 2362 et
1523 2312 1636 2379 patrem
1651 2312 1749 2365 tuum:
1760 2308 1826 2366 idea

115 2397 156 2468 lb.
171 2395 295 2470 Abiem)
309 2396 390 2453 illius
404 2397 471 2468 ejus
485 2412 538 2469 pro
553 2413 588 2453 eo
1001 2393 1069 2451 misi
1086 2395 1140 2450 tibi
1168 2410 1303 2464 munere,
1320 2400 1474 2467 argentum
1491 2401 1520 2452 et
1535 2412 1652 2464 aurum,
1664 2402 1693 2454 et
1705 2404 1782 2471 peto,
1794 2404 1828 2457 ut

150 2485 234 2559 (Cep.
251 2485 329 2556 XV.)
344 2486 437 2559 Igitur
452 2486 482 2541 in
497 2490 597 2542 octavu
623 2486 737 2542 decimo
761 2502 839 2542 anno
865 2486 947 2559 regni
1002 2485 1117 2552 venias,
1133 2488 1162 2539 at
1172 2484 1288 2540 irritum
1306 2484 1396 2541 lanias
1417 2485 1523 2553 ledus,
1549 2488 1626 2557 quod
1649 2487 1741 2545 babes
1756 2504 1824 2545 oum

110 2575 276 2634 leroboem
292 2572 344 2630 iiiii
359 2574 465 2645 Nabat,
481 2574 615 2647 regnavit
625 2574 731 2631 Abiam
743 2576 946 2646 superludam
1001 2577 1093 2629 Bessa
1110 2588 1177 2646 rege
1192 2572 1292 2644 lsrael,
1313 2577 1342 2628 at
1364 2574 1476 2629 reeedat
1503 2591 1520 2630 e
1542 2590 1600 2631 me.
1625 2576 1824 2648 nequiesaens

111 2664 229 2722 Tribus
244 2663 331 2721 annis
345 2664 478 2737 regnavit
493 2664 522 2720 in
546 2662 733 2720 Jerusalem:
758 2678 864 2721 nomen
889 2680 949 2720 me·
1001 2660 1137 2717 benadad
1155 2660 1214 2733 regi
1231 2663 1298 2728 llsa,
1311 2661 1393 2718 misit
1409 2662 1556 2735 principes
1569 2665 1715 2722 exereitus
1730 2667 1776 2721 sui
1792 2668 1822 2722 in
1923 2690 1927 2697 ¹

109 2754 170 2811 tris
184 2753 255 2825 elus
269 2752 390 2809 lleaoba
405 2751 466 2809 iilia
481 2751 621 2810 absalom
637 2754 646 2789 ¹
663 2751 705 2824 (b.
724 2751 771 2808 laio
784 2752 866 2809 tata
878 2753 947 2808 Abi·
1000 2750 1134 2807 eivitates
1150 2749 1249 2820 lsrael,
1265 2755 1294 2806 et
1304 2754 1514 2823 percusserunt
1528 2750 1633 2815 ebion,
1648 2760 1677 2808 et
1691 2751 1766 2817 Den.
1794 2759 1823 2811 et

108 2842 238 2913 wem).
252 2840 479 2913 Ambulevitqne
494 2841 524 2897 in
538 2841 678 2898 omnibus
700 2844 828 2914 peooatis
854 2841 947 2913 patris
1000 2837 1073 2897 Abel
1089 2839 1209 2894 domum
1225 2838 1355 2905 Moecha,
1370 2843 1398 2896 et
1413 2839 1580 2896 universam
1591 2840 1822 2916 Chanerotbtovs.

109 2933 173 3002 sui,
188 2948 256 3004 quea
271 2932 378 2989 leserat
393 2934 556 2999 antaeum,
572 2946 626 2987 nes
640 2935 703 2986 erat
717 2947 769 2987 eor
790 2931 856 3002 ejus
882 2945 947 3002 per·
1000 2927 1164 2995 Cenemtb),
1182 2944 1300 2984 omnem
1316 2928 1428 2985 soilioet
1442 2933 1549 2984 terram
1563 2929 1728 3001 Nepbtbali.
1738 2932 1819 2997 Quod

107 3023 228 3080 Mum
244 3036 311 3077 oum
327 3018 451 3076 Domino
466 3025 524 3077 Deo
539 3036 604 3089 suo,
616 3020 694 3076 siout
710 3036 760 3076 eor
776 3018 864 3076 David
894 3035 946 3092 pa·
1000 3031 1066 3073 oum
1083 3016 1216 3073 audisset
1231 3016 1333 3073 Bessa:
1359 3017 1518 3073 intermisit
1545 3017 1689 3074 aditloare
1719 3018 1821 3091 Reme,

107 3111 170 3171 tris
186 3109 264 3182 alos.
276 3108 330 3165 Sed
347 3113 466 3180 propter
480 3109 568 3165 David
585 3108 704 3165 deditei
715 3109 857 3165 Dominus
868 3107 946 3164 Deus
999 3109 1028 3163 et
1043 3121 1178 3163 reversus
1193 3108 1240 3162 eat
1254 3107 1284 3162 in
1299 3105 1417 3163 Therae.
1434 3110 1492 3163 Rex
1502 3108 1670 3164 autemAse
1681 3107 1819 3167 nuntium

107 3214 190 3257 snos
205 3197 358 3255 luosrnam
375 3197 404 3253 in
420 3197 597 3264 Jerusalem,
613 3201 648 3254 ut
669 3196 825 3253 suseitaret
846 3189 979 3254 fllinmC
998 3195 1081 3252 misit
1095 3195 1125 3251 in
1136 3211 1252 3252 omnem
1268 3196 1377 3252 ludam
1390 3197 1413 3268 ¹,
1430 3195 1542 3253 diosna:
1557 3196 1649 3253 Nemo
1673 3197 1713 3253 sit
1733 3214 1820 3255 exou-

107 3290 182 3362 eJus
196 3293 264 3360 post
274 3302 354 3354 eum,
370 3290 399 3343 et
413 3291 557 3344 statuerat
571 3296 635 3359 (aas.
652 3286 754 3357 staret)
767 3284 943 3353 Jerusalem,
998 3291 1088 3341 satus.
1106 3284 1141 3340 ut
1154 3283 1288 3341 tulerunt
1300 3283 1413 3357 lapides
1428 3285 1464 3341 de
1475 3286 1577 3356 mma,
1593 3295 1620 3342 st
1644 3285 1737 3361 ligna,
1754 3287 1820 3360 qui-

107 3374 245 3449 eoquod
261 3374 379 3433 lenisset
394 3375 483 3433 David
499 3379 613 3432 reatum
629 3375 659 3431 in
675 3373 769 3432 oeulis
780 3374 947 3441 Domini,et
998 3371 1054 3429 bus
1069 3371 1263 3429 mdissooveret
1277 3373 1381 3438 Bassa,
1393 3376 1421 3429 et
1435 3374 1580 3430 exstruxit
1594 3374 1630 3431 de
1645 3374 1687 3431 eie
1697 3390 1747 3431 rex
1762 3380 1821 3433 esa

116 3482 182 3524 non
197 3463 376 3522 declinasset
392 3464 429 3520 ab
443 3465 594 3531 omnibus,
618 3480 683 3537 que
707 3469 884 3536 preceperat
907 3462 945 3532 ei,
997 3460 1821 3535 Gabaalienjamin,etllaapha.Deliquaautemomninm

109 3555 232 3615 eunetis
247 3553 433 3612 diebusvitae
462 3572 534 3622 sne,
563 3560 683 3628 exoepto
710 3570 844 3611 sermone
871 3552 946 3610 Urio
997 3566 1167 3607 sermonum
1184 3553 1252 3617 Asa,
1273 3557 1302 3606 et
1326 3552 1469 3607 univorsa
1490 3551 1677 3609 fortitudines
1701 3554 1822 3625 ejus,et

114 3645 255 3704 llettbei.
270 3646 407 3702 Attamen
422 3644 533 3702 ballum
551 3644 606 3701 luit
617 3646 694 3701 inter
709 3644 836 3701 ltobuam
850 3647 880 3699 at
897 3642 947 3699 Je-
997 3644 1105 3696 ounote
1119 3655 1183 3712 que
1198 3639 1276 3705 lecit,
1293 3644 1322 3697 et
1336 3641 1479 3697 oivitetes.
1495 3656 1569 3713 quas
1580 3643 1732 3712 exstruxit,
1749 3658 1821 3699 non·

112 3735 251 3805 roboam,
265 3733 348 3790 omni
363 3737 496 3806 tempora
510 3733 552 3806 (b.
576 3734 717 3791 omnibus
740 3732 856 3802 diebus)
879 3731 946 3789 vite
998 3744 1035 3784 ne
1049 3727 1109 3785 baa
1135 3728 1245 3800 soripta
1270 3734 1341 3785 sunt
1365 3730 1395 3785 in
1420 3728 1495 3786 libro
1516 3729 1679 3786 Verborum
1705 3731 1818 3788 dierum

111 3825 189 3899 ejns.
207 3821 329 3895 Reliqua
344 3828 442 3880 eutem
457 3838 629 3880 sermonum
639 3822 724 3889 Abia,
736 3820 946 3892 etomniaque
997 3833 1098 3890 regum
1114 3818 1205 3874 lude?
1217 3816 1427 3873 Verumtamen
1448 3818 1477 3873 in
1503 3822 1634 3890 tempore
1659 3820 1821 3877 senestutis

115 3911 200 3979 lesit,
218 3926 316 3968 nonne
328 3910 511 3985 bessoripte
530 3916 600 3968 sunt
623 3911 654 3966 in
682 3909 759 3968 libro
783 3910 944 3966 Verborum
999 3922 1059 3962 sue
1074 3904 1170 3962 doluit
1184 3905 1283 3978 pedes.
1299 3905 1334 3960 lit
1347 3904 1485 3960 dormivit
1500 3920 1566 3961 cnm
1583 3905 1718 3977 patribus
1745 3905 1819 3976 suis,

113 4003 235 4061 dierum
253 4016 359 4074 regum
377 4000 470 4058 Juda!
482 3998 946 4073 Duitquepreliuminterdbiem
997 3998 1027 4052 et
1041 3995 1177 4066 sepultus
1192 3998 1238 4050 est
1252 4008 1319 4049 oum
1335 3992 1377 4049 eis
1393 3993 1422 4047 in
1434 3992 1551 4050 civitate
1559 3993 1649 4050 David
1659 3996 1751 4067 patris
1762 3995 1820 4052 eni.

112 4097 144 4151 et
154 4092 235 4149 inter
251 4096 316 4157 (me.
330 4099 359 4147 et
376 4091 454 4162 Volq.
480 4098 575 4148 taem
597 4091 683 4161 inter)
707 4089 875 4146 lemboam.
900 4091 944 4155 (T.
998 4083 1199 4156 Regnavitque
1214 4081 1355 4155 Josapbat
1370 4080 1450 4138 illius
1464 4082 1528 4153 ejus
1539 4098 1642 4156 proso.
1656 4083 1699 4156 (T.
1714 4083 1820 4156 lxlv.)

114 4180 196 4252 nal.)
212 4178 249 4235 lit
263 4178 404 4236 dormivit
418 4179 493 4236 Abia
506 4194 574 4235 oum
591 4178 724 4251 patribus
737 4177 812 4250 suis,
828 4182 858 4235 et
868 4193 947 4251 seps·
999 4172 1102 4230 Nadab
1115 4186 1182 4228 vero
1199 4172 1278 4229 lilius
1292 4172 1448 4229 Jeroboam
1464 4171 1597 4244 regnavit
1615 4188 1705 4245 super
1733 4172 1822 4231 lsrael

115 4269 312 4328 lierontenm
341 4267 372 4324 in
402 4268 518 4325 divitaie
543 4267 645 4325 David:
673 4269 863 4340 regnavitque
889 4269 947 4324 Asa
999 4277 1076 4319 enno
1091 4260 1384 4334 seeundoAsaregis
1399 4261 1487 4317 luda:
1519 4260 1709 4333 regnavitque
1732 4276 1823 4335 super

119 4358 203 4417 dlius
217 4357 284 4430 elus
299 4373 352 4431 pro
366 4373 410 4414 eo.
425 4358 458 4414 ln
473 4373 550 4414 anno
565 4356 946 4431 argovioesimoleroboam
999 4350 1088 4408 lsrael
1104 4351 1220 4408 dnobus
1235 4351 1333 4408 annis.
1351 4352 1385 4407 llt
1398 4351 1466 4408 lenit
1480 4352 1558 4424 quod
1583 4350 1696 4407 malum
1721 4354 1766 4409 est
1789 4351 1820 4407 in

119 4450 200 4523 mgis
215 4445 308 4506 lsrael
322 4447 454 4520 regnavit
468 4448 526 4504 Asa
540 4463 591 4504 rex
603 4446 691 4515 lude,
707 4449 736 4503 et
750 4447 948 4519 quadraginta
998 4445 1157 4514 conspeetu
1172 4439 1289 4497 Domini
1304 4440 1344 4509 (b.
1361 4441 1391 4495 in
1416 4440 1532 4513 oeulis),
1558 4444 1588 4499 et
1608 4439 1771 4497 ambulavit
1788 4440 1820 4498 ln

117 4553 177 4595 nno
193 4553 273 4595 enno
294 4536 429 4611 regnavit
450 4535 481 4592 in
501 4534 677 4593 Jerusalem.
702 4535 814 4592 Nomen
841 4535 946 4592 matris
961 4552 985 4619 ῃ
999 4530 1055 4586 viis
1070 4529 1163 4602 patris
1179 4528 1235 4598 eui,
1256 4533 1284 4586 et
1299 4530 1328 4585 in
1345 4530 1473 4603 peooatis
1500 4529 1563 4602 (ma
1588 4533 1616 4587 et
1635 4528 1666 4585 in
1691 4532 1820 4602 peooato)

114 4627 191 4699 ejus,
210 4625 344 4693 lleeobe,
370 4624 433 4682 fllia
460 4624 598 4683 Abaalom
629 4623 669 4693 th.
696 4623 869 4697 abisalom).
897 4625 941 4697 (T.
1000 4619 1077 4690 ejus,
1092 4618 1201 4690 quibus
1229 4634 1349 4692 peecare
1379 4617 1444 4675 teuit
1470 4617 1568 4675 lsrael.
1594 4617 1755 4676 iusidiatos
1776 4622 1823 4676 est

116 4713 420 4787 saliquatenus„
435 4717 547 4771 rentum
561 4716 629 4770 ente
643 4716 833 4785 oonspootum
849 4713 890 4786 (b.
912 4714 942 4770 in
999 4712 1097 4764 autem
1114 4707 1140 4764 ei
1155 4711 1246 4764 Bassa
1263 4706 1341 4764 lilius
1354 4707 1435 4764 Abia
1455 4708 1490 4764 de
1511 4708 1598 4764 domo
1624 4707 1768 4777 lssaobav,
1793 4711 1823 4765 et

115 4804 209 4863 oeulis
224 4802 351 4873 Domini)
379 4801 509 4873 Domini,
537 4801 615 4861 sicut
637 4801 727 4860 David
756 4805 840 4876 pater
866 4803 943 4875 ejus,
1000 4796 1146 4870 persuasit
1174 4813 1242 4854 eum
1272 4796 1302 4853 in
1331 4796 1520 4869 Gebbelbon‚
1545 4812 1609 4870 que
1634 4797 1706 4854 urbe
1731 4795 1821 4854 l’bili·

151 5052 348 5127 ¹Suppositos
357 5051 555 5126 Hieronymus
568 5052 598 5109 in
610 5052 816 5126 Questionibas
826 5052 943 5111 Hebraei·
998 5045 1171 5105 eoboliastes
1185 5048 1279 5103 notat.
1293 5044 1328 5101 st
1341 5061 1419 5111 vero,
1430 5042 1500 5103 lieet
1514 5061 1606 5102 unum
1621 5045 1699 5102 idem
1722 5059 1759 5101 ue
1781 5042 1821 5100 sit

124 5124 157 5182 eis
172 5125 210 5183 ad
227 5125 255 5185 11
270 5124 395 5197 Perolip.
423 5127 532 5192 monet,
561 5123 640 5181 buno
667 5141 726 5181 non
755 5141 820 5182 asse
848 5124 942 5181 tilium
999 5116 1239 5176 nomenlbsoloa
1254 5118 1457 5200 attestantes,
1479 5121 1521 5201 ‘ut
1536 5133 1571 5173 ex
1591 5119 1618 5198 ll
1642 5059 1819 5199 DerDipom.

123 5196 333 5254 Devidzollon
348 5200 394 5255 est
406 5194 473 5266 iste,
488 5195 594 5266 inquit,
620 5195 757 5253 absalom
781 5196 859 5252 illius
889 5199 943 5252 lla·
998 5192 1078 5259 11,21
1095 5188 1326 5258 consistebam
1343 5193 1442 5245 umen
1459 5185 1744 5245 bioaDavvdrsfilio
1760 5185 1821 5241 Ab

124 5266 232 5338 vid,sed
248 5268 325 5326 alius
347 5268 425 5340 quod
436 5269 466 5325 in
477 5267 943 5339 Regumvoluminedemonstra·
997 5262 1145 5320 salemum
1161 5261 1255 5326 innui,
1273 5260 1342 5317 olim
1358 5261 1454 5318 visum
1482 5263 1528 5317 est
1555 5259 1725 5316 oritioornm
1739 5255 1819 5314 illus.

126 5344 177 5400 tur.
192 5360 209 5391 s
224 5340 310 5399 Hune
323 5311 421 5413 itaqua
435 5338 534 5396 lovum
550 5340 684 5406 attendit,
700 5340 771 5411 quia
783 5340 814 5396 in
830 5339 942 5396 sobolio
996 5333 1120 5406 Propius
1147 5333 1183 5390 ad
1200 5333 1290 5400 iidem
1301 5332 1448 5460 Josafbus
1460 5330 1618 5388 existimat.
1632 5330 1668 5386 de
1677 5327 1820 5385 Thamara

122 5408 203 5478 Jnxte
217 5413 371 5471 Hebraeum
397 5410 551 5478 diaeum,
580 5428 637 5468 non
665 5409 796 5467 Abantem
823 5410 941 5468 dieitur.
997 5405 1145 5464 Absalomi
1160 5403 1366 5461 lllianatamil
1381 5405 1390 5459 i
1405 5407 1521 5488 septem
1538 5398 1820 5459 ldaacbamnomlne

124 5482 210 5541 Ιιιτ.
920 5530 923 5534 a
998 5494 1064 5550 quea
1078 5477 1140 5534 fllia
1153 5479 1381 5552 καταχρηστικῶς
1395 5477 1510 5531 dicitur.

157 5589 197 5601 —
211 5557 293 5617 idem
309 5570 366 5613 ms.
381 5553 431 5612 blo
445 5558 535 5628 etque
550 5553 783 5612 inirallressutoo
797 5569 865 5611 oum
879 5552 945 5612 Vul·
1033 5567 1186 5624 sv„b„m
1202 5566 1295 5623 dim,
1305 5581 1360 5621 m,
1378 5565 1534 5620 veronens,
1557 5561 1644 5633 jum
1664 5558 1821 5618 flgbhtgx.

143 5649 211 5710 etis.
221 5647 360 5707 Debreus
375 5644 440 5720 ipse
453 5647 536 5703 textu
552 5643 599 5702 bio
610 5627 745 5707 obrue
757 5643 854 5717 babet,
865 5643 944 5717 quod
999 5646 1075 5709 tum,
1090 5645 1119 5697 et
1134 5655 1201 5696 mox
1213 5640 1252 5696 de
1266 5635 1397 5695 vooulam
1413 5640 1498 5692 tacet.
