3878 6150
114 214 170 274 963
634 217 663 273 8.
684 212 886 271 uiatorem
908 210 1033 267 otvirta
1052 209 1301 270 Bmtiomltca.
1767 217 1812 275 ml

151 347 180 398 et
195 341 270 411 hene
283 340 338 398 tibi
353 341 418 398 erit.
953 334 981 404 Α
1031 337 1060 391 et
1074 333 1156 391 dedit
1169 334 1213 392 ais
1227 335 1328 393 vineas
1343 340 1373 394 et
1386 337 1531 396 cisternas
1545 338 1577 395 in
1592 337 1641 397 die
1653 338 1715 409 illa,

153 418 182 472 et
195 414 272 470 viaet
286 413 386 469 anima
399 416 460 468 toa.
994 410 1174 479 Praceperat
1188 412 1288 465 autem
1304 408 1575 469 Nabuchodonosor
1589 428 1640 469 rex
1665 411 1813 487 Dabpionis

4 544 7 549 ,
116 485 197 552 Quod
213 485 237 542 si
254 484 385 541 nolueris
400 481 498 553 egredi
513 498 521 537 ι
1066 478 1101 534 de
1115 478 1243 536 teranto
1259 480 1461 539 Nabuzardem
1477 482 1619 556 magistro
1637 483 1761 554 militiai,
1775 486 1812 542 di·

152 558 208 614 iste
223 560 268 612 est
282 572 389 623 sermo,
406 571 491 627 quem
507 552 636 611 ostendit
650 551 722 609 mihi
738 551 878 610 Dominus
894 568 901 608 τ
1066 566 1135 606 cena
1152 569 1159 607 :

113 628 195 696 liceo,
212 643 314 709 omnes
330 625 469 683 mulieres
495 641 559 697 quas
577 629 784 681 remansesunt
806 624 835 681 iu
849 624 938 681 domo
993 619 1073 678 'l'olle
1087 622 1183 678 illum.

148 698 364 827 edfleogeinstgiridaad,
377 767 526 841 principos
542 766 617 839 regis
633 765 811 840 Babylonis:
1029 695 1455 849 {tihiffigeagffiaffioffiglz0fl
1471 701 1549 766 tuos,

112 842 148 898 Et
161 841 232 914 ipsa
247 842 346 898 dicant
362 857 369 897 :
383 841 569 897 seduxerunt
583 844 623 905 te,
1028 836 1078 893 sed
1096 843 1127 892 ut
1140 835 1275 904 voluerit,
1293 838 1336 894 sic
1350 838 1441 896 iacias
1456 841 1492 898 ei.

147 921 176 970 et
191 913 408 986 praevaluerunt
424 912 580 967 advorsum
594 914 623 966 te
637 909 692 965 viri
709 909 820 982 paoiilci
837 909 891 977 tui,
992 908 1072 966 Misit
1084 924 1152 981 ergo
1172 909 1376 967 Nabuzardam
1388 911 1525 983 princeps
1536 911 1663 980 militiae,
1678 917 1710 968 et
1730 912 1815 970 Naba·

147 986 352 1042 demerserunt
366 984 396 1039 in
412 999 493 1040 coeno
508 988 537 1039 at
552 981 704 1038 inlubrico
713 982 802 1054 pedes
818 986 895 1055 tuos,
907 985 936 1039 et
1062 979 1181 1047 cerbon,
1197 985 1226 1036 et
1240 982 1395 1053 liehsares‚
1412 987 1440 1039 st
1455 983 1586 1056 Neregel,
1601 989 1632 1039 et
1647 985 1777 1054 Sernes,
1791 991 1816 1042 et

165 1060 349 1113 recesserunt
364 1072 381 1111 a
396 1060 434 1111 te.
615 1113 619 1121 ,
1063 1051 1204 1124 Rehmag,
1219 1059 1248 1108 et
1261 1069 1364 1109 omnes
1383 1053 1538 1127 optimates
1552 1054 1632 1126 regis
1647 1055 1813 1128 babylonia,

112 1129 147 1186 Et
161 1144 264 1255 offusa
281 1129 487 1184 uxoreatueat
501 1123 606 1181 llllltui
620 1125 784 1181 educentur
798 1124 833 1180 ad
850 1122 937 1182 Chal·
1027 1124 1222 1205 miserunt,et
1232 1123 1529 1182 tuleruntleremiam
1546 1127 1583 1183 de
1594 1126 1747 1185 vestibulo
1756 1144 1813 1185 ear·

203 1216 260 1256 reos
277 1215 284 1254 :
1062 1211 1147 1251 ceris.

147 1275 177 1328 et
192 1287 249 1327 non
261 1269 382 1342 effugies
398 1283 503 1324 manus
520 1283 633 1338 eorum,
1026 1265 1255 1338 atitradiderunt
1269 1283 1336 1323 euin
1352 1266 1480 1325 (lodolioe
1493 1267 1687 1327 tilioAbicam
1703 1269 1756 1326 tilii
1768 1271 1813 1328 Sa·

148 1342 203 1399 Sed
220 1343 250 1398 in
266 1357 355 1397 manu
372 1339 449 1412 regia
465 1338 621 1412 Babylonis
640 1337 764 1410 capieris
781 1355 787 1393 :
1081 1337 1168 1410 phan.

146 1419 174 1471 ot
188 1414 335 1471 civitatem
352 1411 590 1467 hanccomburet
605 1410 678 1482 igni.
1026 1412 1060 1465 ut
1074 1409 1198 1465 intraret
1212 1408 1345 1479 doniam,
1362 1415 1391 1468 et
1405 1410 1552 1468 habitaret
1566 1410 1595 1466 in
1612 1410 1737 1485 populo.

113 1486 189 1542 Dixit
208 1501 277 1558 ergo
293 1483 429 1541 Sedeciaa
444 1483 478 1539 ad
492 1482 674 1552 toraniam
989 1482 1033 1539 Ad
1048 1480 1208 1536 Jeremiam
1224 1485 1322 1537 autem
1339 1482 1434 1539 lactus
1451 1484 1544 1539 luerat
1568 1499 1666 1541 aerario
1682 1483 1806 1550 Domini,

109 1557 215 1614 Nullus
228 1557 302 1613 sciat
317 1556 404 1611 verba
419 1553 490 1621 heac,
1026 1569 1088 1609 cum
1102 1551 1222 1608 clausus
1233 1559 1311 1608 esset
1327 1554 1355 1609 in
1371 1554 1519 1610 vestibulo
1533 1557 1672 1623 carceris,
1689 1556 1808 1613 dicens:

144 1634 175 1686 et
186 1645 243 1685 non
261 1627 404 1689 morieris,
990 1625 1080 1691 Vade,
1097 1629 1125 1679 et
1139 1625 1187 1680 dic
1203 1623 1394 1681 abdemelech
1410 1626 1507 1682 AEtbio
1530 1627 1550 1691 i.
1566 1627 1669 1683 dicens
1687 1643 1694 1683 :

14 1726 18 1733 *
112 1701 141 1758 Si
159 1706 257 1757 autem
273 1699 420 1780 audierint
435 1694 582 1768 principes
598 1694 875 1779 quialocutuasum
893 1703 936 1757 te.
949 1715 974 1784 B
990 1697 1055 1753 limo
1069 1695 1299 1777 dicitDominus
1314 1697 1493 1753 exercituum
1509 1644 1589 1754 Beue
1606 1698 1698 1754 lsrael
1715 1712 1724 1753 t

183 1788 262 1837 cuin,
277 1776 305 1826 et
321 1775 453 1826 venerint
467 1768 503 1823 ad
520 1773 559 1835 te,
574 1771 603 1822 et
618 1767 744 1822 dixerint
759 1767 809 1822 tibi
827 1784 834 1823 τ
988 1769 1059 1825 Ecce
1074 1783 1127 1839 ego
1145 1768 1284 1823 inducam
1300 1784 1450 1825 sermones
1464 1785 1544 1826 oreos
1560 1786 1651 1843 super
1664 1771 1806 1826 civitatem

6 1834 9 1839 ’
112 1842 213 1900 ludica
228 1843 313 1899 nobis
328 1841 399 1914 quid
420 1840 535 1895 locutus
551 1837 592 1894 sis
607 1855 674 1894 cum
690 1854 768 1911 rege,
794 1856 829 1896 ne
854 1841 929 1901 celes
1056 1839 1131 1894 hanc
1142 1838 1172 1893 in
1188 1839 1311 1905 malurn,
1327 1846 1357 1895 et
1370 1856 1429 1896 non
1446 1841 1475 1896 in
1492 1841 1603 1897 bonum
1620 1857 1628 1898 ι

180 1930 245 1981 nos,
262 1918 291 1969 et
309 1930 367 1969 non
384 1917 412 1968 te
427 1910 656 1977 interficiemus;
1019 1914 1048 1966 et
1060 1915 1146 1967 erunt
1160 1910 1190 1965 in
1207 1915 1364 1982 conspectu
1380 1916 1432 1968 tuo
1447 1913 1476 1968 in
1493 1913 1540 1968 die
1555 1912 1615 1969 illa.

142 1985 254 2058 etquid
270 1985 386 2041 locutus
400 1987 444 2039 est
459 1987 556 2038 tecum
572 1997 622 2037 ros
637 1997 644 2036 ι
983 1981 1018 2037 lit
1035 1981 1164 2037 liberabo
1179 1985 1208 2036 te
1222 1982 1251 2037 in
1268 1983 1315 2039 die
1330 1982 1391 2049 illa.
1407 1984 1448 2040 ait
1463 1983 1607 2040 Dominus
1624 2000 1631 2039 :

181 2058 265 2112 Dices
279 2059 315 2112 ad
327 2072 377 2113 eoa
394 2080 400 2110 :
1018 2058 1047 2108 et
1064 2068 1120 2110 nou
1137 2054 1261 2109 traderis
1277 2055 1305 2109 in
1321 2070 1428 2111 manus
1451 2055 1580 2113 virorum
1610 2071 1687 2128 quos
1702 2060 1734 2111 tu
1749 2055 1801 2111 lor·

69 2190 72 2195 ,
108 2130 255 2187 Prostsavi
270 2144 323 2199 ego
340 2140 440 2198 preces
456 2139 536 2179 meas
552 2138 650 2178 coram
668 2137 746 2194 rego.
1019 2125 1124 2180 midas.
1141 2125 1196 2181 Sed
1212 2141 1319 2182 eruens
1333 2126 1464 2184 liberabo
1479 2133 1518 2196 te,

145 2216 181 2256 ne
197 2216 244 2255 me
259 2199 358 2254 reduci
367 2196 484 2269 juberet
498 2195 529 2250 in
544 2194 666 2250 domum
679 2192 838 2258 lonothan,
849 2198 877 2250 ct
888 2194 929 2251 ibi
1018 2201 1047 2252 et
1061 2196 1158 2268 gladio
1173 2212 1231 2252 non
1247 2199 1334 2254 cades
1350 2215 1357 2253 :

180 2285 319 2337 morerer,
981 2267 1035 2323 Sed
1051 2269 1107 2322 erit
1120 2267 1174 2322 tihi
1190 2268 1289 2325 anima
1303 2274 1353 2324 tua
1368 2268 1548 2337 insolutam,

109 2343 258 2400 Venerunt
271 2356 341 2413 ergo
356 2353 459 2395 omnes
473 2336 622 2409 principes
637 2336 672 2392 ad
689 2333 857 2408 ieremiam,
1019 2340 1087 2410 quia
1102 2339 1131 2394 in
1149 2355 1194 2395 rue
1204 2339 1334 2396 habuisti
1350 2341 1501 2411 fiduciam,
1516 2342 1557 2396 ait
1572 2341 1728 2405 Dominus,

143 2419 173 2470 et
187 2412 439 2484 interrogaverunt
453 2425 520 2465 euni
538 2423 545 2463 τ
982 2411 1059 2483 (Cep.
1076 2410 1142 2480 XL.)
1157 2410 1269 2480 Sermo,
1294 2412 1345 2483 qui
1367 2414 1461 2468 luctus
1486 2418 1531 2469 eat
1556 2414 1591 2468 ad
1616 2412 1800 2469 «ieremiama

106 2489 141 2542 Bt
154 2485 270 2543 locutus
285 2488 330 2541 est
347 2482 389 2539 eis
406 2498 413 2537 :
1053 2481 1186 2548 Domino,
1203 2488 1358 2555 postquam
1370 2484 1510 2540 dimissus
1523 2489 1568 2540 est
1583 2501 1601 2540 a
1614 2483 1799 2540 Nabuasrdan

9 2570 12 2577 ·
29 2582 32 2587 ·
141 2557 226 2629 juxta
241 2555 340 2611 omnia
351 2552 440 2609 verba
455 2566 520 2624 quae
536 2553 708 2622 preceperat
723 2547 749 2605 ei
765 2564 824 2616 rex,
1053 2553 1195 2626 magistro
1211 2554 1324 2610 militia
1340 2556 1375 2611 de
1392 2555 1494 2626 Rama,

109 2633 145 2687 Et
159 2629 349 2685 cessaverunt
363 2623 400 2680 ah
415 2639 448 2680 eo
466 2640 472 2679 :
1020 2630 1138 2697 quando
1153 2624 1231 2681 tullit
1245 2641 1313 2682 eum
1328 2627 1459 2683 vinctum
1476 2625 1588 2683 catenis
1601 2626 1629 2681 in
1641 2625 1801 2682 medicon-

144 2698 218 2756 nihil
233 2700 311 2755 enim
329 2698 424 2753 iuerat
437 2694 586 2774 auditum,¹
1055 2695 1147 2764 nium,
1164 2697 1215 2769 qui
1232 2698 1400 2770 migrabant
1415 2699 1450 2754 de
1464 2697 1628 2755 Jerusalem
1644 2698 1769 2764 atinde,

108 2772 216 2828 blansit
229 2786 296 2828 vero
315 2766 456 2825 ieremias
472 2766 499 2822 in
516 2761 660 2821 vestibulo
685 2763 811 2821 carceris
835 2778 929 2835 usque
1019 2772 1048 2825 et
1063 2768 1247 2824 ducebantur
1262 2769 1291 2824 in
1306 2769 1496 2841 Babylonem.

20 2858 23 2863 ·
181 2842 218 2900 ad
233 2841 384 2912 diemque
400 2842 483 2910 capta
497 2841 543 2893 est
557 2833 722 2893 Jerusalem
738 2850 745 2890 :
984 2839 1102 2896 Tellena
1117 2855 1186 2911 ergo
1202 2840 1338 2913 princeps
1359 2841 1472 2897 militie
1486 2840 1657 2908 tenemium,
1673 2838 1746 2896 dixit
1763 2837 1797 2895 ad

20 2970 26 2975 .
143 2918 173 2972 et
189 2915 297 2971 laetum
314 2916 359 2968 est
374 2915 407 2966 ut
421 2912 573 2983 caperetur
586 2905 762 2964 Jerusalem.
1055 2926 1144 2966 eum:

110 2984 341 3059 (cipxxxlx.)
368 2988 451 3037 Anno
479 2995 555 3036 nono
584 2977 708 3034 Sedecie
738 2975 813 3048 regis
841 2978 928 3048 luda,
986 2983 1126 3039 Dominus
1140 2987 1218 3039 Deus
1233 2987 1303 3039 tuus
1322 2982 1438 3040 locutus
1453 2989 1498 3040 est
1518 2983 1631 3040 malum
1647 2982 1704 3040 hoc
1718 2996 1799 3054 super

179 3071 280 3112 mense
295 3053 419 3120 decimo,
437 3053 514 3107 venit
530 3047 797 3106 Nabuchodonosor
812 3065 862 3104 rex
875 3054 930 3106 Ba·
945 3084 967 3152 c
1057 3052 1154 3110 lucum
1171 3054 1260 3110 istum
1280 3070 1287 3110 :

180 3126 296 3209 bplonis
311 3132 340 3180 et
354 3123 452 3181 omnis
465 3121 608 3179 exercitus
622 3123 687 3192 ejus
705 3120 739 3175 ad
755 3120 928 3193 ierusalem,
1022 3128 1051 3180 et
1065 3125 1196 3189 adduxit,
1212 3133 1241 3181 et
1257 3126 1323 3182 lecit
1347 3125 1490 3182 Dominus
1512 3126 1589 3183 elcut
1603 3126 1722 3182 locutus
1736 3127 1795 3180 eet:

108 3203 138 3256 et
152 3198 327 3254 obsidebant
339 3211 415 3251 eam.
613 3261 619 3274 ο
1021 3197 1089 3267 quia
1107 3198 1249 3268 peccastis
1275 3197 1410 3261 Domino,
1427 3203 1456 3253 et
1471 3214 1528 3254 non
1554 3198 1683 3255 audiatis
1705 3210 1795 3252 vocem

39 3280 45 3289 '
108 3269 269 3328 Undecimo
290 3273 386 3323 autem
417 3280 493 3320 anno
519 3263 656 3334 sedecia,
686 3277 787 3319 mense
815 3267 930 3335 quarto,
1021 3269 1590 3338 ejus,etiactuseatvobissermobic.

184 3340 288 3413 quicto
304 3337 425 3402 mensis,
440 3340 543 3419 aperta
557 3340 602 3418 est
617 3334 730 3418 civitas.
896 3405 901 3417 Ι
985 3339 1068 3396 Nunc
1081 3356 1149 3411 ergo
1162 3356 1228 3395 eccs
1243 3340 1315 3395 colvi
1331 3346 1358 3394 te
1370 3340 1457 3395 hodio
1472 3342 1507 3398 de
1521 3340 1634 3397 cateiiis

110 3413 146 3470 llt
159 3410 284 3484 ingreaai
300 3413 371 3465 sunt
385 3422 487 3464 omues
501 3421 648 3488 principes
663 3420 740 3477 regis
763 3404 930 3478 babylonis,
1021 3427 1085 3483 qua
1097 3417 1167 3466 sunt
1183 3412 1364 3468 inmanibus
1379 3412 1439 3467 tuia
1456 3427 1463 3468 :

145 3489 174 3540 et
189 3483 331 3539 sederunt
345 3480 375 3535 in
391 3483 475 3552 porte
490 3477 605 3533 mediat
800 3547 806 3558 ,
986 3483 1015 3539 Si
1032 3481 1127 3555 placet
1137 3483 1202 3547 tibi.
1214 3495 1245 3538 ut
1257 3484 1356 3539 venias
1372 3500 1486 3539 mecum
1498 3483 1527 3538 in
1542 3478 1794 3555 babylonempeni,

111 3552 245 3626 Neregeh
260 3552 389 3619 Sereser,
405 3548 649 3621 Semergarnabu,
674 3545 850 3620 sarsachim,
872 3548 931 3605 Ra·
1021 3559 1050 3609 et
1065 3570 1171 3626 ponam
1188 3553 1288 3611 oculos
1305 3571 1385 3611 meos
1400 3571 1490 3626 super
1505 3562 1533 3610 te
1549 3571 1556 3610 :

180 3626 293 3688 bearet,
308 3619 441 3693 Nertsseb
458 3620 585 3702 sereser,
600 3618 740 3700 habmus,
817 3690 823 3702 ‚
985 3625 1014 3682 Si
1031 3631 1128 3681 autem
1142 3625 1280 3698 displicet
1294 3626 1345 3682 tibi
1359 3626 1456 3683 venire
1471 3642 1569 3683 meum
1581 3623 1795 3698 inBabylonen.

145 3701 174 3752 at
189 3712 292 3752 omnes
307 3693 412 3766 reliqui
428 3706 575 3764 principes
592 3705 669 3762 regis
684 3689 850 3762 babylonia.
1021 3698 1116 3753 reside
1133 3713 1140 3752 :

109 3771 244 3840 cumque
259 3766 378 3822 vidisset
391 3780 441 3821 eos
464 3761 599 3820 sedecias
617 3777 666 3817 rer
682 3761 770 3829 luda,
785 3764 816 3818 et
829 3776 931 3819 omnes
986 3771 1057 3825 3000
1072 3766 1168 3823 omnis
1184 3772 1261 3825 terra
1274 3768 1305 3824 in
1320 3772 1462 3841 conspetu
1477 3772 1529 3824 tuo
1543 3773 1588 3823 est
1604 3784 1612 3823 :

180 3838 233 3966 {iri
249 3836 414 3964 bellttorea
1021 3840 1098 3912 quod
1115 3839 1278 3913 elegeria,et
1294 3856 1351 3913 quo
1367 3840 1509 3913 placuerit
1524 3839 1579 3895 tibi
1593 3842 1628 3895 ut
1641 3837 1728 3895 vadas
1738 3834 1795 3890 illua

194 3925 305 3966 uerun
336 3924 343 3964 ε
1078 3926 1112 3968 er
1131 3927 1156 3967 e.

110 3984 146 4039 et
159 3927 267 4053 egregesi
284 3983 356 4036 sunt
369 3981 454 4035 nocte
478 3976 513 4032 de
538 3974 654 4031 civitate
683 3989 735 4045 per
759 3973 836 4030 viam
853 3972 929 4030 horti
985 3984 1021 4040 m
1033 3926 1147 4038 mesenen
1162 3980 1221 4038 noli
1238 3981 1345 4053 venire,

145 4052 234 4124 rago,
249 4055 342 4135 etper
357 4054 550 4130 hortamine
565 4045 805 4128 craticiorum
821 4062 931 4114 muros,
1020 4054 1071 4111 aaa
1087 4053 1274 4126 habitaapud
1288 4053 1440 4111 counitam
1450 4052 1544 4110 uirum
1555 4051 1679 4109 auiam
1695 4048 1744 4106 ulii
1755 4048 1796 4103 si·

146 4128 175 4181 et
190 4139 299 4196 egressi
316 4120 437 4178 suntad
458 4134 533 4175 viam
550 4118 667 4174 deserti.
1058 4124 1148 4197 phun,

110 4194 285 4252 Persecutus
300 4197 456 4250 astantem
477 4206 528 4246 eos
543 4188 689 4270 exercitus
704 4185 906 4245 Chaldaeorum
923 4205 930 4244 :
1043 4212 1109 4252 uem
1125 4195 1285 4268 proposuit
1307 4212 1357 4253 rex
1371 4198 1430 4253 Bab
1451 4195 1525 4253 lonis
1540 4193 1709 4251 civitatibus
1722 4190 1796 4250 ludi.

146 4271 176 4323 et
194 4263 480 4350 comprehenderunt
492 4260 645 4317 Sedeciam
662 4275 691 4314 in
707 4274 812 4331 campo
827 4258 931 4316 solitu·
986 4212 1091 4324 Ha‘liita
1106 4282 1174 4340 ergo
1194 4283 1261 4322 cum
1278 4284 1311 4324 eo
1328 4269 1355 4323 io
1373 4214 1472 4325 medam
1489 4265 1589 4340 populi
1606 4281 1613 4321 :

182 4338 260 4393 tilmt
274 4335 497 4400 Jet'isshllssllssoei
1021 4338 1065 4395 vel
1082 4354 1259 4411 quocunque
1274 4339 1417 4411 placuerit
1430 4339 1495 4406 tibi,
1513 4344 1546 4394 ut
1560 4338 1662 4405 vedu,
1675 4335 1756 4391 vade.

146 4412 175 4465 et
194 4413 314 4480 coptum
335 4404 521 4488 adduxerunt
535 4400 571 4458 &d
593 4398 864 4485 Nabu⁰h⁰d⁰n090i
887 4417 931 4459 ΡΘ·
986 4410 1073 4468 Dedit
1088 4425 1204 4483 quoque
1215 4409 1240 4467 oi
1250 4411 1389 4483 magister
1405 4410 1516 4468 militiai
1528 4409 1651 4476 cibaria,
1663 4413 1693 4464 et
1704 4419 1800 4463 muno·

181 4494 246 4606 Eam
264 4476 463 4550 Babyloniam
481 4471 635 4539 hablatha,
659 4487 724 4544 qua
748 4475 794 4529 est
810 4488 839 4528 ru
856 4460 973 4530 terral)
1061 4481 1155 4551 acula,

206 4549 308 4605 math:
491 4616 498 4630 ·
544 4612 580 4627 ..
1026 4561 1055 4610 et
1069 4552 1183 4609 dimisit
1197 4568 1276 4609 eum.

110 4621 147 4678 Et
161 4619 279 4678 locutus
293 4622 339 4675 ost
354 4618 390 4673 td
406 4631 475 4673 oum
486 4615 611 4687 ludim,
697 4681 703 4695 ,
990 4623 1078 4681 Venit
1092 4629 1189 4681 autem
1205 4622 1346 4681 ieremias
1362 4625 1397 4681 ad
1414 4622 1568 4682 Godoliam
1584 4621 1679 4678 fllium
1694 4617 1804 4676 liblero

112 4692 148 4750 llt
161 4690 269 4750 occidit
283 4705 332 4746 rex
346 4686 504 4761 Rabylonis
515 4685 591 4743 lilios
604 4682 730 4741 Sedecim
740 4684 771 4740 in
780 4683 933 4754 nablatha,
1061 4694 1091 4751 in
1108 4695 1273 4767 Masphaih,

184 4763 214 4819 in
230 4760 323 4820 oculis
336 4761 403 4816 e'us
419 4776 426 4815 ε
581 4824 587 4838 ,
613 4825 618 4837 Ι
1028 4771 1057 4823 et
1070 4766 1214 4825 habitavit
1229 4782 1296 4823 cum
1312 4780 1346 4824 ao
1361 4767 1392 4823 in
1405 4766 1502 4823 medio
1515 4764 1617 4839 populi
1627 4762 1681 4836 qni
1694 4760 1806 4819 relictos

147 4838 178 4891 at
192 4849 296 4890 omnes
310 4775 424 4887 nobiles
437 4828 453 4885 J
457 4829 514 4912 oda
527 4824 635 4909 occidit
648 4840 699 4882 rex
712 4825 879 4900 Babylonis.
1063 4838 1158 4895 suerat
1172 4838 1203 4892 in
1218 4842 1304 4895 terra.
1801 4898 1806 4908 Ι

39 4953 42 4957 ,
113 4904 221 4966 Oculos
236 4917 355 4977 quoquo
370 4899 613 4982 Sedeeloeflffllit
835 4967 841 4980 ,
993 4908 1064 4966 Cum
1078 4925 1147 4982 ergo
1161 4908 1315 4965 audissent
1329 4908 1589 4982 omneaprincipas
1603 4903 1808 4975 exercituaqu

148 4982 178 5035 et
192 4976 287 5033 vinxit
299 4989 367 5031 oum
383 4969 581 5044 oompedlbffli
607 4971 640 5024 ul
663 4967 819 5025 dumeti?
835 4984 864 5024 ¹¹1
880 4970 935 5027 Bt·
1055 4980 1101 5038 dis
1123 4980 1179 5036 ersi
1195 4980 1309 5036 inerant
1319 4996 1370 5052 per
1380 4996 1410 5036 re
1434 4976 1807 5052 ’onas‚ipsietsociiaomua

186 5046 336 5121 bylonam.
701 5106 709 5121 ‚
1029 4998 1301 5125 quofpiniociasst
1315 5068 1365 5108 rex
1380 5052 1420 5108 Ba
1440 5050 1535 5126 plenis
1548 5047 1705 5108 Godoliam
1722 5046 1808 5103 tilium

112 5119 239 5180 Domum
250 5129 367 5201 quoque
378 5107 710 5197 regls‚etdomumvuigi
722 5110 937 5170 succenderunt
1063 5122 1198 5191 abicam,
1209 5127 1303 5188 terra,

184 5189 312 5248 chaldei
325 5203 333 5242 i
356 5201 397 5253 ni,
1030 5196 1059 5251 et
1072 5193 1150 5266 quod
1166 5194 1403 5251 commendasset
1423 5192 1450 5250 ei
1465 5193 1553 5261 viros,
1576 5194 1606 5249 at
1620 5189 1774 5257 mulieres,
1787 5188 1811 5241 at

146 5265 177 5319 et
191 5275 310 5318 murum
343 5253 491 5314 erusalem
506 5250 726 5310 subverterunt.
1066 5263 1213 5337 pupulos,

112 5333 148 5389 lit
163 5331 304 5406 reliquias
317 5324 440 5410 populi„
450 5341 514 5397 (ΝΒ
541 5324 751 5379 remiiflfltfflni
764 5320 795 5376 51²
810 5323 935 5397 obiicit,
1030 5342 1059 5390 et
1071 5336 1108 5392 de
1120 5333 1300 5407 pauperibus
1314 5335 1468 5409 terra,qui
1484 5349 1542 5392 non
1554 5323 1812 5391 loarauttranslati

181 5407 210 5461 et
224 5402 373 5475 perrogas,
389 5412 442 5470 qui
455 5393 675 5478 tranpfussfflni
688 5391 725 5447 δᾶ
742 5405 829 5450 mm:
976 5423 977 5426 ¹
1066 5405 1097 5461 in
1113 5406 1290 5478 Babylonem
1308 5421 1315 5462 ε

42 5474 60 5495 ‘
147 5478 177 5532 ⁰²
190 5470 357 5546 ⁸⁰D0lfl¹¹⁰⁸
370 5466 464 5539 vulgis
479 5481 531 5538 (1¹¹¹
546 5465 759 5546 fflmfflfflfllh
838 5535 845 5548 ,
994 5475 1145 5534 Venerunt
1158 5479 1195 5533 ad
1210 5476 1360 5533 Godoliam
1376 5476 1406 5531 in
1422 5473 1599 5549 Masphath;

146 5544 301 5601 transtulit
323 5538 519 5598 Naboaardan
535 5536 677 5607 magister
692 5530 821 5589 rnilitum
836 5537 938 5606 iniia-
1031 5552 1061 5604 οι
1075 5547 1180 5604 ismael
1196 5548 1275 5604 filiu,
1285 5547 1448 5617 patmum,
1463 5553 1493 5604 οἱ
1514 5547 1661 5605 imum
1684 5550 1714 5599 ,ι
1727 5540 1812 5598 102..

184 5614 334 5688 byloneni.
1067 5617 1139 5676 than
1155 5618 1208 5674 filii
1229 5620 1329 5685 caree,
1348 5623 1377 5676 et
1390 5623 1493 5676 saraae
1507 5617 1588 5674 tilius
1601 5608 1811 5675 'thaneemeth

84 5681 153 5809 ..ᾖ
159 5683 198 5743 da
207 5685 295 5757 plebs
307 5692 486 5757 pauperum,
506 5674 558 5761 qui
569 5671 645 5757 nihil
657 5671 776 5757 penitus
791 5673 940 5736 habebant
1067 5688 1164 5748 attilii
1179 5689 1265 5763 ophi.
1280 5689 1331 5764 qui
1345 5693 1430 5747 arant
1442 5689 1479 5750 de
1492 5686 1652 5763 tistophati

147 5743 938 5828 ammomumnsnstsrmuuotuonuudo
1031 5761 1061 5818 st
1073 5760 1206 5823 tamaius
1220 5760 1300 5822 euos
1314 5760 1458 5823 umisa
1475 5759 1601 5837 :tpstst
1684 5767 1795 5817 aaran
