3870 6120
155 189 223 253 tati

192 321 222 375 et
235 330 285 371 cor
300 311 367 368 lare
384 310 470 365 detur
483 307 508 364 ei
526 325 533 362 ι

193 394 223 448 et
235 390 343 458 septem
361 387 418 437 tem
442 397 492 436 oro
507 382 661 437 mutentur
675 399 764 455 super
774 399 853 441 eum.

159 464 191 521 ln
207 456 352 518 sententie
367 397 487 524 sigrium
504 451 654 508 decretum
667 458 722 510 est.

192 538 222 588 et
236 543 331 587 sermo
347 529 528 592 sanctorum,
545 527 573 580 et
589 525 689 595 petitio
706 541 712 580 :

158 611 255 663 Donec
269 600 446 667 cognoscant
461 595 601 664 viventes,

195 671 331 747 quoniam
346 667 515 723 dominatur
529 667 667 724 Excelsua
678 668 708 726 in
718 669 979 742 regnohominum3
1036 692 1132 746 „0⁰00
1142 689 1219 745 Μ,
1234 691 1312 763 quod
1324 688 1494 745 dominatu,
1508 683 1650 742 Emlw„
1661 685 1693 741 5„
1711 697 1803 757 „03³0
1816 682 1864 738 bo,

152 748 196 812 ,Ni
208 744 373 810 cuicunque
389 737 523 808 voluerit,
540 738 715 812 dobitillud,

196 821 225 873 ct
240 810 440 870 humillimum
457 809 608 867 bominem
626 814 788 870 constituet
803 829 891 885 super
902 829 981 870 enin.

160 893 222 946 Hoc
237 885 386 942 somnium
402 882 460 936 vidi

196 975 250 1032 ego
264 973 312 1012 rex
328 953 594 1012 Nabuchodonosor
610 972 617 1011 :

161 1050 278 1128 Tuego,
288 1043 732 1125 Baltesser,interpretationem
745 1063 833 1102 nerra
842 1046 982 1103 lestines:

197 1134 266 1191 quia
280 1131 382 1173 omnes
395 1119 542 1187 sapientes
552 1117 633 1188 regni
642 1118 699 1174 mei
714 1135 770 1174 non
783 1117 983 1192 queuntsclu·

234 1189 345 1246 tionem
362 1185 476 1242 edicere
491 1187 563 1242 mihi
580 1204 587 1243 :

162 1263 206 1319 Tu
222 1264 317 1317 autem
331 1263 424 1332 potos,

199 1333 271 1406 quia
285 1330 408 1404 spiritus
423 1329 545 1386 deornm
561 1334 730 1388 sanctorum
746 1332 776 1388 in
792 1336 821 1388 te
835 1334 889 1387 ast.

164 1422 246 1478 'l'uno
260 1417 372 1484 Daniel,
389 1419 475 1489 eujus
490 1433 595 1474 nomen
615 1419 771 1485 Raltesser,

201 1492 288 1618 caepit
302 1491 380 1546 intra
394 1489 584 1561 semetipsum
609 1491 718 1547 tacitus
743 1491 872 1565 cogitare
900 1491 985 1563 qussi
1040 1475 1133 1546 lilim?
1148 1477 1213 1600 ᾓθθῑ
1228 1471 1317 1527 s¹1¹0m

275 1579 326 1618 ΟΥΕ
341 1578 401 1616 une
416 1577 423 1615 :

200 1639 229 1693 et
243 1633 437 1706 cogitationes
446 1632 510 1702 ejus
521 1633 735 1690 conturbabant
751 1649 827 1693 eum.

161 1706 355 1778 Respondeas
368 1709 468 1760 autem
484 1720 534 1759 rex
557 1703 615 1760 ait:

674 183 703 237 Β.
724 182 929 247 arneomai
945 187 1075 243 bivias
1094 185 1343 244 blandenaco.

991 312 1019 381 Α
1071 313 1206 387 Regnum
1222 297 1343 371 transiit
1357 329 1374 370 a
1389 315 1440 368 te:

1034 387 1069 442 st
1084 387 1120 442 ab
1135 384 1308 443 bominibus
1323 388 1352 441 te
1367 383 1496 457 ejicient,

1070 463 1100 513 et
1114 474 1181 513 cum
1194 456 1298 515 bestiis
1313 456 1384 513 ieris
1400 454 1456 511 erit
1470 452 1614 510 habitatio
1629 453 1683 508 tua
1700 467 1708 507 ε

1034 531 1143 585 Renum
1162 530 1246 600 quasi
1264 530 1317 585 bos
1331 527 1479 595 comedas,

1070 606 1099 658 et
1111 608 1223 673 septem
1240 606 1374 673 tempore
1388 598 1584 655 mutabuntur
1598 610 1694 667 super
1709 597 1739 649 te
1754 610 1762 650 τ

1072 776 1277 901 οῑιέιξῗοῗιῗᾷυο
1291 829 1427 897 voluerit,
1444 828 1493 885 det
1507 826 1593 884 illud.

1037 905 1145 961 Eadem
1158 904 1229 959 hora
1244 918 1340 959 sermo
1356 899 1520 973 completos
1539 904 1693 969 estsuper
1709 896 1865 953 Nabucho-

1074 977 1337 1103 etaongggffnibm
1353 1045 1465 1112 ejectus
1480 1044 1541 1111 eet;

1038 1123 1073 1175 at
1088 1119 1187 1174 lenum
1202 1120 1235 1172 ut
1250 1114 1451 1185 bosoomedit,

1074 1193 1103 1245 et
1117 1204 1180 1244 rore
1196 1187 1259 1243 coeli
1275 1202 1382 1260 corpus
1396 1186 1460 1257 ejus
1475 1183 1619 1240 intectum
1635 1184 1685 1238 est
1701 1197 1710 1236 ε

1038 1261 1136 1318 Donec
1151 1258 1251 1332 capilli
1264 1259 1329 1330 ejus
1341 1258 1371 1314 in
1384 1256 1577 1313 similitudem
1596 1251 1772 1325 aquilarum
1790 1266 1864 1307 cres·

1075 1336 1232 1475 etcueiiglbta'e
1248 1400 1273 1471 ej
1279 1416 1313 1456 us
1327 1398 1413 1526 {ussi
1429 1397 1541 1455 auium.

1074 1561 1127 1618 ego
1176 1486 1535 1627 saueaoaonfffi'cutoa
1550 1554 1633 1595 meos
1649 1537 1687 1594 ad
1704 1535 1814 1593 caelum
1827 1534 1864 1591 le·

1129 1633 1203 1685 veri,

997 1686 1024 1754 B
1072 1694 1101 1745 et
1115 1702 1222 1744 sensus
1238 1700 1320 1741 meus
1337 1683 1469 1740 redditus
1484 1687 1530 1739 est
1545 1680 1620 1738 mibi
1636 1696 1644 1736 :

200 1776 359 1843 baltassar,
388 1775 537 1831 somnium
565 1781 595 1832 et
622 1775 822 1849 interpretatio
836 1777 900 1850 ejas
924 1791 982 1833 non
1037 1759 1238 1817 ΕῑΑῙῑὶῦθῑωῡ
1254 1756 1397 1823 benedixi,

236 1849 414 1906 conturbent
428 1851 466 1903 te.

164 1920 326 1993 Respondit
340 1919 497 1983 baltassar,
513 1922 542 1974 et
556 1917 646 1974 dixit:

200 1992 324 2049 Domine
341 1991 390 2058 mi,
407 1989 554 2045 somnium
571 1990 617 2045 his
633 1989 683 2062 qui
699 1994 727 2046 te
747 1990 883 2062 oderunt,

202 2069 232 2120 et
247 2061 449 2133 interpretatio
464 2062 527 2131 ejus
538 2060 672 2117 hostibus
688 2064 748 2120 tuis
762 2063 811 2119 ait.

1073 1836 1102 1889 et
1115 1832 1259 1914 viventem
1274 1827 1304 1884 in
1320 1825 1533 1900 sempiternum
1557 1821 1679 1879 laudavi
1704 1825 1734 1878 et
1756 1819 1862 1895 gloritl·

1109 1918 1170 1959 oevi
1192 1917 1200 1958 t

1038 1973 1112 2040 Ouia
1127 1977 1258 2046 potestas
1272 1971 1338 2041 ejus
1353 1972 1482 2041 potestas
1497 1965 1693 2036 sempiterne.

1075 2052 1104 2102 ct
1118 2060 1241 2118 regnum
1257 2037 1581 2113 ejusingeneraticnem
1591 2040 1620 2092 et
1628 2033 1861 2109 generationem.

165 2152 304 2209 arborem
319 2166 407 2221 quam
427 2150 525 2205 vidisti
541 2148 700 2206 sublimem
718 2156 806 2223 etque
822 2152 985 2220 robustam,
1040 2136 1075 2192 Εἴ
1089 2150 1192 2191 0¹1¹¹¹0³
1207 2130 1387 2187 hflbitflmm
1400 2135 1483 2185 tm
1499 2126 1575 2199 lind
1592 2141 1662 2182 0⁰⁰¹
1681 2124 1713 2181 5¹¹
1740 2122 1861 2181 nihilum

201 2224 287 2306 eujus
302 2222 426 2277 altitudo
447 2221 587 2291 pertingit
610 2223 645 2275 ad
671 2222 788 2287 carlum,
804 2227 834 2279 et
848 2229 987 2297 aspectus

237 2293 319 2349 illiue
333 2292 363 2348 iu
379 2307 496 2347 omnent
511 2296 619 2347 terram
637 2308 643 2347 :

164 2365 203 2421 lit
216 2365 290 2420 rami
304 2363 369 2429 ejus
391 2362 591 2434 pulcherrimi,

206 2440 235 2491 et
252 2434 366 2490 tructus
380 2436 445 2504 ejus
460 2433 586 2502 nimius;

168 2510 201 2562 ai
214 2523 282 2562 esca
297 2508 429 2562 omnium
446 2505 476 2559 in
491 2520 535 2561 ea.

204 2584 232 2634 et
247 2578 348 2634 subter
358 2593 421 2633 eam
438 2574 605 2632 habitantes
621 2575 720 2633 bestia
734 2578 808 2651 agri,

204 2654 233 2707 et
245 2649 274 2705 in
292 2649 384 2704 ramis
398 2648 462 2718 ejus
477 2653 694 2705 commorantes
706 2666 775 2706 aves
789 2649 855 2707 caeti
871 2668 877 2708 :

169 2741 211 2797 'l'u
228 2754 260 2795 ee
275 2753 334 2804 rex,
351 2736 401 2810 qui
419 2736 624 2809 magnificatus
640 2752 681 2806 ee,
696 2742 724 2794 et
738 2738 900 2796 invaluisti.

1068 2207 1865 2356 Juffiotffibfflitn'enineuimassiriaminvirtutiuu

1114 2348 1189 2412 omli,
1204 2362 1293 2417 quem
1303 2360 1334 2399 in
1346 2341 1562 2399 habitatoribus
1577 2345 1664 2396 terres
1680 2357 1687 2396 :

1042 2420 1076 2476 llt
1091 2435 1149 2475 nou
1165 2416 1276 2490 estqui
1293 2416 1412 2471 resistet
1427 2412 1527 2469 manui
1542 2413 1620 2484 ejus,

1078 2495 1107 2546 et
1118 2491 1196 2546 dicet
1209 2489 1234 2543 ei
1252 2505 1259 2541 :
1276 2490 1370 2555 Quare
1386 2484 1505 2542 iecisti?

1045 2580 1077 2636 ln
1093 2579 1156 2652 ipso
1172 2584 1305 2649 tempore
1327 2589 1432 2631 sensus
1448 2588 1533 2629 meus
1549 2587 1688 2627 reversas
1705 2574 1754 2628 est
1768 2570 1803 2626 ad
1818 2583 1866 2633 ine,

1079 2655 1109 2708 et
1124 2651 1160 2706 ed
1176 2648 1317 2705 honorem
1333 2645 1414 2718 regni
1439 2643 1497 2700 mei
1520 2644 1723 2717 decoremque
1746 2639 1866 2715 perveni,

1079 2727 1109 2779 et
1122 2722 1219 2794 ligure
1233 2735 1299 2776 mee
1314 2733 1431 2775 reverse
1444 2718 1491 2772 est
1506 2715 1541 2771 ed
1560 2731 1607 2772 ine
1621 2730 1630 2771 z

205 2814 233 2868 et
249 2809 421 2882 magnitudo
435 2812 487 2864 tue
501 2810 600 2876 erevit,
624 2814 653 2866 et
676 2812 808 2882 pervenit
836 2827 929 2885 nsque
953 2813 989 2870 ad
1044 2793 1244 2866 mmmmm
1259 2789 1328 2857 “¹052
1341 2786 1575 2861 ‘'ifflflssi’tfflu'
1597 2786 1657 2844 ¹⁰⁰¹
1672 2784 1867 2858 roillst!ierunt

165 2928 171 2936 .
243 2879 347 2938 ooelum

206 2957 235 3010 et
250 2923 378 3024 potestas
392 2955 444 3007 tue
458 2950 489 3006 in
504 2951 647 3008 terminos
662 2952 807 3010 universa
820 2957 914 3010 terra.

172 3025 254 3094 Quod
272 3031 370 3079 autem
387 3022 459 3078 vidit
480 3038 530 3077 rea
544 3022 660 3094 vigilem
676 3029 704 3080 et
718 3029 853 3083 sanetum
869 3027 989 3084 descen·
1006 3051 1029 3120 c

243 3096 311 3151 dere
324 3094 361 3151 de
376 3093 460 3163 coelc,
473 3097 502 3150 et
516 3093 612 3152 dicere
628 3110 636 3150 t

174 3167 322 3224 succidite
338 3166 482 3231 arborem,
499 3169 526 3220 et
541 3165 683 3238 dissipate
698 3166 793 3236 illem;

173 3240 308 3295 Attamen
329 3252 449 3310 germen
463 3237 593 3293 radicum
611 3241 680 3310 ejus⁴
697 3239 726 3295 in
746 3245 824 3296 terre
842 3241 992 3311 dimittite,

208 3315 238 3364 et
251 3309 397 3365 vinciatur
407 3309 483 3364 terro
498 3312 526 3364 et
541 3325 597 3365 aere
613 3310 642 3364 in
656 3309 753 3367 herbis
767 3311 849 3382 ioris,

208 3386 238 3435 et
255 3395 319 3435 rore
334 3378 398 3436 coeli
414 3395 539 3450 consper
560 3386 636 3448 atur,

208 3456 238 3506 et
252 3467 317 3506 cuin
334 3450 403 3506 ieris
418 3454 458 3507 sit
473 3395 613 3522 pabuqum
629 3451 705 3521 ejus.

209 3521 300 3586 donec
317 3526 429 3594 septem
445 3526 580 3592 tempora
595 3527 747 3579 mutentur
762 3540 852 3597 super
865 3542 933 3583 eum
950 3542 957 3582 :

175 3615 242 3668 Hac
259 3608 460 3682 interpretatio
471 3610 622 3666 sententia
636 3611 792 3682 altissimi,

175 3698 275 3811 Eque
288 3681 425 3810 {wmssiss
437 3698 526 3766 super
540 3681 693 3740 dominum
711 3701 810 3742 meum
821 3701 919 3759 regem
935 3703 942 3744 :

195 3754 589 3884 jlsotleclilimwbgstiismilessijslbeurit
603 3825 746 3884 habitatio
761 3831 822 3885 tua.

167 3938 170 3943 -
211 3903 241 3955 et
257 3898 355 3955 tenum
373 3901 405 3953 ut
419 3897 473 3954 bos
487 3898 633 3968 comedes,

211 3975 241 4027 et
251 3987 316 4027 rore
330 3968 395 4025 coeli
411 3967 576 4026 intenderis
590 3987 597 4024 :

176 4062 292 4132 Septem
308 4072 425 4130 quoque
439 4062 573 4129 tempora
588 4058 783 4115 mutabuntur
797 4064 939 4131 superte,

1082 2879 1257 3006 ciffi-agno
1272 2947 1337 2987 meo
1354 2929 1590 2987 restitutuseum
1607 2945 1615 2984 ε

1082 3011 1111 3064 et
1126 3003 1346 3079 magnificentie
1362 3001 1490 3075 amplior
1504 2999 1606 3057 addita
1620 3002 1667 3057 est
1681 2998 1770 3055 mihi.

1046 3098 1130 3154 Nunc
1143 3094 1233 3169 igitur
1245 3109 1299 3166 ego
1314 3090 1587 3149 Nabuchodonosor
1601 3089 1703 3160 laudo,
1720 3093 1752 3146 et
1765 3085 1865 3160 magni·

1119 3169 1183 3224 lico.

1083 3244 1111 3297 et
1127 3237 1258 3312 glorifico
1273 3250 1372 3308 regem
1390 3232 1454 3291 coli
1470 3249 1478 3289 ε

1049 3309 1234 3378 Quiaomnie
1253 3307 1504 3392 oporaejusvera,

1085 3386 1115 3441 et
1127 3383 1182 3438 visa
1197 3381 1261 3451 ojus
1273 3377 1387 3450 iudicia
1402 3393 1409 3434 ε

1085 3459 1113 3511 et
1128 3452 1295 3527 gradientes
1311 3450 1340 3505 in
1357 3446 1496 3522 superbia
1511 3445 1610 3516 potest
1623 3439 1795 3497 humiliare.

1051 3527 1136 3601 [Viciu
1165 3523 1212 3596 V.]
1242 3521 1389 3578 baltassar
1416 3534 1466 3576 rex
1480 3516 1549 3573 lecit
1570 3513 1687 3587 grande
1709 3509 1865 3568 convivium

1140 3593 1337 3668 optimatibus
1350 3591 1414 3649 suis
1428 3588 1528 3646 mille:
1640 3654 1647 3666 .

1087 3672 1116 3725 et
1127 3666 1335 3739 unusquisque
1346 3662 1509 3721 secundum
1520 3671 1607 3714 suein
1619 3654 1744 3712 bibebat
1753 3657 1867 3709 etatem

1052 3756 1192 3829 Praecepit
1207 3770 1275 3826 ergo
1288 3754 1350 3826 leni
1365 3749 1554 3816 temulentus,
1567 3749 1601 3801 ut
1616 3744 1795 3801 efferrentur
1810 3755 1869 3797 rasa

1124 3843 1214 3885 aurea
1228 3832 1256 3883 et
1271 3833 1419 3898 argentee,

1089 3917 1153 3973 que
1168 3899 1366 3970 asportaverat
1375 3891 1647 3952 Nabuchodonosor
1661 3888 1749 3958 pater
1766 3883 1870 3956 ejusde

1087 3971 1209 4043 tempto,
1225 3970 1303 4041 quod
1320 3967 1376 4023 init
1390 3968 1420 4023 in
1434 3961 1612 4030 Jerusalem,

1053 4049 1092 4104 Ut
1106 4044 1240 4100 biberent
1253 4040 1283 4096 in
1299 4039 1342 4097 eis
1358 4055 1407 4095 rex
1418 4043 1448 4093 et
1462 4033 1621 4116 optimates
1633 4029 1716 4101 elus,

216 4132 309 4187 donec
338 4129 416 4185 aciae
447 4130 524 4200 quod
551 4130 721 4187 dominetur
743 4130 881 4191 llxcelsua
910 4148 1000 4207 super
1089 4127 1253 4183 u³¹⁰f0fltl¹¹⁰
1267 4112 1343 4183 01⁰⁸·
1358 4116 1388 4166 01
1399 4106 1580 4166 ὓθῦῦῑὼῐῠθ·

249 4217 373 4271 regnum
389 4200 555 4267 hominum,

214 4276 243 4329 et
256 4272 423 4343 cuicunque
437 4272 572 4339 valuerit,
588 4273 636 4328 det
651 4271 736 4328 illud.

179 4345 260 4412 Quod
277 4349 376 4399 autem
399 4344 547 4417 praecepit,
575 4348 607 4399 ut
642 4343 857 4417 relinqueretur
879 4362 999 4419 germen

254 4415 384 4471 radicum
402 4417 476 4487 elus,

217 4485 246 4540 id
262 4492 306 4542 est
320 4487 432 4543 arboris
449 4502 455 4542 :

182 4555 315 4628 Regnum
330 4563 415 4613 tuum
432 4559 484 4614 tibi
501 4557 641 4626 manebit,

1054 4188 1137 4244 Tunc
1153 4184 1242 4241 allata
1257 4187 1327 4241 sunt
1342 4197 1411 4238 vase
1429 4193 1529 4248 anisa,

1089 4274 1153 4332 qua
1168 4257 1369 4326 asportaverat
1382 4259 1411 4310 te
1426 4248 1546 4323 templo,
1567 4243 1648 4319 quod
1675 4243 1774 4301 iuerat
1787 4240 1818 4297 in
1832 4240 1874 4296 le·

1126 4327 1255 4385 rusalem
1272 4343 1279 4382 :

1014 4422 1038 4489 D
1052 4421 1086 4477 Et
1102 4418 1240 4475 biberunt
1254 4415 1283 4470 in
1300 4413 1343 4472 eis
1358 4429 1408 4470 rex
1422 4417 1452 4469 et
1465 4409 1624 4483 optimates
1638 4406 1719 4477 ejus,

1093 4506 1196 4547 uxores
1211 4493 1239 4543 et
1254 4486 1423 4542 concubine
1439 4483 1515 4556 ejus.

1056 4561 1200 4620 Bibebent
1213 4558 1324 4628 vinuiu,
1339 4563 1369 4613 et
1384 4553 1545 4612 laudabant
1559 4549 1630 4606 deos
1643 4564 1719 4607 auca
1730 4562 1847 4614 aureos,

218 4635 375 4701 postquem
393 4630 565 4702 cognoveris
584 4633 755 4703 potestatem
778 4631 1002 4689 essecorlestem
1094 4637 1122 4690 et
1137 4636 1300 4700 argenteos,
1323 4635 1353 4686 et
1375 4642 1477 4698 ereas,
1505 4625 1625 4689 terreos,
1651 4619 1831 4694 ligneosque
1852 4616 1875 4671 et

184 4717 393 4785 Quamobrem,
405 4718 625 4784 rex,consitium
643 4735 739 4775 meum
756 4718 870 4792 placeat
883 4721 949 4792 tibi,

218 4792 248 4845 et
261 4793 382 4872 peccata
397 4794 448 4845 tue
463 4789 658 4863 eleemosynis
669 4791 790 4857 redime,

217 4864 246 4917 et
259 4864 430 4943 iniquitates
445 4865 511 4916 tuas
527 4861 736 4919 misericordiis
752 4879 915 4936 pauperum
931 4880 938 4921 :

220 4932 343 4988 torsitan
358 4931 489 5003 ignoscet
502 4933 616 4991 delictis
631 4934 701 4990 tuis.

183 5003 290 5060 Omnia
303 5009 446 5059 venerunt
456 5021 544 5075 super
558 5005 827 5064 Nabuchodonosor
841 5022 950 5080 regem.

182 5080 253 5132 Post
268 5075 355 5131 linem
380 5077 526 5132 mensium
542 5077 706 5146 duodecim,

218 5147 247 5203 in
264 5146 332 5202 aula
348 5146 504 5219 babylonis
519 5148 741 5204 deambulabat.

183 5235 404 5307 Responditque
420 5251 478 5298 rex,
493 5239 523 5291 et
537 5235 578 5291 eit
593 5253 600 5292 :

220 5307 324 5363 Nonne
340 5307 400 5362 bec
415 5313 460 5363 est
474 5307 736 5390 Rabylonmagna,
754 5326 843 5383 quain
867 5327 921 5385 ego
935 5311 1008 5369 edi-

256 5377 337 5433 tluari
353 5379 381 5434 in
398 5381 518 5435 domum
533 5394 627 5451 regni.

1060 4704 1298 4834 lnlggdfflssflhcre
1308 4769 1507 4844 apparuerunt
1521 4763 1618 4837 digiti,

1095 4844 1180 4920 quasi
1198 4860 1285 4901 manu
1301 4841 1430 4899 hominis
1446 4835 1603 4897 scribentis
1617 4836 1726 4892 contre
1750 4829 1876 4890 candele·

1046 4938 1049 4943 ·
1148 4918 1237 4972 hrum

1095 4988 1125 5044 in
1143 4986 1297 5060 superlicio
1312 4982 1433 5058 parietis
1445 4980 1519 5037 aula
1534 4976 1621 5050 regie
1641 4992 1649 5033 ε
1681 5046 1685 5052 ¹

1096 5064 1125 5118 et
1140 5077 1189 5117 rex
1208 5056 1357 5130 oepieebat
1371 5053 1511 5112 articulos
1527 5063 1633 5107 meniis
1647 5045 1820 5106 scribentis.

1049 5138 1143 5207 'Tunc
1159 5148 1236 5216 ragis
1250 5147 1339 5203 iacies
1354 5141 1600 5209 commutataest,

1097 5227 1127 5278 et
1141 5219 1334 5293 cogitationes
1348 5217 1414 5289 ejus
1430 5210 1645 5288 perturbabant
1658 5225 1753 5278 eum;

1063 5296 1097 5350 lit
1111 5307 1270 5364 compages
1284 5305 1386 5347 renum
1400 5289 1465 5359 eius
1479 5282 1686 5352 solvebantur,

1099 5368 1128 5419 et
1142 5379 1239 5437 genua
1251 5363 1316 5431 ejus
1330 5361 1365 5417 ad
1386 5375 1417 5416 se
1432 5356 1556 5413 invicem
1572 5350 1808 5410 collidebantur.

221 5449 250 5504 iu
267 5451 380 5519 robore,
396 5449 577 5508 tortitudinis
592 5465 674 5518 mam,
685 5454 715 5507 et
735 5451 765 5507 in
785 5453 878 5524 gloria
891 5454 1008 5513 decoris
1063 5434 1245 5495 Efflssfflflvst
1261 5434 1359 5504 litque
1371 5448 1419 5487 rex
1434 5428 1560 5491 sortitor,

261 5521 318 5574 mei
334 5520 346 5575 ?

187 5593 257 5645 Cum
274 5592 370 5648 adhuc
386 5610 482 5649 sermo
498 5597 576 5650 esset
591 5592 620 5648 in
636 5609 685 5649 cre
702 5593 789 5666 regis,

223 5676 278 5716 vox
292 5664 328 5717 de
344 5664 414 5720 caelo
430 5668 489 5721 ruit
505 5682 512 5719 ε

189 5729 254 5784 Tibi
270 5732 386 5805 dicitur,
403 5737 672 5794 Nabuchodonosor
687 5751 736 5793 rex
752 5751 759 5792 :

1101 5514 1133 5564 ot
1147 5507 1366 5563 introducerent
1384 5516 1497 5575 magos,
1508 5495 1679 5564 Chaldaeos,
1689 5499 1721 5553 et
1730 5492 1878 5567 aruspices

1064 5601 1100 5654 Et
1115 5594 1290 5668 proloquens
1304 5610 1353 5650 rex
1366 5591 1405 5649 ait
1420 5587 1605 5661 sapientibus
1619 5584 1788 5660 Babylonia
1807 5598 1814 5639 :

1101 5669 1285 5740 Quicumque
1299 5665 1404 5739 legerit
1418 5662 1596 5734 scripturam
1611 5656 1707 5727 banc,
1853 5724 1859 5734 Ι

1103 5745 1131 5799 st
1141 5739 1410 5812 interpretationem
1419 5730 1690 5808 ejusmonilestain
1699 5725 1877 5789 miniaceis
