3870 6120
6 1876 12 1885 Ι
121 1810 946 1888 liber,ioeditatemsuipublicelegeatibusprebeatllac

109 170 179 229 1139
419 150 464 187 ’·
627 179 657 234 s.
679 180 883 234 urssournr
900 180 1028 235 orvans
1045 178 1293 234 araaroruacs.
1363 206 1365 210 ⁴
1752 166 1820 225 titt

110 297 245 367 mistum,
261 304 289 356 et
306 300 604 373 mediatemperatum
621 317 716 373 genus
731 301 934 379 translationis
948 315 975 382 Α
990 300 1525 375 dumquealiudloqultur,aliudagit:
1540 296 1606 356 utsi
1624 295 1818 368 valisanguil·

111 389 365 460 expresserint:et
393 389 493 444 omnia
507 388 619 445 Veteris
635 390 824 446 lastrurneati
848 391 931 446 volu·
985 389 1817 459 lamautmuraaaulsm⁸strictisteneremanibus,quauto

114 476 196 533 mina
229 477 369 549 Origenes
397 477 490 534 obelis
530 478 932 551 asteriscisquedistinxerit,
987 477 1817 553 lortiuspresserie,tantocitiueelabitur.Meminimeob

114 564 935 641 quosveladditos,veldel'beodotionesumptos,trans·
986 560 1816 644 intelligentiamhujusvoluminis‚tyronumquemdau

111 652 213 710 lationi
243 655 520 726 antiquaeinseruit,
551 656 679 729 probans
703 656 833 715 defuisse
857 659 935 733 quod
987 661 1233 733 'preceptorem
1250 659 1319 733 quid
1333 659 1412 733 apud
1427 659 1565 716 Hebraeos
1582 655 1707 730 primos
1722 652 1819 710 heberi

114 742 247 800 additum
263 747 318 800 est.
333 743 453 800 Discant
464 743 556 816 igitur
571 746 849 804 obtrectatoresmei
861 748 936 805 reci·
989 749 1160 822 putabatur,
1176 765 1234 805 noa
1259 749 1358 821 parvis
1382 748 1545 805 redemisse
1560 744 1720 802 nummis:
1737 742 1818 815 cujas

114 847 182 905 pere
205 832 236 887 ia
251 836 324 902 toto,
348 834 426 905 quod
450 833 481 889 iu
497 834 629 906 partibus
644 843 864 908 suscseperunt,
887 843 939 894 sat
990 838 1124 896 doctrina
1138 854 1175 893 aa
1189 837 1302 911 aliquid
1317 837 1502 910 profecerim,
1520 835 1622 893 nescio
1634 851 1642 890 ε
1655 833 1715 890 hoc
1730 847 1819 888 uuum

115 921 388 994 interpretationem
398 939 493 978 meam
509 924 809 981 aumasteriscissuis
824 927 936 984 radere.
991 929 1063 996 scio,
1078 946 1136 987 aaa
1152 929 1286 1001 potuisse
1302 945 1348 986 me
1363 926 1561 1000 interpretari,
1581 924 1643 982 nisi
1659 923 1742 997 quod
1758 928 1821 979 ants

116 1009 216 1081 Neque
231 1010 310 1066 cuim
326 1010 388 1065 fieri
399 1014 505 1083 potest,
523 1016 555 1066 ut
567 1028 640 1083 quos
650 1012 734 1084 plura
745 1013 940 1072 intermisisse
991 1017 1204 1077 intellexeram.
1217 1020 1240 1074 Α
1254 1017 1400 1091 principio
1415 1017 1515 1088 itaque
1528 1014 1704 1084 uoluminis,
1730 1026 1819 1084 usqae

117 1100 319 1171 perspexerint
336 1102 357 1163 ¹,
373 1116 430 1155 non
460 1101 683 1157 eosdemetiam
706 1102 736 1157 in
761 1103 939 1175 quibusdam
993 1108 1133 1164 adverba
1159 1107 1226 1172 lob,
1254 1107 1333 1179 apud
1364 1106 1605 1177 Hebraeosprose
1634 1102 1733 1160 oratic
1756 1099 1821 1158 est⁸

117 1201 232 1243 errasse
248 1186 404 1255 fateantur,
422 1189 566 1261 precipue
583 1189 611 1243 in
626 1189 682 1245 lob
698 1208 707 1244 r
723 1192 769 1247 cui
787 1193 811 1247 si
828 1210 861 1248 ca
877 1210 941 1264 ques
994 1199 1081 1255 Porro
1097 1213 1114 1253 a
1128 1197 1224 1254 verbis
1237 1196 1304 1268 lob,
1320 1195 1350 1251 iu
1366 1194 1474 1268 quibus
1489 1195 1541 1266 ait,

118 1275 331 1332 subasteriseis
341 1277 527 1348 additasunt,
538 1277 728 1348 subtraxeris,
738 1296 806 1351 pars
814 1282 943 1337 maxima
1100 1318 1200 1370 Perea,
1214 1312 1284 1377 dm,
1300 1314 1329 1368 i„
1345 1327 1399 1383 qm,
1411 1319 1494 1367 „am
1509 1326 1603 1376 mum,

118 1363 279 1422 voluminis
301 1365 311 1399 ¹
327 1365 568 1421 detruncabitur:
585 1370 613 1421 et
637 1366 691 1423 boc
708 1368 849 1424 duntaxat
864 1370 942 1442 apud
1139 1394 1165 1440 α
1176 1382 1459 1457 n03‚inquaaictum
1470 1377 1823 1453 ar‚cnnceptusertlserno,

119 1452 245 1509 Grecos.
262 1456 402 1510 catarum
418 1455 496 1526 apud
514 1454 641 1524 latinos,
657 1460 724 1512 ante
740 1472 804 1513 sam
817 1458 943 1514 transla-

118 1542 241 1610 tionem,
256 1559 345 1614 quam
374 1544 429 1600 sub
445 1545 594 1602 asteriscis
610 1550 638 1600 et
663 1545 755 1602 obelis
774 1563 867 1618 nuper
880 1549 944 1604 edi·

120 1630 230 1702 dimus,
255 1632 434 1706 septingenti
455 1634 546 1689 ferme
576 1638 627 1690 aut
649 1634 809 1707 octingenti
842 1652 943 1694 versus

120 1722 229 1777 desunt
244 1728 273 1789 Ι;
291 1728 322 1778 ut
337 1723 508 1779 decurtatus
535 1729 563 1779 ct
577 1723 724 1782 laceratus
748 1741 944 1801 corrosusque
958 1677 983 1745 B
1107 1713 1222 1770 Pd⁶57⁶⁰
1234 1713 1296 1785 i1²⁸⁶
1312 1728 1356 1794 tm
1370 1709 1560 1794 ’'fill‘'t‘ndb,
1685 1780 1691 1791 ,

1141 1795 1230 1857 esopo
1242 1788 1438 1858 paenrteatrom
1458 1800 1489 1840 sn
1499 1782 1603 1855 laertia
1619 1785 1649 1838 et
1662 1796 1779 1838 mnae.-

997 1525 1093 1583 usque
1103 1509 1139 1564 ad
1149 1525 1217 1565 eum
1229 1507 1327 1565 locum
1344 1507 1394 1564 ubi
1405 1502 1746 1563 antetlnemvotuminis
1756 1500 1824 1559 scri·

997 1603 1082 1672 ptum
1099 1603 1166 1654 est:

122 1906 220 1961 auteur
248 1902 402 1959 translatio
432 1902 546 1959 nullum
576 1904 948 1979 devetaribussequitur⁸
1000 1909 1162 1967 hexametri
1174 1924 1277 1966 versus
1292 1912 1364 1966 suat
1377 1909 1399 1976 ⁰,
1414 1904 1529 1980 dactylo
1544 1905 1752 1979 spondeoque
1764 1920 1821 1960 aar

122 1992 314 2064 interpretum
329 2010 336 2048 ε
353 1993 402 2048 sed
419 2009 455 2048 ex
466 1996 529 2064 ipso
542 1993 681 2051 Hebraico
696 1996 878 2069 Arabicoqus
889 2014 949 2054 ser·
1002 2005 1100 2056 rentes
1113 2017 1120 2056 :
1133 2003 1162 2055 et
1173 2001 1291 2071 propter
1303 1996 1411 2070 lingue
1430 1995 1551 2062 idioma,
1563 1994 1670 2051 crebro
1692 1993 1823 2065 recipien-

123 2097 221 2151 mone,
241 2087 270 2138 et
285 2081 431 2138 interdum
441 2083 523 2153 Syro,
536 2097 614 2137 auae
629 2085 725 2149 verba,
740 2101 819 2140 nanc
831 2101 946 2156 senens,
1002 2092 1046 2144 tos
1062 2092 1090 2144 et
1105 2087 1179 2145 alios
1194 2087 1292 2160 pedes,
1309 2103 1368 2144 noa
1383 2085 1554 2142 earumdem
1565 2082 1768 2156 syllabarum,
1780 2081 1821 2138 aed

124 2188 201 2227 nunc
221 2171 311 2227 simul
332 2177 490 2242 utrumque
514 2174 673 2229 resonabit.
701 2174 847 2247 Obliquus
868 2177 948 2233 enim
1003 2178 1172 2235 eorumdem
1185 2181 1364 2249 temporum.
1378 2175 1530 2232 Interdum
1543 2171 1821 2246 quoquerhythruue

124 2259 212 2317 etiam
224 2260 301 2332 apud
312 2259 716 2319 Hebreostotusliberiertur
726 2263 951 2334 etlubricus;et
1003 2266 1068 2338 ipse
1082 2265 1177 2322 dulcis
1192 2271 1222 2322 et
1235 2264 1371 2322 tinnulus
1381 2263 1474 2320 iertm
1487 2260 1625 2318 numeris
1635 2259 1703 2334 lege
1718 2260 1821 2318 metri”

126 2351 205 2422 quod
235 2349 332 2405 Graue
361 2348 494 2407 rhetores
514 2351 525 2386 ⁸
552 2357 670 2422 vocant,
699 2349 949 2428 tepqperreplvae,
1004 2355 1128 2412 solutis:
1145 2354 1222 2428 quod
1235 2352 1356 2410 metreci
1371 2352 1477 2426 magis,
1492 2366 1582 2424 quarn
1595 2348 1728 2424 simplex
1745 2347 1823 2407 lector

167 2569 303 2628 ¹Vitiose
331 2570 654 2631 tectumaldartianao
678 2578 951 2653 susceperint,quod
1007 2593 1089 2645 num,
1119 2576 1280 2649 prasertim
1309 2590 1377 2632 oum
1407 2574 1443 2630 de
1468 2571 1565 2629 medio
1591 2568 1662 2627 libri
1689 2568 1819 2641 lubuit:

131 2642 247 2699 nullum
263 2643 369 2712 reddit,
386 2649 437 2700 aut
451 2651 527 2702 certe
539 2646 760 2704 incommodum
771 2666 903 2709 sensum.
920 2654 952 2710 ln
1007 2672 1021 2701 «
1032 2649 1158 2704 ltursum
1170 2644 1493 2720 plurimapermedium
1504 2641 1689 2715 totumapud
1701 2643 1822 2725 llebreos

131 2722 150 2770 Α
175 2713 268 2785 alogia
283 2715 312 2770 S.
330 2715 424 2772 Patris
439 2721 539 2773 contra
556 2717 693 2775 Rufinum
710 2720 760 2776 lrb.
771 2737 792 2777 rr
808 2740 890 2781 num.
906 2726 952 2797 29,
1007 2719 1102 2795 posita
1110 2720 1306 2790 reperiuntur,
1317 2734 1375 2775 aon
1386 2719 1455 2773 item
1465 2715 1544 2799 apud
1555 2731 1612 2772 aas
1624 2731 1632 2768 :
1643 2730 1754 2787 septus
1762 2729 1822 2785 qus·

132 2733 181 2842 „fij
194 2786 398 2867 ,praelationem
415 2785 490 2844 banc
514 2805 598 2846 suam
625 2791 711 2847 verbo
735 2796 822 2849 tenus
837 2797 952 2866 repetit,
1007 2798 1073 2848 turo
1089 2789 1133 2846 vel
1149 2796 1208 2847 tras
1223 2789 1337 2862 (versus
1352 2788 1468 2859 desunt)
1484 2787 1636 2842 interdum
1649 2791 1681 2843 et
1696 2789 1821 2859 quatuor·

130 2861 317 2915 restituimus
328 2859 442 2929 pridem
466 2860 667 2932 perspexerint,
691 2865 767 2934 quod
783 2866 905 2922 verbum
925 2873 954 2924 et
1008 2863 1115 2932 decim,
1128 2861 1254 2918 sedecim
1266 2860 1513 2918 etnovemdecim.
1526 2859 1561 2914 lit
1571 2857 1645 2931 quid
1657 2873 1708 2914 ma
1724 2859 1823 2928 oportet

131 2934 208 2986 recte
224 2929 311 2985 babet
326 2945 392 2985 cum
408 2947 508 3001 seusu,
523 2933 591 2989 etia
607 2934 643 2989 iis
657 2935 758 3003 etiam,
771 2952 845 3007 quos
859 2938 955 2996 editor
1008 2936 1068 2991 herc
1084 2949 1267 2998 enumerare,
1283 2949 1346 3005 qua
1362 2931 1456 2988 multo
1479 2929 1578 2986 labore
1594 2928 1780 3001 collegimus,
1793 2942 1822 2982 ae

131 3000 335 3082 benedictinus
348 3002 510 3067 consuluit,
525 3019 598 3060 mss.
626 3004 776 3062 codicibus
795 3008 952 3079 reperitur.
1009 3023 1063 3062 uos
1078 3004 1180 3062 lateret
1195 3005 1354 3062 discrimen
1380 3000 1574 3059 Judaiooram
1604 3006 1821 3070 nostrorumque

130 3071 328 3129 Nilrrlosecius
344 3088 422 3127 nunc
438 3073 538 3129 malim
561 3075 597 3129 ad
613 3076 814 3146 antiquissimi
832 3079 952 3138 Palatini
966 3043 989 3112 c
1007 3077 1218 3148 exemplarium
1233 3077 1421 3133 locatarum
1432 3071 1568 3130 nonnulli
1580 3088 1655 3128 mss.
1671 3070 1748 3128 banc
1759 3086 1822 3143 pre·

131 3141 218 3199 tidem
234 3141 379 3214 quidquid
394 3143 465 3198 illud
478 3149 523 3200 est
537 3146 896 3218 verbi,penitusbinclaci
908 3168 953 3208 ex·
1005 3149 1104 3207 ierunt
1127 3147 1229 3204 eodem
1257 3146 1288 3204 ia
1304 3147 1368 3204 loeo
1398 3144 1558 3202 variantem
1585 3141 1744 3200 lectionem
1760 3140 1821 3223 RS*

131 3215 250 3270 sutare:
268 3219 299 3269 ut
315 3212 407 3270 multo
429 3216 593 3288 elegantius
608 3218 815 3293 subintelligas
831 3238 882 3293 pro
906 3239 950 3290 ee,
1003 3222 1141 3294 ptiupents
1155 3221 1243 3290 serrae
1270 3227 1322 3274 cert
1336 3218 1488 3289 octingenti
1514 3230 1614 3272 cereos
1631 3223 1711 3284 rost,
1738 3212 1822 3286 parias

129 3285 267 3414 (armetur,
281 3301 314 3341 ex
342 3284 535 3359 subsequenti
552 3287 659 3345 isocolo
684 3307 872 3363 :sensusque
900 3296 952 3363 sit,
1005 3292 1161 3348 decurtatae
1176 3295 1201 3346 et
1223 3291 1368 3358 laceratae,
1384 3294 1440 3345 ete.
1452 3291 1543 3343 llam.

132 3357 193 3484 ..tl
206 3358 952 3498 diffidit?‘iiiil'itiil‘diiiiii*
1007 3361 1418 3506 ..tlttttttttttltt
1431 3355 1819 3488 tttttttmatttttt

168 3499 280 3555 'libeat
293 3514 311 3553 a
325 3496 458 3556 Palatino
480 3470 535 3555 ms.
550 3498 582 3554 τό
597 3502 755 3572 uoluminis,
775 3505 890 3578 integro
904 3478 952 3563 ie·
1006 3503 1165 3576 Gregorius
1185 3505 1306 3576 llegnus
1320 3503 1387 3560 Jobr
1403 3501 1511 3558 tibrum
1527 3517 1563 3558 ex
1577 3499 1702 3556 Hebraeo
1717 3503 1748 3555 et
1760 3504 1820 3553 Are·

132 3587 200 3627 men
229 3570 407 3626 sensuttox
436 3581 631 3644 quoquecrrte
659 3575 811 3632 editionem
834 3578 951 3650 legitur,
1005 3575 1071 3632 bico
1087 3591 1222 3633 sermone
1236 3580 1371 3632 constare
1385 3573 1485 3630 tradit.

132 3659 184 3715 pro
199 3645 263 3698 ante
274 3657 336 3699 eum
350 3640 575 3699 translationem.
1042 3647 1054 3682 ⁸
1072 3646 1195 3703 Palatia.
1213 3663 1283 3717 ms,
1299 3646 1387 3703 Greci
1400 3644 1533 3701 rhetores.

168 3714 297 3770 'Falsus
311 3716 356 3770 est
369 3712 418 3770 bic
433 3730 563 3797 nuperus
577 3720 688 3784 auctor,
706 3721 738 3772 ut
752 3717 782 3775 in
796 3717 861 3776 aliis
880 3719 953 3777 locis
1042 3719 1053 3754 ⁸
1068 3716 1263 3776 Restituimus
1278 3717 1475 3780 murenulam,
1491 3729 1581 3786 qaam
1597 3727 1702 3769 vocem
1717 3715 1747 3767 et
1759 3725 1820 3792 mss.

132 3784 205 3842 heae
221 3784 416 3853 meltianum
433 3786 611 3857 opinationis
641 3788 763 3860 propria
787 3798 954 3850 commenta
1007 3805 1109 3845 omnes
1124 3790 1333 3846 etvetustinres
1347 3788 1491 3844 editiones
1502 3782 1733 3858 proteruntsio
1746 3786 1823 3838 ettam

130 3862 272 3929 tanquam
290 3854 490 3940 intelligentiae
505 3859 583 3930 leges
598 3860 682 3915 nobis
698 3861 820 3918 delinire
843 3880 952 3934 prasu·
1007 3861 1093 3925 Beda,
1108 3867 1195 3931 atque
1210 3861 1257 3916 alii
1275 3860 1377 3916 mediae
1394 3858 1489 3915 atatis
1499 3857 1659 3929 scriptores
1676 3854 1754 3926 apud
1766 3852 1824 3908 llis·

132 3931 198 3985 mit.
214 3929 263 3984 ait
278 3928 366 3998 igitur
381 3929 432 3985 bb.
450 3945 470 4000 r,
488 3946 553 4002 pag.
569 3931 596 3997 o,
622 3930 952 3991 Historiesuracritice
1008 3948 1163 4001 ronymum
1193 3931 1306 4003 legunt.
1336 3931 1520 3987 Martianaus
1549 3932 1648 3983 eutem
1673 3939 1824 3983 moraeoom

10 4022 15 4033 ·
130 3999 243 4057 Veteris
263 3999 455 4071 Testamenti,
471 3999 527 4057 boe
543 4001 630 4056 modo
646 4000 822 4073 legendum:
839 4006 953 4077 Septua-
1008 4004 1126 4059 rescribi
1143 4004 1246 4071 votuit,
1258 4003 1313 4059 bao
1329 4003 1435 4058 ductus
1446 4000 1568 4065 ratione,
1585 3997 1665 4071 qaod
1676 3995 1824 4052 mamus

130 4073 212 4146 pinta
227 4070 316 4142 ferme
330 4073 376 4125 aot
392 4074 530 4141 ceroptata
545 4087 637 4128 uersus
651 4072 760 4145 dauers,
776 4092 833 4131 non
848 4081 952 4147 septta-
1008 4072 1224 4149 ὑποκοριστικῶς
1250 4073 1387 4132 catenula
1413 4073 1560 4129 diceretur
1588 4086 1607 4126 a
1636 4067 1824 4126 similitudine

148 4146 206 4199 enti
219 4146 307 4211 ferme
320 4144 369 4199 aret
387 4143 550 4213 octingenti.
564 4143 691 4214 scilieet,
717 4146 827 4221 legerat
842 4148 953 4221 episto·
1007 4147 1095 4218 piscis
1111 4146 1154 4203 sia
1179 4147 1265 4204 dictu.
1281 4146 1371 4211 Quasi
1387 4142 1486 4199 minus
1514 4142 1551 4199 de
1566 4140 1658 4225 pisae,
1688 4155 1777 4224 quam
1796 4137 1827 4193 de

131 4231 188 4298 ¹am
205 4214 314 4298 Ueserii
340 4215 515 4271 Amarebani
533 4216 581 4298 ad·
599 4215 777 4273 Ludovicurn
797 4219 952 4319 famum!
1007 4218 1149 4343 epasmodi
1166 4217 1311 4303 catenula,
1327 4233 1391 4289 qua
1407 4219 1436 4271 et
1450 4214 1480 4270 ia
1495 4217 1631 4295 cautiore·
1647 4219 1823 4335 oantteprum

127 4286 743 4429 telettlttltdt.tttttttttt
759 4291 952 4432 mittit?
1006 4290 1683 4430 tttatlt..tltfftttttt‘atttf⁰⁰⁰¹¹¹¹⁸
1698 4300 1752 4338 ⁸¹¹²
1765 4296 1824 4353 ⁰⁸¹⁸

128 4427 236 4499 inquit,
253 4431 294 4484 vel
312 4400 480 4500 qriieunque
495 4429 672 4486 ineditarum
694 4431 723 4485 in
737 4402 834 4489 ⁸libros
850 4405 950 4490 sacros’
968 4375 990 4441 D
1006 4378 1024 4435 p
1040 4463 1075 4473 —
1091 4431 1234 4500 laeditis,
1250 4431 1341 4498 inque
1371 4374 1506 4501 pluribus
1520 4441 1594 4508 mse.
1615 4439 1668 4496 pro
1679 4438 1827 4507 ‚maresa

129 4498 337 4579 llypotbesiurn
352 4504 455 4581 auctor
471 4501 535 4585 tuit,
548 4500 736 4584 distinctione
751 4503 799 4559 bic
810 4503 952 4572 adhibita,
1007 4507 1141 4571 corrupte
1153 4501 1331 4585 marescalum
1343 4501 1477 4627 legimus.
1490 4506 1516 4555 et
1528 4514 1595 4570 quis
1607 4502 1721 4578 nesciat
1730 4509 1827 4552 marer-

128 4569 237 4651 librum
263 4571 398 4628 lebsme
428 4579 578 4628 asteriscis
607 4572 725 4644 quidem
751 4573 952 4650 diodorique<
1005 4589 1348 4644 sumeeseprscemnon
1383 4565 1706 4638 rssrmrlemaugurllae,
1727 4580 1827 4623 marer-

128 4640 269 4696 hflbfflSSss
294 4647 383 4705 Mitt.
402 4657 467 4698 cum
486 4645 637 4700 asteriscis
651 4661 718 4700 vero
743 4648 824 4701 2200.
840 4668 853 4695 a
869 4647 951 4710 Quod
1005 4646 1103 4700 orelam
1114 4644 1285 4701 autemoolli
1296 4659 1399 4699 aurum
1411 4642 1489 4714 quod
1498 4641 1539 4696 ita
1550 4645 1704 4710 nuncupat
1712 4639 1825 4719 vulgus,

23 4718 29 4723 '
129 4712 255 4784 perfecte
273 4712 397 4782 quadrat
412 4713 446 4766 ad
463 4715 665 4771 vetustissima
680 4718 864 4790 antiquitatis
888 4735 951 4775 mo·
1006 4716 1180 4842 llieronpmo
1195 4717 1347 4772 tradente:
1365 4714 1436 4784 quia
1457 4711 1571 4768 scilicet
1592 4707 1713 4765 metallo
1729 4709 1758 4764 in
1774 4725 1828 4762 vrr-

128 4789 291 4841 uumsnta:
319 4800 387 4837 narn
422 4784 578 4860 Catalogus
608 4787 749 4843 librorum
792 4789 951 4859 Scriptura
1005 4787 1090 4859 gulas
1125 4792 1291 4844 entescente
1306 4787 1438 4858 quadam
1455 4783 1567 4839 ordinis
1582 4780 1706 4837 flexuosi
1732 4788 1831 4836 eatena

126 4874 216 4913 sacrae
253 4853 445 4911 concinnatus
474 4858 510 4912 ad
552 4858 742 4914 vetustiorem
775 4859 950 4934 Hieronymo
1004 4861 1181 4919 conteritur.
1196 4858 1331 4930 expiscis
1348 4857 1449 4928 utique
1464 4853 1592 4928 imagine
1605 4851 1750 4908 vocabulo
1763 4868 1830 4907 coa·

62 4980 68 4987 .
126 4928 259 4985 Latinam
276 4924 445 4991 editionem,
463 4933 492 4981 et
507 4935 574 4984 ante
589 4946 682 4985 annos
695 4929 950 5003 milleexscriptus
1005 4931 1140 4986 formato.
1152 4929 1224 4987 Vide
1238 4930 1322 5002 epist.
1344 4923 1695 4985 uelaudiuusasettaau
1708 4922 1830 4979 Marcel·

123 5002 154 5058 in
184 4998 348 5055 tiaenostri
379 4996 538 5055 voluminis
572 5000 769 5071 Epistularum
797 5007 826 5057 ri.
856 5004 949 5072 Pauli,
1003 5002 1185 5059 inmittam.
1728 5065 1761 5077 ..

125 5071 227 5129 tribuit
242 5071 317 5126 libro
341 5068 398 5124 Job
414 5083 566 5150 numerum
585 5089 606 5127 ar
622 5089 657 5127 uc
671 5089 822 5140 versuum,
839 5073 866 5129 id
892 5081 947 5142 est,
1039 5074 1119 5129 ills.
1139 5072 1250 5129 Palatia
1264 5113 1273 5138 ,
1288 5069 1414 5127 raonem
1442 5065 1599 5140 quemdam,
1619 5069 1677 5121 eta.
1700 5064 1831 5122 Drarmus

124 5146 204 5201 rouo.
222 5144 254 5199 ln
283 5140 500 5210 exemplaribus
527 5146 626 5198 autem
653 5145 780 5200 Cononis
805 5145 949 5203 hebraicae
1002 5161 1036 5202 eo
1051 5147 1085 5199 ‹le
1102 5145 1220 5200 bomine
1236 5143 1264 5198 in
1281 5143 1311 5199 S.
1327 5141 1456 5197 Doctoris
1470 5138 1547 5193 Vite.

121 5216 270 5282 serviatis,
286 5229 350 5286 que
370 5213 510 5284 στιχηρῶς
523 5212 589 5268 Jabi
605 5213 740 5271 volumen
756 5214 866 5272 babent
885 5217 948 5275 dis·
1036 5218 1124 5272 'tiss
1141 5215 1264 5287 aliquot,
1279 5215 1409 5284 prosaica
1425 5210 1521 5267 oratio
1540 5216 1590 5290 ert.
1608 5207 1708 5289 Usar.

123 5293 247 5346 tinctum
278 5303 310 5342 ae
331 5285 523 5354 descriptum,
552 5291 812 5357 numeranturper
836 5288 901 5343 eota
920 5297 947 5346 st
1035 5278 1829 5351 'DeistiusmodiversibusacmetrrsScrrptararum

123 5365 271 5418 commate
298 5356 471 5412 versusrtuo
500 5355 717 5411 milticdueerrtt
747 5361 946 5430 oiqotieeptem
999 5348 1829 5430 divinarumpleaiusdisputatumestiuProlegomeais

121 5435 165 5488 uei
180 5429 314 5498 ornatior.
347 5428 427 5483 Unde
443 5426 630 5483 manilestum
647 5432 741 5483 exstat
766 5431 873 5485 librum
889 5433 944 5487 tob
999 5429 1089 5495 bujus
1105 5430 1303 5486 bibliothecae.
1321 5428 1413 5483 Mrar.
1682 5456 1688 5467 ·

121 5503 198 5576 spurt
226 5503 345 5558 latinos
359 5498 498 5556 mutilum
524 5498 616 5555 luisse
639 5499 830 5571 septingeutis
854 5502 945 5559 terme
1034 5501 1153 5563 —Ouid
1183 5501 1267 5557 nobis
1282 5500 1417 5554 videatur
1432 5496 1468 5550 de
1484 5492 1587 5551 metris
1599 5491 1693 5551 hisce
1711 5491 1830 5550 Hebrai

121 5575 255 5630 versibus
271 5577 337 5626 anta
353 5587 416 5627 cnm
432 5571 667 5634 translationem,
689 5588 776 5642 quam
793 5574 850 5628 snb
866 5579 942 5628 aste·
996 5575 1104 5638 textus,
1120 5572 1148 5627 in
1166 5571 1336 5628 Praelatione
1355 5568 1546 5641 explicemus.
1802 5634 1809 5647 ι

120 5643 683 5712 riaciaerobctisllieronymusedidit.
704 5643 943 5716 lbrteturquaque
1034 5647 1182 5700 ¹⁰ttams.
1213 5643 1374 5700 Bibliorum
1401 5653 1554 5697 sacrarum
1583 5634 1835 5708 qodealicclesre

115 5712 291 5788 hujusmodi
304 5714 435 5773 delectus
449 5713 627 5787 origenesin
642 5712 768 5789 epistola
782 5714 818 5771 ad
832 5714 943 5772 Atriea·
996 5713 1207 5781 Narbonensis,
1226 5714 1276 5772 alii
1293 5730 1351 5773 aon
1376 5711 1486 5771 babent
1512 5705 1637 5784 verbum
1654 5711 1755 5779 metri,
1779 5706 1835 5766 ssd
