3870 6120
27 302 31 309 ·
154 242 212 352 iss

733 271 893 337 PATRUM
916 271 1270 337 nununioriiiouoii
1794 276 1856 338 {6⁴

192 417 341 496 Quamvis
368 414 450 478 enim
479 410 519 472 ad
548 412 767 471 tetrametrum
796 405 970 486 perlectum
986 405 1014 473 Α
1028 413 1130 468 ceret:
1148 405 1292 486 Denique
1305 404 1384 486 quid
1403 404 1564 467 Psatteria
1578 407 1737 484 canarias,
1767 409 1854 490 quad

28 574 31 579 .
153 522 255 587 desint
275 513 434 580 nonnulla
463 508 592 591 syllabae
619 507 651 568 iii
681 504 847 586 posteriori
879 522 969 564 versu
1027 502 1060 563 in
1088 524 1201 563 litarem
1230 503 1333 564 nostri
1363 501 1473 564 Flacci
1499 509 1529 563 et
1572 502 1681 566 Gnaei
1707 505 1851 568 Pindari

22 940 26 947 ·
150 911 249 975 tium:

152 611 402 684 Deuteronomii,
423 617 454 671 ot
480 607 513 668 iii
541 605 637 686 priori
667 601 827 664 nonnullae
853 602 971 664 redon·
1026 619 1108 662 nanc
1137 599 1237 662 iambo
1264 600 1377 680 currit,
1408 621 1493 662 nunc
1519 601 1654 663 Alcaico
1687 609 1847 681 cersonae,

152 717 251 789 dent3
280 710 408 774 suavius
435 712 542 767 tamen
569 703 741 764 decurrunt
768 699 824 761 ilia
882 717 972 761 sucre
1026 718 1108 759 nunc
1130 698 1283 781 Sapphica
1319 699 1451 759 tumet?
1494 703 1627 778 Legerat
1663 701 1849 778 Pindarum,

151 812 288 877 iambica
310 807 506 888 imperfecta,
537 819 633 882 quani
656 798 717 861 ista
744 797 829 878 apud
856 801 973 859 Teren·
1024 797 1145 858 sciebat
1172 797 1247 877 quid
1276 797 1318 858 sit
1344 796 1528 870 iambicum,
1559 797 1634 877 quid
1673 800 1847 874 alcaicum,

1025 899 1058 956 et
1080 893 1156 975 qnid
1185 894 1377 974 sapphicum
1408 900 1554 955 metrum.
1585 899 1664 957 (tum
1696 896 1849 960 Hebraeo-

1025 1009 1096 1052 rum
1111 991 1329 1053 eruditissimis
1343 991 1504 1072 colloquia
1532 992 1673 1072 quotidie
1701 994 1848 1070 miscens,

181 1053 327 1105 Pecuniam
343 1050 372 1100 iii
382 1047 442 1100 loco
454 1044 600 1110 negligere,
611 1039 758 1092 maximum
781 1037 916 1088 interdum
933 1039 974 1087 est
1120 1091 1126 1104 ,
1344 1091 1350 1103 ,
1548 1090 1554 1104 ,
1591 1091 1598 1104 .

848 1100 972 1164 [tucrum.
1024 1089 1092 1169 ipse
1107 1090 1221 1168 linguae
1237 1088 1400 1151 Hebraicis
1429 1090 1672 1152 callentissimus
1699 1110 1762 1155 non
1792 1112 1847 1174 po

183 1180 293 1243 Propter
309 1163 852 1236 suamimpotentiainsessmpsreredunt
863 1161 971 1227 negligi.
1024 1187 1085 1249 tuit
1111 1187 1259 1266 ignorare
1287 1206 1435 1268 quaenam
1465 1187 1528 1250 sint
1557 1189 1590 1248 in
1620 1189 1721 1251 Libris
1749 1191 1848 1254 mm

190 1303 345 1365 'Primetra
374 1293 465 1377 quusi
487 1290 623 1353 iambica
650 1288 682 1349 in
712 1285 847 1349 Psalmis
875 1301 912 1347 ox
940 1289 972 1346 et
1025 1304 1122 1366 opera
1159 1284 1306 1360 metrica,
1347 1291 1379 1347 et
1414 1286 1529 1365 quibus
1558 1285 1680 1366 legibus
1709 1289 1847 1352 metrici.

149 1421 213 1476 cxi,
244 1419 317 1463 cuin
343 1397 533 1474 Hieronymo
563 1389 653 1451 lecile
691 1386 875 1458 concedent,
916 1382 971 1463 qui
1025 1384 1186 1445 adstricta.
1216 1383 1428 1455 Quamobrem
1451 1383 1530 1444 tides
1557 1384 1749 1466 Hieronymo
1787 1387 1846 1448 ha.

148 1502 207 1565 hoa
248 1499 397 1561 Hebraeos
438 1509 545 1553 versus
584 1488 689 1565 legere
726 1490 757 1546 et
792 1482 971 1560 intelligere
1025 1481 1129 1543 benda
1170 1487 1227 1556 est,
1271 1481 1475 1562 potiusquam
1504 1482 1676 1562 Scaligeio,
1701 1482 1845 1563 ejusque,

148 1597 337 1663 studuerint.
368 1591 495 1656 Psalmo
523 1604 558 1649 ci
588 1585 679 1667 (vers.
697 1582 728 1662 1)
756 1581 907 1661 scriptum
927 1580 970 1641 le·
1024 1579 1242 1641 reconditioris
1270 1579 1445 1659 disciplinae
1474 1581 1695 1655 sectatoribus,
1732 1581 1786 1660 qui
1815 1588 1848 1643 et

149 1690 234 1772 gitur
247 1688 279 1748 in
295 1685 499 1747 Hehraeorum
514 1671 747 1738 voluminibus:
1024 1677 1084 1758 ipsi
1100 1676 1282 1757 opinionem
1311 1677 1472 1757 propriam
1502 1677 1542 1740 de
1569 1679 1678 1739 metris
1706 1679 1846 1758 Scriptu-

376 1786 504 1839 uitii-nrt
524 1781 573 1835 ‘ii'
592 1779 749 1832 W'W'Wii
987 1773 1146 1850 Biarum,
1160 1793 1198 1838 ac
1222 1775 1379 1856 praecipue
1408 1775 1553 1838 Psaiterii
1580 1781 1763 1852 statuentes,
1795 1783 1845 1839 to-

397 1881 405 1930 2
424 1876 491 1928 run
509 1873 574 1954 vnn
592 1869 721 1922 iiiiiim

184 1963 244 2021 Ode
259 1959 329 2020 taho
344 1953 546 2015 hachel-levas
562 1969 569 2009 ι

218 2033 306 2091 besod
319 2027 460 2103 jesearim
472 2025 555 2082 seda.

183 2104 350 2165 Conlitebor
364 2099 488 2156 Domino
502 2096 532 2151 in
548 2097 609 2150 toto
625 2092 728 2148 eorde:
768 2160 774 2174 υ

219 2178 249 2234 iii
265 2172 547 2244 conciliojustorum
566 2169 596 2222 et
607 2165 842 2235 congregatione.

186 2276 313 2341 Psalmo
343 2275 448 2335 autem
479 2284 529 2328 ciii
556 2261 662 2344 (Vens.
684 2260 727 2340 l),
757 2259 867 2322 eadem
898 2277 966 2321 ver·

146 2392 239 2438 sunm
253 2371 372 2452 speeies
385 2367 430 2430 ita
445 2361 583 2426 decurrit
599 2377 606 2419 :

412 2445 542 2529 :ui-bai
559 2466 626 2519 nim
645 2465 719 2518 mia

414 2560 513 2617 :urit
533 2556 624 2611 {iiiiii
643 2555 715 2611 itti:

180 2653 270 2709 Ascra
281 2647 323 2703 isc
333 2646 399 2718 jare
413 2639 548 2698 eth-labo
563 2655 570 2694 :

216 2717 430 2778 bemitssothav
442 2711 588 2785 hhaphets
599 2707 698 2792 meod.

182 2794 289 2851 Beatus
303 2792 346 2845 vii
361 2787 412 2861 qui
427 2787 510 2841 timet
525 2784 678 2862 Dominum
697 2796 704 2835 :

216 2865 247 2921 in
263 2861 413 2919 mandatis
427 2858 492 2929 ejus
506 2853 583 2910 volet
596 2867 696 2906 nimis.

187 2966 340 3028 Adverlat
354 2960 453 3021 lector
467 2954 613 3018 eumdem
635 2968 702 3013 esse
730 2966 841 3011 sonum
871 2967 964 3013 voca·

22 3122 26 3129 .
148 3065 224 3126 lium
253 3059 364 3121 iuliae
392 3050 575 3133 hujusmodi
615 3066 761 3111 versuum
800 3047 965 3112 Hebraico·

1023 1878 1090 1934 tuni
1132 1873 1275 1936 ordinem
1316 1878 1500 1953 pervertunt
1535 1873 1569 1934 iii
1611 1873 1775 1936 sententiis
1815 1879 1845 1935 et

1021 1971 1165 2032 versibus
1191 1970 1367 2032 Bihliorum
1396 1988 1571 2042 sacrorum,
1598 1970 1630 2032 in
1658 1971 1775 2053 quibus
1791 1990 1847 2034 sai·

1022 2069 1150 2149 pissime
1176 2070 1254 2131 ordo
1284 2069 1450 2131 verborum
1480 2069 1664 2149 mysterium
1679 2075 1736 2131 est.
1754 2070 1846 2133 Unde

1022 2165 1104 2228 idem
1135 2166 1344 2246 Hieronymus
1375 2167 1406 2226 iri
1439 2183 1510 2246 cap.
1541 2182 1584 2226 ιιι.
1624 2167 1773 2246 Epistola
1802 2167 1842 2229 ad

1021 2264 1175 2345 Ephesios
1201 2283 1208 2324 :
1242 2262 1330 2342 Quia
1359 2264 1403 2323 ita
1429 2262 1561 2324 habetur
1590 2264 1624 2324 in
1651 2263 1774 2344 Gracco,
1812 2272 1844 2324 et

1021 2361 1146 2444 singuli
1182 2382 1350 2438 sermones,
1389 2360 1528 2437 syllaba,
1558 2363 1672 2445 apices,
1708 2369 1841 2446 puncta,

1022 2461 1056 2522 in
1085 2460 1206 2521 divinis
1232 2458 1409 2542 Scripturis
1430 2459 1528 2542 plena
1556 2467 1632 2521 sunt
1664 2461 1808 2522 sensibus
1832 2483 1841 2521 :

1021 2563 1180 2640 propterea
1220 2558 1322 2638 magis
1363 2555 1506 2618 volumus
1552 2558 1586 2619 in
1622 2559 1844 2641 compositione

1021 2661 1242 2737 structuraque
1269 2654 1442 2736 verborum,
1485 2676 1578 2737 quam
1617 2656 1842 2739 intelligentia,

1012 2753 1209 2836 periclitari.
1240 2757 1307 2815 Non
1337 2754 1381 2815 sic
1422 2754 1564 2834 Scriptor
1591 2773 1743 2836 nuperus,
1787 2756 1843 2835 qui

1022 2871 1079 2933 pro
1107 2852 1198 2914 libitu
1227 2869 1350 2913 sacrum
1391 2854 1579 2913 contextum
1622 2853 1774 2932 pervertit
1808 2853 1842 2913 in

1018 2949 1154 3012 Psalmis
1170 2966 1202 3023 ii,
1219 2967 1306 3012 ccxxi
1321 2957 1352 3011 et
1379 2966 1426 3025 cn,
1442 2956 1478 3011 nt
1492 2950 1613 3030 poesim
1628 2950 1841 3030 rythmniean

1018 3047 1050 3110 iu
1083 3047 1144 3109 illis
1171 3048 1322 3109 inveniat.
1353 3049 1484 3110 Tantam
1513 3047 1572 3109 viri
1601 3048 1716 3110 eruditi
1743 3049 1841 3113 liber·

145 3176 215 3222 runi
233 3175 240 3218 :
257 3173 330 3217 nam
345 3152 431 3214 Icoan
446 3155 477 3212 et
497 3147 589 3208 oeeda
616 3160 711 3206 unam
740 3142 860 3203 hahent
886 3137 1001 3205 desi-C
1020 3152 1117 3207 tatem
1143 3144 1289 3207 cohibere
1316 3145 1349 3205 in
1377 3150 1526 3225 promptu
1555 3152 1636 3207 esset
1662 3164 1701 3208 ex
1728 3147 1843 3209 distin-

145 3252 365 3318 nsntiamsive
393 3247 553 3329 rythmum
578 3243 641 3304 late
669 3245 843 3319 sumptum.
874 3241 965 3302 Simi-

49 3340 52 3345 ’
145 3353 218 3418 liter
235 3338 277 3414 in'
296 3350 418 3430 psalmo
432 3363 481 3408 cxi
509 3340 597 3404 meod
623 3340 654 3400 in
685 3336 824 3400 vocalem
852 3357 869 3397 a
898 3349 963 3398 ter-

143 3450 311 3519 minatum,
332 3443 478 3508 eumdem
508 3439 604 3500 habet
630 3453 742 3496 sonum
772 3451 844 3494 cum
863 3431 960 3501 laico.

142 3551 191 3611 ita
205 3547 287 3609 enini
303 3543 365 3623 legi
379 3541 473 3603 dehet
493 3552 608 3599 nomen
635 3533 691 3594 Dei
720 3537 961 3610 tetragramma-

140 3653 194 3711 ton
212 3666 220 3722 ;
235 3664 299 3709 non
315 3650 351 3706 nt
373 3639 467 3704 hodie
495 3640 642 3715 corrupte
666 3631 804 3712 legitur:
831 3629 959 3698 lebana.

20 3752 24 3759 '
139 3746 194 3808 His
222 3763 297 3806 vero
325 3740 467 3802 versibus
494 3732 637 3797 iambicis
677 3729 773 3790 anons
806 3728 958 3808 majorem

10 3902 13 3907 .
137 3843 240 3905 inesse
256 3837 435 3910 melodiam,
461 3851 556 3913 quam
586 3829 627 3891 sit
654 3829 685 3889 in
711 3826 818 3889 metris
831 3827 957 3902 Catulli,

138 3936 465 4006 Horatiietaliorum,
496 3930 566 4011 quis
594 3946 656 3988 non
683 3924 816 3986 videat?
842 3925 960 3988 Termi·

107 4043 257 4098 cantur
284 4035 317 4096 iii
351 4027 542 4093 dictionibus
585 4024 719 4085 duarum
749 4019 955 4101 syllabarum,

136 4127 551 4212 sexbabentquasipedes,
579 4123 628 4184 vel
657 4128 692 4183 ut
721 4121 832 4182 melius
876 4120 958 4183 dica-

1018 3242 1175 3305 ctionibua
1215 3243 1420 3305 Hebraeorum
1470 3243 1614 3305 codicum
1657 3244 1841 3324 antiquissi-

1018 3340 1087 3414 mis,
1104 3347 1188 3403 etex
1207 3340 1368 3402 versiculis
1398 3360 1454 3421 per
1480 3340 1650 3402 intervalla
1673 3342 1841 3423 descriptis

1015 3439 1046 3500 in
1064 3439 1298 3519 exemplaribus
1321 3439 1457 3501 Cononis
1485 3439 1647 3501 Hebraicae
1676 3440 1838 3517 rentatis3

1016 3539 1071 3599 sed
1100 3537 1183 3598 hanc
1212 3536 1457 3617 disputationem
1487 3536 1660 3616 majoribus
1693 3537 1775 3611 otiis,
1807 3547 1841 3601 et

1015 3635 1107 3697 alteri
1136 3634 1273 3715 tempori
1298 3623 1555 3708 'reservavimus
1596 3636 1736 3697 contenti
1775 3637 1839 3700 boe

1015 3731 1085 3794 loco
1101 3732 1247 3812 quadam
1264 3733 1377 3793 loturae
1406 3732 1519 3794 domus
1546 3734 1694 3794 stravisse
1722 3734 1839 3797 tunda-

1015 3836 1130 3892 menta.
1177 3833 1252 3892 Hice
1292 3848 1367 3892 vero
1395 3830 1630 3911 qualiacunque
1658 3832 1731 3906 sint,
1771 3850 1838 3894 non

1014 3926 1129 3989 frivola
1159 3926 1325 3987 videantur
1351 3945 1419 3988 esse
1449 3926 1567 4002 lectori,
1600 3926 1682 4001 licet,
1711 3927 1837 3990 etmihi

1012 4024 1083 4105 ipsi,
1102 4024 1157 4103 qui
1172 4023 1255 4099 dico,
1286 4023 1484 4104 displiceant,
1516 4023 1652 4085 sentiens
1680 4026 1836 4088 meclau·

1012 4141 1080 4184 sam
1096 4120 1377 4202 pulsarejanuam.
1395 4120 1456 4184 Sed
1479 4121 1614 4202 legenda
1641 4141 1714 4184 cuin
1743 4124 1837 4185 venia

11 4220 15 4228 ¹
136 4249 218 4306 mna,
262 4231 378 4310 pedum
408 4224 572 4304 imagines,
603 4227 666 4282 tres
698 4238 789 4281 voces
816 4219 957 4298 integras
1014 4227 1097 4293 sunt,
1116 4219 1258 4299 alioquin
1289 4219 1378 4299 potui
1408 4219 1593 4300 simpliciter
1619 4219 1835 4300 ignorantiam

134 4321 505 4406 smpins,neepluiesin
534 4318 644 4381 eodem
672 4335 764 4378 versu
795 4317 953 4389 retinent;
1011 4317 1166 4390 confiteri,
1211 4324 1242 4377 et
1282 4334 1376 4378 omne
1418 4316 1630 4379 studiosorum
1665 4324 1834 4400 amputare

130 4423 250 4503 ecquid
291 4420 376 4483 istud
404 4436 499 4480 vocas
526 4416 586 4477 nisi
616 4415 758 4476 trimetro
792 4412 955 4476 iambica?
969 4448 992 4514 D
1010 4413 1213 4476 desiderium.
1242 4414 1330 4475 Sicut
1359 4413 1443 4476 enim
1472 4433 1492 4475 a
1519 4416 1659 4495 perlecta
1699 4416 1834 4479 scientia

134 4522 309 4583 Hateantur
350 4535 426 4596 ergo
467 4511 621 4575 fastidiosi
662 4511 808 4572 homines
851 4517 953 4573 totum
1011 4511 1123 4590 procul
1151 4528 1293 4572 snmus:
1339 4510 1464 4573 levioris
1507 4514 1612 4592 culpae
1640 4513 1835 4575 arbitramur

22 4582 33 4621 '-
132 4617 332 4691 Psalterium,
364 4622 395 4677 et
422 4613 530 4676 omnia
557 4610 792 4692 Scripturarum
833 4608 956 4670 cantica
1010 4609 1120 4669 saltem
1139 4608 1306 4688 parumde
1333 4609 1442 4671 metris
1470 4610 1578 4684 sacris,
1603 4628 1699 4690 quani
1727 4611 1835 4673 omni·

135 4714 260 4796 poetico
300 4712 439 4795 quodam
468 4712 651 4772 charactere
692 4726 759 4768 esse
801 4706 953 4781 animata,
1010 4704 1141 4767 nonihil
1157 4704 1272 4767 dicere.

135 4830 193 4876 nec
215 4814 320 4875 tumes
347 4809 524 4873 vendidisse
550 4806 780 4886 Hieronymum
809 4822 880 4864 cum
905 4804 953 4865 di-

882 4959 1087 5023 uiiioeus
1104 5051 1106 5055 .

170 5101 492 5182 Ergolegendasunt
515 5117 585 5160 cum
617 5112 695 5177 pace
722 5093 951 5174 Prolegomena
1006 5113 1135 5158 manuni
1158 5094 1335 5176 porrigere,
1361 5095 1410 5156 vel
1440 5095 1618 5158 errantibus
1647 5097 1707 5159 iter
1730 5104 1841 5160 osten-

127 5208 247 5279 nostra,
291 5206 322 5260 et
363 5195 624 5274 conatusnostri
650 5195 759 5256 farore
787 5192 892 5271 potius
920 5198 952 5255 et
1005 5194 1145 5256 dormiit
1164 5192 1240 5273 quid
1269 5192 1398 5271 prodest
1425 5194 1646 5272 spumantibus
1674 5194 1778 5271 labiis,
1804 5205 1842 5260 et

129 5295 325 5358 orationibus
353 5291 537 5374 adjuvandi,
569 5309 664 5370 quain
694 5290 863 5368 spernendi
898 5308 951 5350 au·
1005 5292 1122 5354 latratu
1152 5290 1320 5351 adversum
1353 5308 1410 5352 nos
1439 5291 1560 5370 garrire
1587 5310 1729 5355 canum:
1759 5313 1837 5357 cum

129 5411 164 5454 re
191 5392 351 5465 malivola,
381 5391 456 5472 quia
485 5407 615 5470 carpere
642 5395 674 5449 et
697 5387 862 5448 detrahere
902 5387 951 5449 vei
1005 5389 1138 5468 simplex
1159 5394 1189 5450 et
1218 5389 1382 5450 moderata
1411 5390 1585 5469 responsio,
1616 5391 1835 5472 eutpossitte

35 5504 44 5516 ·
129 5487 267 5570 imperiti
306 5494 451 5570 possunt.
481 5490 651 5550 Doctorum
695 5491 801 5546 autem
831 5491 890 5565 est,
920 5492 951 5546 et
1006 5487 1131 5568 plaeere
1146 5484 1172 5546 si
1187 5504 1261 5548 vera
1283 5490 1341 5561 est,
1357 5492 1413 5549 ant
1441 5487 1468 5549 si
1495 5488 1585 5564 laisa,
1614 5487 1728 5551 leniter
1756 5509 1775 5553 a
1808 5496 1842 5555 te

130 5587 187 5670 qui
213 5588 426 5656 laborantium
453 5607 571 5654 novare
599 5587 759 5664 sudorem,
788 5585 838 5648 rel
861 5585 951 5648 lassis
1005 5596 1038 5648 et
1063 5583 1263 5665 placabiliter
1290 5584 1463 5647 emendari.
1492 5586 1567 5648 Haee
1602 5585 1729 5650 interim
1758 5607 1839 5672 pro·
