3870 6120
145 298 196 356 191
681 309 710 361 S.
731 306 937 363 tribuerim
954 307 1083 362 ulvius
1100 307 1347 363 BIBLIOTHRCX.
1799 307 1853 364 192

19 442 22 447 ’
144 425 228 484 LVII.
246 428 322 484 Dixit
347 428 490 484 Dominus
514 429 550 484 nd
564 429 851 488 Jucob:ttevertere
865 432 895 488 in
909 435 1009 500 tar-A
1058 432 1179 506 loseph,
1199 439 1229 488 at
1253 434 1348 489 lactus
1363 440 1408 490 est
1423 434 1561 491 dominus
1578 439 1660 491 terre
1683 436 1852 508 AEgypti‚et

44 1896 49 1923 :
146 1854 242 1912 LXIV.
258 1858 296 1911 De
312 1854 496 1928 priucipibue
511 1858 598 1914 Usau.

19 2088 22 2093 ι
40 2100 47 2197 ’-
147 2120 241 2178 LXVI.
258 2121 298 2177 De
313 2120 421 2195 loseph
435 2128 463 2178 st
479 2124 604 2181 somniis
617 2126 692 2196 ejus.

179 532 243 573 ram
259 518 351 590 patris
365 518 421 584 tul,
437 523 466 573 et
479 523 656 576 subsecutus
671 526 798 578 osteum
816 521 925 591 baben,
940 526 970 578 et
1059 522 1119 578 neti
1136 527 1206 578 sunt
1220 521 1246 578 ei
1261 523 1320 578 duo
1335 521 1400 578 filii.

175 607 352 678 iuraverunt
366 605 502 662 invicem.
1024 609 1132 668 LXXII.
1148 610 1203 668 Ubi
1219 611 1299 667 misit
1312 611 1403 668 Jeoob
1420 611 1496 668 filios
1510 629 1580 668 suos
1596 612 1625 667 in
1642 613 1853 687 AEgpptum.ot

143 694 240 751 LVIII.
256 694 335 749 Vidit
348 694 438 751 Jacob
452 700 550 752 caetra
564 697 627 764 Dei,
643 707 669 754 et
694 700 775 755 misit
798 698 917 756 nuntios
933 699 969 755 ad
1060 699 1194 772 cognovit
1209 716 1259 756 eos
1285 700 1406 773 loseph,
1422 706 1451 757 et
1468 718 1559 757 unum
1576 717 1610 757 ex
1635 703 1707 774 Ipsis
1731 701 1853 760 rectoslt

180 785 299 839 tratrem
313 798 413 851 suum,
429 788 458 839 et
472 782 602 842 luctatus
616 792 662 843 est
677 804 744 845 cum
758 787 872 861 angelo.
1061 806 1153 859 usque
1169 790 1239 845 dum
1250 788 1363 845 venirat
1376 790 1440 860 ejus
1457 790 1545 847 trater
1559 790 1724 862 Denjamin.

142 870 210 928 LIX.
237 868 325 927 Venit
344 872 434 928 Jscob
458 872 488 928 ln
513 874 659 932 ciuitatem
685 877 895 949 sichimorum,
920 877 969 933 ubi
1024 878 1151 934 LXXIII.
1167 876 1292 935 lnvulnit
1307 878 1441 945 tames,et
1455 882 1598 934 venerunt
1613 879 1648 934 ad
1664 879 1772 952 Iosepb
1791 881 1853 936 Ira-

177 961 349 1018 oeciderunt
364 961 415 1017 tilii
430 964 495 1034 ejus
514 982 616 1023 omnes
633 967 835 1025 inhabitantes
850 971 971 1040 propter
1061 971 1121 1022 tros
1137 966 1183 1022 sui
1205 982 1271 1023 cunr
1296 965 1462 1037 benjamin,
1477 971 1507 1021 et
1530 968 1681 1023 mandavit
1704 969 1780 1040 patri
1797 986 1851 1025 suo

179 1051 285 1109 Dinsn.
1061 1055 1161 1112 venire
1176 1056 1211 1111 ed
1226 1071 1266 1111 se.

144 1141 204 1199 LX.
222 1142 299 1199 Dixit
312 1140 455 1200 Dominus
470 1146 504 1201 ad
529 1145 619 1201 Jacob
635 1163 642 1202 :
662 1147 793 1203 Ascende
818 1147 849 1203 in
874 1146 969 1203 locum
1026 1143 1143 1200 LXXIV.
1159 1143 1246 1200 VIsus
1262 1147 1306 1200 est
1320 1142 1461 1199 Dominus
1484 1143 1717 1214 Jacob,etdi1lt
1733 1145 1758 1201 ei
1774 1163 1781 1202 ε
1798 1144 1854 1201 De-

179 1231 289 1302 Betbel,
306 1236 335 1287 et
350 1232 458 1304 ubjecit
473 1233 572 1290 omniu
587 1233 675 1292 idola.
1064 1233 1171 1290 scande
1187 1233 1215 1288 in
1231 1233 1402 1306 AEgyptum.

145 1320 214 1377 LXI.
228 1320 316 1376 Visus
331 1328 376 1377 est
398 1321 543 1379 Dominus
568 1322 625 1395 ipsi
651 1324 753 1391 Jacob,
769 1330 798 1380 et
822 1324 972 1380 benedixit
1026 1322 1137 1380 LXXV.
1152 1321 1277 1378 Nomina
1292 1322 1418 1379 filiorum
1432 1322 1585 1395 Israel‚qui
1602 1323 1727 1396 ingrcssi
1743 1323 1854 1379 suntin

179 1424 256 1476 eum,
274 1414 304 1465 et
318 1411 538 1482 cognominavit
550 1427 617 1468 aum
634 1411 736 1469 Isrsel.
1063 1412 1229 1484 AEgypturn.

144 1498 228 1554 LXII.
244 1497 297 1554 Ubi
313 1501 427 1572 peperil
440 1500 548 1556 Rachel
563 1502 730 1573 Beniamin,
742 1507 772 1558 et
789 1506 971 1568 mortuaest,
1027 1499 1144 1556 LXXVI.
1163 1498 1218 1555 Ubi
1233 1500 1312 1555 venit
1324 1500 1432 1572 loseph
1444 1500 1559 1556 obviem
1580 1499 1680 1557 Israeli
1697 1500 1772 1574 putri
1787 1516 1853 1556 suo.

180 1592 209 1646 et
224 1589 260 1645 de
274 1588 511 1660 generationibus
525 1589 625 1657 Jacob,
640 1595 670 1645 et
683 1590 766 1647 obitu
783 1592 865 1648 Isaac
881 1591 973 1664 patrie
1028 1588 1168 1646 LXXVII.
1182 1588 1334 1645 Nuntiavit
1349 1589 1458 1661 loseph
1475 1588 1631 1657 Pharaoni,
1646 1589 1787 1662 quonlam
1802 1605 1856 1645 re-

31 1744 36 1751 ,
183 1676 259 1749 ejus.
1064 1677 1108 1734 nit
1125 1682 1207 1750 pater
1221 1677 1296 1749 ejus.

147 1766 250 1823 LXIII.
267 1765 307 1822 De
322 1769 562 1839 generationibus
576 1770 664 1826 Esau.
988 1804 1011 1868 B
1027 1766 1174 1824 LXXVIII.
1200 1766 1279 1823 Dixit
1296 1767 1406 1823 Pharao
1426 1768 1461 1822 ad
1477 1767 1596 1839 loseph,
1613 1771 1645 1822 ut
1661 1766 1781 1839 eligeret
1796 1770 1857 1823 ter·

744 1862 750 1871 '
1062 1872 1124 1912 raro
1140 1854 1170 1911 in
1186 1872 1245 1926 qua
1261 1856 1408 1912 habitaret
1421 1861 1502 1928 putor
1518 1856 1596 1927 ejus.

112 2002 114 2007 ,
147 1942 226 1999 LXV.
243 1943 297 2011 Qui
313 1950 509 2017 regna-rerunt
533 1947 562 2002 ln
578 1947 668 2002 Ildum
692 1947 867 2019 priusquam
891 1948 972 2002 esset
1027 1943 1150 2000 LXXIX.
1168 1943 1314 2000 llubitavit
1341 1944 1429 2000 lsrael
1453 1944 1484 2001 ln
1509 1945 1642 2018 AEgypto,
1661 1950 1690 2002 et
1705 1945 1782 2001 dlxii
1797 1943 1857 2001 filio

181 2047 231 2089 rex
247 2031 276 2088 in
294 2033 394 2092 Iaruel.
1063 2050 1117 2089 suo
1129 2033 1239 2105 loseph
1257 2049 1292 2088 ne
1307 2033 1445 2105 sepeliret
1460 2033 1621 2101 cumillis,
1637 2038 1666 2090 et
1680 2033 1752 2090 vixit
1765 2033 1857 2091 Jacob

1062 2122 1150 2179 annis
1165 2127 1283 2178 centnm
1298 2122 1493 2193 quadraginta
1508 2126 1631 2194 septem.

33 2248 39 2257 -
147 2208 254 2266 LXVII.
280 2208 334 2266 Ubl
359 2211 470 2270 missus
494 2217 539 2269 est
561 2213 592 2270 in
614 2217 793 2285 putaum‚et
813 2213 973 2269 distraetus
1028 2210 1133 2268 LXXX.
1160 2211 1330 2267 Infirmntus
1351 2211 1441 2267 Jacob
1464 2210 1615 2268 benedixit
1644 2210 1720 2267 lilios
1744 2213 1852 2284 toeepb

185 2299 355 2356 Ismaelitis.

147 2386 267 2445 LXVIII.
287 2391 324 2445 De
345 2390 422 2446 luda
445 2395 475 2448 et
498 2390 629 2448 'Ibamur
643 2407 734 2448 uxore
749 2391 800 2448 lilii
817 2392 893 2463 ejus,
909 2407 973 2465 ques

52 2482 55 2489 '
185 2482 248 2535 eret
261 2478 362 2536 vidua.

147 2566 236 2624 LXIX.
254 2566 295 2624 De
309 2567 418 2642 Joeepb
435 2573 464 2625 el
481 2586 571 2626 uxore
585 2570 753 2643 Putipbare.

148 2656 230 2713 LXX.
247 2657 288 2713 De
303 2656 348 2713 bis
362 2660 414 2730 qui
430 2658 458 2714 ln
476 2675 592 2715 earcere
607 2659 723 2715 somnia
737 2658 914 2727 uiderunt,et
929 2657 974 2713 in·

182 2746 352 2819 terpretevit
365 2764 400 2803 aa
408 2746 528 2822 Ioseph.

9 2804 49 2903 ;'-
149 2835 251 2891 LXXI.
277 2835 429 2893 Somnium
458 2837 631 2906 Pharaonis,
665 2837 742 2911 quod
772 2836 974 2910 interpretavit

1064 2300 1185 2357 alternis
1201 2300 1347 2356 menibus.

1027 2389 1150 2448 LXXXI.
1163 2387 1381 2446 Vocavitlacob
1396 2404 1500 2446 omnes
1515 2388 1591 2446 lilios
1608 2394 1721 2461 suos,at
1731 2389 1856 2447 dixiteis

1063 2495 1127 2552 que
1145 2484 1268 2537 ventura
1281 2483 1380 2535 essent
1391 2479 1421 2535 in
1439 2479 1608 2535 novlssIrnis
1625 2478 1740 2547 diebus,
1756 2484 1785 2536 et
1803 2479 1854 2534 de·

1061 2569 1190 2637 Innatus,
1207 2567 1342 2623 sublatus
1358 2572 1386 2623 et
1409 2567 1544 2639 sepultus
1566 2571 1611 2624 ast
1635 2567 1666 2623 ln
1691 2572 1855 2626 tarrasus.

1027 2656 1163 2714 LXXXII.
1175 2655 1255 2711 VixIt
1267 2655 1376 2729 Ioseph
1390 2656 1476 2712 annIs
1487 2660 1605 2712 centum
1620 2657 1764 2725 decem,et
1773 2657 1858 2729 odju-

1064 2745 1138 2802 rauit
1155 2747 1258 2801 tratres
1273 2761 1344 2801 suos
1355 2747 1468 2816 ubuum
1482 2744 1700 2802 visitarentura
1714 2744 1852 2815 Domino,

1063 2833 1201 2891 tollerent
1215 2851 1316 2891 seeum
1332 2851 1399 2891 osee
1414 2834 1481 2906 elus
1495 2835 1524 2890 in
1540 2840 1647 2891 terram
1664 2850 1760 2891 suam.

35 3844 38 3849 ,
148 3768 199 3825 Ill.
216 3766 269 3826 Ubi
283 3783 366 3840 aque
381 3771 491 3824 eterra
506 3767 636 3840 separari
649 3768 800 3840 jubentur.

33 4028 37 4035 '
147 4032 196 4091 VI.
214 4032 371 4090 Luminare
387 4033 507 4090 tectum.

24 4552 28 4557 ¹
57 4580 60 4585 ·
148 4567 180 4623 X.
197 4566 250 4624 Ubi
268 4571 343 4624 Deus
359 4566 507 4624 bominem
524 4567 587 4623 lieri
600 4566 697 4640 jubet.

75 4658 78 4663 '
149 4654 202 4713 XI.
216 4654 270 4712 Ubi
286 4656 378 4711 Adam
393 4657 489 4712 laetus
505 4655 697 4713 benedIcitur.

661 3140 858 3204 CAPITULA
879 3141 923 3202 IN
946 3140 1098 3202 LIRRUM
1120 3139 1342 3201 GENESEOS.

696 3304 736 3360 Dx
752 3302 891 3360 Vaticano
901 3300 1004 3358 Codice
1020 3316 1075 3358 ms.
1091 3300 1310 3373 antiquissimo.

989 3589 1011 3656 c
1027 3586 1091 3644 XV.
1108 3588 1200 3643 Adam
1216 3586 1336 3644 delimo
1352 3588 1457 3643 lectus.

1027 3676 1101 3733 XVI.
1117 3675 1276 3732 ParadIsus
1294 3675 1400 3732 suctus.

1030 3765 1119 3823 XVII.
1136 3770 1175 3821 De
1190 3762 1375 3821 fluminibus.

1029 3853 1128 3911 XVIII.
1145 3858 1322 3927 Preoaplum
1338 3854 1405 3910 lide
1421 3853 1451 3910 in
1466 3854 1615 3927 paradiso.

1030 3943 1098 4001 XIX.
1115 3943 1168 4000 Ubi
1185 3944 1278 3999 Adam
1295 3943 1415 4000 nomina
1431 3941 1586 4017 pecoribus
1601 3942 1738 4013 Impunit.

1029 4034 1096 4089 XX.
1110 4032 1150 4088 De
1165 4031 1288 4090 muliere
1303 4034 1388 4089 lecte.
1570 4026 1585 4047 ⁶

1029 4122 1103 4179 XXI.
1120 4121 1160 4179 De
1174 4125 1318 4194 serpente.

1029 4211 1115 4268 XXII.
1133 4209 1188 4266 Ubi
1203 4227 1235 4267 se
1250 4211 1345 4267 nudos
1358 4211 1496 4267 viderunt
1511 4211 1604 4266 Adoni
1620 4214 1649 4265 et
1664 4213 1730 4265 Eva.

1029 4300 1128 4357 XXIII.
1146 4300 1196 4358 Ubi
1221 4299 1365 4357 Dominus
1386 4300 1423 4357 ad
1440 4300 1533 4356 Adam
1555 4299 1584 4355 ln
1601 4298 1739 4372 paradiso
1757 4297 1861 4371 quui-

1065 4394 1124 4445 tur.

1029 4478 1129 4536 XXIV.
1145 4477 1294 4535 Sententia
1309 4478 1339 4534 in
1355 4481 1534 4550 serpentem.

1029 4568 1116 4626 XXV.
1132 4567 1186 4624 Ubi
1201 4566 1294 4624 Adam
1309 4584 1343 4623 ex
1360 4567 1496 4640 peradIso
1511 4565 1681 4640 expellitur.

1029 4655 1122 4713 XXVI.
1136 4655 1353 4729 primogenitas
1366 4654 1434 4712 Ade
1449 4654 1534 4711 Kaio.

1029 4745 1143 4801 XXVII.
1159 4744 1249 4801 Habet
1265 4747 1363 4800 natus.

1029 4832 1156 4891 XXVIII.
1172 4832 1355 4890 Sacrificium
1370 4833 1441 4890 Kain
1456 4837 1485 4889 et
1499 4831 1597 4889 lIabsl.

1028 4923 1125 4980 XXIX.
1142 4921 1196 4980 Ubi
1211 4923 1285 4980 Xaln
1300 4924 1419 4979 tratrem
1434 4921 1552 4980 occidit.

149 3593 172 3648 1.
189 3588 243 3646 Ubi
260 3588 310 3645 lux
325 3589 419 3662 prImo
434 3589 497 3645 fieri
512 3590 642 3660 iubetur.

149 3679 187 3736 II.
203 3679 434 3735 Firmamentum
450 3679 497 3735 dle
512 3679 641 3735 secundo
658 3678 736 3735 iacit.

148 3857 199 3914 IV.
220 3854 272 3912 Ubi
288 3858 366 3913 terra
381 3855 680 3928 garmInareJubelur
694 3855 853 3912 distortio.

146 3943 182 4001 V.
195 3944 249 4001 Ubi
265 3944 424 4001 lumInnria
438 3944 500 4001 llari
513 3945 657 4016 jubentur
671 3945 719 4002 die
731 3948 848 4017 quarto.

148 4122 211 4180 VII.
227 4121 282 4180 Ubi
297 4140 331 4180 ex
346 4122 432 4195 equis
447 4122 588 4180 animalia
599 4123 744 4195 jubentur
758 4122 805 4178 die
824 4121 936 4194 quinta.

150 4210 223 4268 VIII.
245 4210 299 4268 Ubi
324 4210 465 4267 animalis
488 4211 672 4268 benedicitur
699 4210 770 4285 [Iope
795 4211 972 4268 benedicun-

151 4300 257 4445 minzio·
279 4394 358 4445 terra
382 4389 520 4446 animabo
543 4389 665 4462 produci
687 4390 810 4465 jubetur
832 4389 903 4464 [Iepe
924 4390 973 4462 ju·

185 4478 304 4551 beatur]
320 4477 368 4534 die
382 4482 473 4535 sexto.

149 4742 211 4801 XII.
227 4742 282 4800 Ubi
298 4743 391 4800 Adam
407 4760 542 4801 escarum
558 4745 667 4818 schpit
681 4748 866 4817 potestatem.

148 4833 226 4890 XIII.
240 4831 328 4890 Urbls
342 4833 423 4906 [Lepe
437 4833 533 4902 Orbis]
549 4834 778 4891 consummatio.

149 4920 223 4979 XIV.
241 4921 453 4995 Recepituletio
468 4923 636 4979 creationis.

184 5063 409 5122 ¹Seriemiatem
421 5062 617 5137 capitulorum
634 5063 975 5136 retiaetnntiquissimus
1030 5080 1095 5123 esse
1110 5065 1147 5121 ab
1172 5066 1316 5137 scriptore
1335 5079 1390 5121 ms.
1407 5062 1516 5120 codicis
1539 5060 1674 5119 Vaticani
1694 5059 1860 5135 capItulnnr

147 5136 238 5193 codex
253 5136 475 5209 manusculptus
489 5135 637 5191 Vaticanae
653 5134 902 5209 bibliothece,qui
918 5137 974 5192 tuit
1028 5137 1180 5205 ultimum,
1190 5136 1218 5190 in
1236 5152 1294 5208 quo
1309 5152 1377 5208 pars
1392 5135 1498 5190 ultlma
1512 5133 1580 5190 Itbrl
1594 5137 1741 5190 Geneseos
1752 5147 1861 5204 ropran-

147 5208 218 5263 olim
239 5208 421 5265 celeberrimi
448 5206 618 5263 monasterii
641 5208 795 5263 Foriensis.
811 5207 974 5265 Nonnullos
1029 5209 1138 5265 serutari
1153 5207 1239 5263 debet
1254 5211 1282 5263 in
1299 5206 1377 5263 bunc
1399 5212 1451 5263 aul
1465 5205 1593 5262 similem
1609 5206 1730 5261 modum
1746 5219 1754 5258 ι
1772 5224 1787 5253 ιι
1803 5202 1860 5260 Ubi

147 5277 325 5336 sustuIImus
338 5278 519 5335 soloecismos
529 5284 558 5334 et
569 5277 766 5334 barbarismos
776 5280 974 5352 exscriptoris,
1027 5279 1136 5348 Ioseph
1152 5279 1224 5334 sinit
1247 5294 1340 5335 annos
1357 5285 1474 5334 centurn
1494 5283 1524 5334 et
1539 5278 1651 5345 dacem,
1668 5282 1698 5333 st
1711 5275 1862 5346 adjuraret

147 5350 218 5420 quia
232 5349 349 5406 tolerari
367 5366 423 5406 non
440 5354 609 5422 potuerunt.
619 5352 728 5405 Cretera
744 5356 776 5405 ut
790 5349 930 5423 leguntur
944 5352 972 5406 in
1030 5353 1133 5407 tratres
1147 5366 1228 5416 suos,
1245 5357 1278 5406 nt
1290 5367 1357 5405 curn
1382 5350 1584 5417 imitarentur,
1598 5347 1735 5404 tollerent
1755 5361 1860 5402 secum

148 5424 348 5494 manuscripto
363 5438 430 5478 cum
448 5421 574 5546 propnib
596 5419 674 5474 vitiis
689 5421 872 5487 exhibemus,
888 5421 975 5478 lecto·
1029 5439 1097 5479 ossa
1112 5418 1176 5492 ejus
1192 5423 1220 5476 in
1247 5428 1354 5477 terram
1384 5438 1479 5477 auam.
1497 5442 1512 5471 »
1527 5420 1600 5475 Nam
1621 5419 1696 5476 liber
1709 5416 1862 5500 Ueneseos

149 5507 209 5547 rem
228 5502 422 5566 rogentea‚na
438 5510 491 5549 con
506 5508 572 5548 essa
587 5492 882 5550 erretalibruriorum
898 5500 974 5550 vete·
1029 5510 1087 5550 non
1103 5492 1222 5575 explicIt
1237 5491 1266 5548 in
1283 5493 1410 5565 capitulo
1430 5508 1501 5561 curu,
1518 5491 1567 5547 ubi
1583 5491 1674 5547 Iacob
1689 5488 1767 5544 lilios
1787 5503 1862 5546 snos

148 5579 216 5618 rum
231 5566 423 5649 typographis
444 5563 554 5620 nostris
570 5563 707 5634 imputet,
723 5564 767 5620 vel
784 5566 869 5621 nobis
884 5566 975 5635 bujus
1029 5565 1183 5620 duodecim
1211 5565 1367 5633 benedicit,
1393 5566 1443 5620 sel
1469 5564 1511 5629 In,
1536 5568 1628 5619 morte
1648 5566 1679 5618 et
1703 5558 1862 5634 sepultura

147 5632 819 5694 voluminIsedrtoribns.Notandumestautom
829 5637 974 5696 omissum
1029 5634 1150 5709 Ioseph,
1166 5635 1219 5692 filii
1232 5637 1335 5693 Jacob.
1350 5640 1440 5692 Mtnr.
