3870 6120
51 308 63 329 .,
142 268 181 329 ss
723 257 887 323 rsrnuu
908 210 1260 321 nnunnrorinoenu
1356 222 1359 228 ’
1809 254 1850 318 sa

144 400 217 462 dam
233 416 375 461 manum.
405 396 494 470 Quod
522 395 646 457 duobus
675 395 725 457 rel
747 390 1173 459 tribusmodisltlsabcatur
1201 392 1237 453 in
1269 389 1409 466 Conone,
1445 396 1546 451 tamen
1574 390 1651 470 quia
1675 394 1850 472 ussurpotur

143 497 279 576 intelligi
308 502 423 576 potest.
452 494 595 557 Primum
622 493 739 554 librum
769 491 915 553 iudicum
939 490 972 550 el
1025 489 1064 551 ab
1090 490 1313 552 ecclesiasticis
1350 489 1441 560 viris,
1472 489 1536 548 tale
1573 487 1653 569 quid
1691 493 1852 568 nrernorat,

82 664 87 673 ,
144 594 230 657 Hutb
245 594 277 655 in
292 594 438 656 eumdem
466 591 711 670 compingenda,
740 589 969 651 Octateucbum
1025 593 1201 656 ethuem
1231 589 1325 650 etiam
1355 589 1450 648 tacito
1479 587 1608 647 nornine
1640 583 1798 658 Cononis,
1820 586 1853 645 in

116 684 119 689 ’
144 693 297 755 iaciemus
324 709 361 752 ex
391 689 532 768 quinque
561 687 636 750 llosi
664 685 890 757 voluminibus,
907 702 970 745 uno
1025 693 1131 764 partes
1147 704 1220 745 suas
1247 684 1407 746 distribuit
1429 684 1618 745 Praelatione
1640 683 1672 743 in
1687 682 1852 745 Danielem

144 791 251 864 losue,
282 788 381 850 altero
417 788 577 862 iudicum,
620 793 652 847 et
680 785 792 847 ultimo
820 783 969 844 Estbesis.
1024 803 1063 845 ex
1083 785 1216 845 Hebraeo
1247 784 1446 846 translatum.
1477 782 1570 844 Illud
1598 783 1760 861 admoneo,
1790 802 1853 843 non

145 887 204 949 Hie
216 884 275 947 erit
303 883 527 956 Octateuohus,
556 901 649 963 quem
679 883 889 961 Hieronymus
916 879 971 941 ab·
1025 881 1135 942 baberi
1148 882 1314 944 Danielem
1338 882 1421 964 apud
1449 881 1602 943 Hebraeos
1622 880 1854 963 interproplrc-

145 983 288 1045 solvebat
316 988 388 1063 post
415 1000 534 1044 annum
563 980 679 1042 Christi
706 981 777 1052 toi,
809 985 842 1040 ut
866 977 972 1038 videre
1026 986 1086 1053 tos,
1098 981 1154 1041 sed
1169 981 1251 1040 inter
1264 1000 1316 1041 eos
1329 980 1385 1061 qui
1395 978 1635 1061 Hagiograplra
1646 979 1853 1060 scripserant.

144 1080 240 1142 estin
254 1080 482 1161 prolegomeno
510 1084 618 1141 nostro
648 1078 813 1158 superiori,
844 1076 898 1138 ubi
912 1076 972 1136 dis·
1025 1077 1065 1138 In
1079 1084 1142 1137 tres
1156 1078 1311 1158 siquidem
1320 1084 1432 1159 partes
1455 1077 1557 1139 omnis
1572 1076 1610 1138 ab
1625 1078 1670 1137 cis
1684 1076 1854 1159 Scriptura

145 1183 356 1258 putatumest
379 1176 418 1238 de
443 1183 584 1258 tempore
609 1175 850 1237 translationum
866 1174 973 1236 Hiero·
1025 1175 1195 1254 diuiditur,
1212 1177 1245 1236 in
1260 1179 1386 1257 Mgem,
1417 1176 1451 1236 in
1479 1173 1665 1257 Prophetas,
1685 1180 1716 1234 et
1731 1174 1764 1234 in
1779 1172 1854 1234 Ha-

145 1276 380 1357 nymianarum.
422 1275 568 1337 Secundo
605 1273 834 1336 octateuchum
876 1271 970 1332 istum
1025 1273 1219 1356 gingraplta,
1251 1274 1286 1335 id
1308 1281 1354 1336 cst
1382 1275 1416 1335 in
1444 1275 1591 1355 quinque,
1621 1279 1651 1333 et
1679 1278 1757 1349 octo,
1773 1273 1852 1332 etin

147 1374 191 1436 ita
207 1374 375 1455 supputari
402 1374 481 1434 nihil
514 1379 609 1444 vetat,
639 1371 782 1451 Euodus,
803 1369 971 1441 LeviticuS,
1027 1372 1169 1432 undecim
1185 1370 1307 1448 libros;
1325 1373 1364 1433 de
1393 1393 1453 1453 qno
1481 1377 1605 1432 nonest
1627 1369 1725 1445 liujus
1741 1375 1856 1451 tempo·

148 1472 293 1546 Numeri,
345 1471 636 1547 Deuteronontium,
676 1469 784 1549 Josue,
828 1466 971 1546 ludices,
1027 1468 1074 1529 ris
1088 1468 1253 1531 disserere.
1278 1473 1320 1532 Ut
1348 1477 1453 1532 autem
1487 1468 1630 1530 Cononis
1661 1469 1853 1529 mentionem

15 1540 19 1553 .
51 1584 56 1591 '
147 1569 234 1633 Ruth
248 1576 279 1632 et
292 1569 421 1632 Esther.
451 1573 531 1631 Nam
560 1588 623 1648 quo
653 1574 795 1647 tempore
818 1565 975 1627 scribebat
1026 1566 1142 1645 ingerit
1166 1585 1228 1628 non
1258 1567 1404 1629 addendo
1421 1585 1536 1629 nomen
1563 1564 1730 1626 Hebraico
1743 1564 1856 1624 verita-

19 1692 24 1707 ·
146 1669 359 1749 Hieronymus
386 1668 428 1729 ad
465 1667 638 1739 Lacinium,
683 1672 757 1727 tunc
785 1663 911 1726 Genesis
939 1662 976 1722 li·
1027 1664 1151 1726 tissita
1176 1665 1331 1726 sexcentis
1356 1665 1433 1726 locis
1457 1665 1534 1726 citat
1556 1662 1748 1724 Hebraicarn
1773 1661 1855 1722 veri·

40 1810 44 1819 .
144 1765 239 1827 brum
253 1764 286 1827 in
300 1764 447 1826 Latinum
462 1782 639 1826 sermonem
656 1762 696 1824 ab
712 1781 749 1824 eo
763 1762 858 1823 luisse
875 1763 1011 1829 trans-B
1028 1766 1131 1838 tatem,
1164 1763 1375 1841 praetermissa
1402 1763 1490 1824 omni
1530 1759 1672 1821 Cononis
1712 1758 1855 1839 appella·

145 1859 259 1936 latum,
287 1861 337 1922 vix
365 1860 506 1923 dubitari
533 1866 662 1940 potest:
691 1877 794 1939 nequa
821 1873 973 1919 rerouno
1028 1858 1123 1920 tione
1152 1857 1238 1920 idem
1269 1860 1364 1921 talem
1399 1857 1548 1936 intelligit
1574 1858 1607 1919 in
1639 1855 1850 1917 Hebroeornm

143 1963 287 2039 tempore
327 1958 435 2020 omnin
465 1958 559 2022 iliosis
600 1956 763 2018 volumina
803 1953 973 2017 Latinitate
1030 1954 1169 2031 Conone,
1201 1957 1285 2035 quod
1316 1957 1348 2017 in
1387 1955 1547 2017 Hebraico
1584 1955 1742 2029 ueritate‚·
1772 1951 1849 2032 quis

144 2056 287 2130 donavit,
317 2055 363 2118 uti
394 2075 452 2118 suo
490 2055 561 2116 loco
598 2054 747 2133 diximus,
777 2053 832 2114 sed
866 2051 970 2112 stetim
1026 2054 1179 2115 Hebraico
1208 2054 1323 2115 veritas
1350 2055 1435 2134 apud
1468 2054 1693 2132 Hieronymum
1722 2067 1850 2130 semper

36 2138 39 2147 ¹
142 2157 302 2216 Geneseos
344 2151 460 2213 librum
505 2151 709 2230 interpretari
751 2149 847 2229 coepit
886 2165 971 2208 anno
1025 2152 1179 2232 accipitur
1207 2170 1264 2232 pro
1294 2151 1452 2214 canonicis
1478 2152 1682 2214 Hebraeorum
1710 2147 1852 2228 Scriptu-

144 2248 268 2312 circiter
283 2252 355 2324 394,
370 2268 466 2330 quem
493 2245 968 2326 Desideriosuonuncnpavit:
1025 2250 1078 2324 ris,
1096 2250 1201 2323 idest,
1231 2250 1342 2329 prolis
1369 2249 1445 2312 solis
1459 2268 1529 2330 quae
1553 2250 1702 2329 leguntur
1715 2247 1748 2309 in
1763 2247 1852 2308 fonte

142 2344 489 2426 reliqusPentateuchi
518 2344 647 2408 Moesici
680 2343 844 2406 volumina
873 2341 971 2420 majo·
1025 2349 1190 2410 Hebraico.
1217 2348 1289 2409 lam
1316 2367 1390 2410 vero
1417 2348 1533 2410 stultus
1560 2349 1613 2426 sit,
1643 2346 1699 2426 qui
1725 2345 1852 2425 singula

54 2446 57 2451 '
142 2438 232 2504 ribus
260 2460 423 2504 reservans
464 2443 537 2505 otiis
564 2441 732 2503 scribendi.
763 2439 905 2519 Denique
932 2440 971 2500 de
1023 2447 1422 2522 loeeenumerarsvelit,
1452 2445 1628 2526 inquibus
1658 2444 1851 2507 Hebraieem

57 2588 59 2593 .
93 2546 98 2555 ’
143 2541 381 2622 supputatione,
411 2541 536 2604 sublato
572 2540 699 2604 Genesis
740 2539 910 2613 volumine,
939 2543 971 2599 et
1024 2545 1189 2605 veritatem
1228 2543 1361 2623 replicat
1399 2543 1638 2623 Hieronymus:
1679 2541 1730 2602 rix
1767 2539 1852 2601 enim

144 2641 318 2704 Hntbcum
346 2641 513 2704 iudicibus
541 2640 701 2721 copulato,
732 2638 791 2700 erit
814 2636 971 2699 nibilomi·
1024 2639 1164 2719 aliquam
1189 2640 1375 2720 Epistulam,
1404 2647 1460 2702 aut
1487 2639 1662 2720 quemlibet
1688 2642 1852 2699 ‹tommen-

30 2745 49 2827 4'
141 2757 203 2800 nus
232 2739 356 2820 integer
382 2739 487 2801 adhue
523 2737 735 2800 octateuchus
764 2737 795 2798 in
826 2735 971 2796 manibus
1024 2739 1140 2799 tarium
1170 2738 1351 2811 revolveris,
1382 2737 1435 2799 ubi
1463 2738 1568 2798 statim
1599 2755 1662 2798 non
1683 2739 1854 2797 occurrant

29 2864 35 2875 ·
142 2836 328 2918 Hieronymi
342 2857 399 2900 suo
425 2843 568 2918 temporo
597 2832 971 2898 convertendusinLati-
1024 2835 1142 2897 similos
1172 2836 1376 2898 locutiones:
1410 2833 1511 2904 Juxta
1539 2832 1730 2895 Hebraicam
1770 2832 1853 2892 oeri-

25 2952 29 2957 ·
142 2935 420 3016 numeloquium:
447 2954 560 3015 nempe
574 2953 603 2998 rr
627 2934 722 2997 llosis
738 2932 968 3006 libri,1Josue‚
1024 2939 1127 2995 tatem.
1156 2932 1266 2995 Aliter
1301 2932 1462 2994 Hebraica
1500 2932 1616 2993 veritas
1645 2930 1746 2992 habet.
1777 2928 1853 2989 Hoc

142 3033 319 3094 iludieum
335 3038 366 3094 et
392 3033 516 3107 Rutb,1
543 3030 695 3105 listhene,
725 3037 756 3092 et
782 3028 969 3108 rl‘aralipo-
1024 3052 1043 3091 a
1071 3031 1199 3092 veritate
1239 3029 1400 3093 Hebraico
1440 3030 1617 3093 discordat.
1661 3032 1701 3091 Et
1736 3029 1782 3090 ita
1812 3028 1852 3089 de

58 3208 63 3217 ¹
142 3146 270 3191 mem·
299 3130 379 3222 Οῠίξῑ
404 3137 525 3192 cellum
555 3133 657 3190 efflat
685 3127 782 3188 libl0⁸
811 3126 968 3205 Paralum·
985 3131 1006 3200 G
1026 3131 1158 3202 coeteris,
1175 3130 1310 3210 quaerel
1339 3129 1547 3201 comminisci,
1577 3129 1669 3191 otiosi
1684 3133 1766 3190 esset
1777 3125 1853 3188 seri·

141 3227 463 3293 menonexHebraeo
492 3246 556 3289 non
586 3226 681 3288 luisse
710 3225 878 3286 translatos
898 3229 971 3286 ante
1025 3229 1135 3310 pteris.

20 3304 58 3319 '¹
142 3327 347 3399 annum396,
365 3326 493 3406 quando
518 3325 583 3386 vita
601 3323 669 3403 jaus
693 3328 868 3386 excesserat
882 3321 971 3383 Luci·
1066 3327 1119 3387 lll.
1161 3325 1363 3389 liultilariam
1406 3326 1610 3388 llebraeorum
1651 3321 1852 3386 voluminum

37 3478 45 3493 ,
144 3423 228 3485 ulus·
257 3422 336 3485 Hinc
373 3423 531 3503 intelligat
558 3424 657 3484 lector
692 3440 754 3483 non
784 3439 846 3483 uno
877 3420 970 3481 modo
1025 3424 1246 3487 auctoritatem
1285 3443 1441 3504 agnovere
1468 3423 1571 3486 (ir-neci
1602 3422 1767 3502 Latinique
1795 3421 1852 3482 Pa·

142 3537 264 3582 errasse
280 3521 458 3582 llsrianum
486 3520 519 3580 in
535 3518 618 3581 notis
645 3518 685 3580 ad
702 3517 867 3597 epistolam
883 3519 922 3579 28
936 3520 967 3577 S.
1024 3527 1108 3595 tres;
1125 3527 1289 3601 alquanto
1318 3522 1406 3583 fuere
1428 3521 1549 3583 caeteris
1577 3520 1744 3592 doctiores,
1761 3524 1852 3580 tanto

144 3618 352 3700 Hieronymi:
385 3638 458 3680 nam
488 3637 577 3680 orror
604 3618 636 3678 in
665 3636 702 3679 eo
730 3622 786 3690 est,
813 3616 897 3696 quod
913 3635 969 3695 pro
1025 3620 1097 3700 plns
1120 3637 1174 3680 eos
1202 3619 1373 3698 perspicias
1401 3619 1561 3681 Hebraicis
1590 3618 1745 3680 studuisse
1773 3615 1850 3678 reri-

146 3713 342 3777 Octatenclso
358 3717 469 3795 legerit
483 3713 745 3796 Heptateuchum,
763 3715 969 3774 etErasmum
1026 3717 1094 3779 tati.
1120 3718 1200 3778 Dum
1231 3723 1364 3778 testatur
1390 3717 1611 3796 Hieronymus,
1640 3715 1721 3776 libro
1745 3714 1850 3795 primo

73 3842 77 3847 ·
144 3832 233 3895 purae
263 3813 392 3876 lectioni
419 3813 634 3876 sdhaerenum
663 3811 785 3892 putarit
804 3811 971 3891 reprehen·
1024 3814 1355 3894 Apologiaeadrersus
1382 3815 1542 3890 Rufinum,
1572 3814 1738 3893 origenem
1761 3812 1852 3874 sele-

144 3911 233 3974 sione
266 3912 409 3992 dignum.
454 3914 614 3973 llonemus
656 3910 752 3989 igitur
794 3908 969 3970 studiosum
1025 3912 1365 3992 gisseobernditionis
1394 3912 1552 3986 meritum,
1583 3931 1646 3973 non
1674 3911 1852 3972 adsectan-

142 4009 294 4073 lectorem
312 4011 458 4073 meliores
473 4029 510 4072 ac
536 4008 694 4071 doctiores
709 4026 776 4069 esse
792 4013 882 4068 notas
898 4008 971 4068 Grn-
1026 4010 1098 4072 darn
1128 4009 1198 4089 ejus
1224 4010 1332 4088 fidem,
1362 4010 1548 4091 praeclarum
1576 4009 1661 4071 istud
1689 4007 1853 4070 contexuit

142 4107 197 4181 vii,
228 4107 343 4187 quibus
386 4107 555 4168 illustravit
597 4105 747 4184 epistolas
774 4103 967 4183 Hieronymi,
1024 4107 1252 4181 testimonium,
1270 4126 1332 4186 quo
1360 4109 1539 4170 Graecorum
1568 4107 1673 4169 studia
1702 4107 1853 4185 argelle·

31 4208 37 4215 “
144 4223 240 4284 quarn
256 4206 319 4267 sint
332 4206 396 4267 illae
424 4223 504 4286 quas
521 4203 680 4265 Marianus
704 4202 860 4264 Victorius
874 4201 971 4263 edidit
1025 4205 1164 4267 brainam
1193 4207 1388 4284 Scripturam
1427 4205 1592 4267 manifesta
1620 4204 1851 4284 explorataque

145 4320 217 4363 cum
232 4302 382 4382 operibus
397 4302 536 4382 ejusdem
553 4301 653 4364 sancti
669 4301 822 4362 [lectoris.
1025 4303 1116 4365 nobis
1130 4303 1222 4365 lecit:
1240 4302 1311 4386 Ipse
1329 4303 1500 4385 Origenes,
1516 4304 1630 4384 inquit,
1646 4308 1676 4363 et
1689 4299 1849 4377 Clemens,

46 4482 50 4491 Ι
185 4403 230 4462 lle
258 4419 378 4462 canone
406 4400 550 4463 meminit
577 4401 689 4462 iterum
721 4400 790 4462 aliis
812 4399 972 4460 locisllie·
1025 4406 1055 4461 et
1068 4399 1236 4480 Eusebius,
1263 4406 1355 4482 atqua
1369 4401 1431 4462 alii
1457 4402 1642 4485 complures,
1672 4400 1798 4481 qnando
1811 4399 1851 4460 de

145 4516 317 4580 ronymus:
335 4517 408 4560 narn
439 4498 630 4560 prestatione
660 4497 692 4558 in
721 4497 818 4559 libros
838 4500 970 4577 llegum,
987 4498 1203 4580 DScripturis
1218 4498 1326 4580 aliqua
1355 4500 1531 4583 disputant,
1560 4504 1590 4561 et
1612 4497 1721 4560 nolunt
1735 4504 1851 4579 oppro-

146 4602 314 4676 postquam
331 4595 421 4657 illum
436 4614 493 4676 per
506 4600 611 4676 parles
625 4593 765 4673 singulas
776 4593 968 4674 explanavit,
1024 4596 1097 4658 bore
1111 4596 1196 4678 quod
1223 4595 1344 4676 dicunt,
1374 4598 1422 4657 sic
1449 4597 1551 4658 solent
1578 4595 1713 4657 scribere
1729 4615 1737 4656 :
1754 4594 1851 4664 Refe-

145 4692 269 4757 baeeab
293 4711 330 4755 eo
354 4693 472 4774 scripte
498 4693 669 4773 leguntur:
700 4691 811 4772 Igitur
837 4692 970 4773 Sapien-
1023 4692 1399 4771 rebarrnitittebrous;
1429 4694 1612 4773 el,Audivi
1639 4692 1677 4754 ab
1691 4691 1850 4768 Hebraso;

144 4792 202 4871 tia,
218 4811 286 4873 qun
302 4791 398 4872 sculpo
424 4790 603 4852 Salomonis
633 4788 831 4868 inscribitur,
853 4795 883 4850 et
897 4789 968 4856 lesu
1023 4798 1066 4872 el,
1082 4789 1288 4853 Hebrteorutn
1313 4793 1374 4853 ista
1390 4794 1542 4854 sententia
1566 4778 1623 4854 cst.
1643 4790 1740 4853 Certo
1754 4791 1850 4851 etiam

133 4890 215 4971 filii
226 4889 340 4953 Siraclr
356 4889 448 4970 liber,
464 4894 494 4950 et
519 4887 645 4968 luditis,
661 4893 690 4949 et
724 4887 847 4968 Tobios,
864 4893 894 4948 et
906 4888 970 4949 Pa·
1027 4888 1188 4970 Origenes
1209 4891 1416 4972 patriarchen
1444 4890 1609 4966 Huillum,
1627 4891 1683 4973 qui
1705 4889 1852 4973 tempori·

142 4995 222 5070 sior,
239 5011 301 5052 non
316 4996 390 5050 sunt
405 4990 438 5051 in
458 4988 598 5050 Canouc.
617 4988 710 5049 Libro
725 5007 851 5069 quoque
866 4989 969 5068 primo
1024 4986 1243 5068 buscjussuit,
1261 4989 1412 5069 namnet,
1428 4995 1458 5050 et
1468 4990 1660 5051 tricesimum
1672 4989 1706 5050 in
1717 4988 1850 5066 Isaiam,

142 5088 294 5151 adversus
322 5088 525 5149 turinianum
556 5087 594 5147 de
622 5089 779 5168 Περιόδοις,
810 5085 967 5148 volumine
1023 5088 1057 5149 in
1071 5087 1163 5167 cujus
1170 5089 1244 5167 fisse
1258 5089 1425 5150 edisserit:
1451 5087 1500 5150 Vae
1526 5088 1596 5164 tibi,
1613 5086 1851 5167 civitasAricl,

43 5272 46 5279 Ι
141 5205 271 5268 prorsus
286 5186 483 5266 apocrypho,
511 5184 647 5256 locutus,
680 5183 759 5244 redit
787 5183 826 5244 ad
843 5183 968 5246 canoni·
1022 5188 1321 5269 quonsexpngnavit
1348 5187 1453 5247 Dauid
1479 5187 1559 5267 (Iso.
1591 5204 1677 5259 xxix,
1697 5184 1851 5267 l),illius

142 5283 403 5363 conscriptores,
421 5283 540 5357 dicens,
563 5280 881 5342 Scdnnncnobisds
900 5281 968 5343 Ca·
1021 5282 1212 5365 expositione
1240 5281 1424 5344 concludit:
1465 5289 1500 5345 nt
1527 5305 1596 5345 cum
1632 5283 1727 5345 aliter
1755 5283 1852 5365 prius

26 5426 29 5431 ,
142 5401 222 5444 none
235 5401 324 5444 omne
348 5386 502 5441 certamen
527 5385 583 5440 est.
609 5378 758 5458 Ejusdem
785 5380 969 5442 recordatur
1021 5380 1157 5442 seresissc
1171 5401 1204 5441 sc
1218 5381 1315 5461 dicat,
1332 5381 1442 5443 doctus
1456 5381 1495 5443 ab
1511 5381 1581 5455 illo,
1599 5382 1635 5442 id
1649 5381 1734 5463 quod
1744 5380 1852 5442 verius

143 5481 299 5561 prooemio
323 5477 630 5544 Commentariorum
654 5476 815 5539 inlonam
830 5477 968 5558 prophe·
1020 5483 1078 5558 cst,
1104 5479 1285 5554 confitetur.
1320 5478 1557 5561 Octogcsimum
1586 5500 1706 5562 quoque
1733 5499 1852 5540 nonum

114 5576 117 5581 ’
144 5581 232 5641 tum:
250 5576 340 5639 Liber
367 5596 489 5661 quoque
520 5573 549 5636 T
545 5573 634 5656 obis,
663 5573 778 5656 inquil,
804 5574 878 5637 lieet
905 5596 966 5639 esan
1012 5576 1188 5659 psalnsum,
1205 5577 1262 5659 qui
1277 5577 1467 5641 inscribitur
1483 5577 1599 5641 Oratio
1615 5577 1734 5657 Moysi,
1751 5576 1853 5640 honri·
