3870 6120
160 268 198 330 {ll
740 265 904 327 Paruum
925 262 1277 330 Buduulc'rlttottutl
1353 274 1355 278 ”
1824 265 1865 326 99

73 428 77 435 ’
161 401 301 464 homiliis
328 401 426 482 igitur
453 401 528 472 suis,
558 419 637 481 quas
664 399 706 461 ad
732 399 864 478 uulgum
880 395 983 475 loqui·
999 397 1025 463 Α
1040 395 1204 460 Hebraeum
1229 400 1390 462 observare
1418 400 1588 479 veritatem,
1627 398 1789 458 sciendum
1818 403 1866 458 est

164 508 227 573 tur,
251 517 450 561 communem
478 498 647 559 editionem
675 515 712 558 ac
740 497 889 558 lectiones
920 493 983 554 usi·
1034 496 1190 578 principii
1217 518 1326 559 reornen
1354 498 1546 579 significare
1574 502 1677 579 caput.
1694 496 1807 576 ltaque
1820 495 1865 555 Ii·
1919 572 1924 581 1

162 596 681 676 tutassequitur:intumisverm
711 594 745 655 id
774 600 830 666 est,
861 593 893 652 in
923 591 984 652 dis·
1038 592 1118 653 cebit
1145 594 1228 656 branc
1256 597 1425 677 assignare
1451 615 1593 656 sensum:
1625 594 1735 656 Moses
1756 593 1865 654 caelum

162 696 326 775 putatione
342 694 465 770 majori,
496 693 651 756 liebraica
679 693 810 753 veritate
838 691 983 769 stipatus,
1039 697 1068 751 et
1083 697 1211 774 terram,
1236 715 1303 776 qux
1327 695 1433 777 prima
1462 700 1536 755 sunt
1563 694 1680 754 entium
1710 688 1865 766 visibilia,

164 798 337 853 clauorum
372 791 586 853 circumdatus
605 790 795 870 agminibus,
827 788 985 848 interdum
1039 796 1132 872 capnt
1159 799 1256 868 vocat,
1287 800 1368 866 etc.;
1400 793 1513 854 deinde
1541 792 1667 871 singula
1696 791 1867 852 discutiens

46 940 51 951 .
164 889 281 967 lingum
311 889 482 967 peregrinae
510 889 624 967 quaerit
652 887 782 948 auxilia·
825 886 914 957 Quod
941 883 986 944 ita
1040 887 1079 949 de
1107 890 1205 952 serbo
1232 891 1359 964 creavit,
1390 892 1422 951 in
1451 892 1552 972 primo
1580 895 1737 951 Genesecs
1761 908 1866 962 versu,

164 992 313 1048 testatum
342 986 497 1047 babemus
524 986 565 1047 ab
580 987 771 1065 Hieronymo
802 982 986 1064 praelatione
1040 985 1109 1047 haec
1123 989 1277 1068 inprimis
1293 995 1403 1051 notare
1417 988 1560 1050 studuit:
1600 986 1712 1048 Verum
1741 987 1773 1046 si
1798 990 1865 1046 He·

164 1085 379 1159 Quaestionum
393 1084 619 1146 Hebraicarum
643 1085 675 1145 in
704 1083 860 1145 Genesim.
877 1081 986 1141 Scieu-
1042 1082 1179 1145 braicam
1203 1086 1371 1147 dictionem
1398 1085 1592 1166 diligentius
1612 1091 1756 1146 excutere
1783 1083 1864 1145 veli-

163 1183 239 1244 dum
255 1188 360 1243 tamen
388 1183 421 1242 in
449 1182 592 1244 Homiliis
616 1182 710 1244 etiam
738 1180 880 1259 Origenis
907 1178 987 1239 bene
1042 1202 1121 1258 mas,
1152 1184 1340 1265 reperiemus
1367 1205 1433 1245 eam
1462 1204 1561 1245 vocem
1590 1203 1652 1244 non
1676 1182 1869 1265 simpliciter

163 1282 267 1344 audiri
295 1281 483 1343 Hebraicam
512 1282 688 1355 veritatem,
712 1299 749 1342 ae
764 1279 879 1360 saepius
907 1297 988 1358 pree·
1041 1279 1345 1359 significarasecit,
1362 1282 1418 1343 sed
1431 1280 1586 1354 condidit,
1609 1282 1643 1341 in
1671 1286 1867 1362 conspectum

165 1381 241 1441 terri
282 1380 490 1459 Septuaginta
526 1379 693 1441 Saniorum
721 1377 989 1457 interpretationi·
1043 1383 1185 1439 nostrum
1213 1379 1315 1452 dedit,
1343 1385 1373 1439 et
1394 1380 1641 1456 demonstravit,·
1670 1378 1867 1458 quaomnia

145 1478 237 1540 «bus.
255 1477 392 1540 Humilia
410 1477 549 1539 secunda
577 1478 609 1537 in
637 1477 764 1538 Cantica
792 1476 986 1537 canticorum
1042 1477 1269 1557 quodammodo
1292 1478 1413 1549 docent,
1443 1479 1528 1559 quod
1555 1498 1633 1555 earn,
1663 1497 1733 1538 cum
1770 1477 1868 1559 prius

167 1594 239 1637 cum
264 1575 426 1637 recitasset
453 1576 603 1653 Origenes
630 1573 700 1635 baec
733 1574 830 1636 verba
858 1576 989 1635 Prover·
1043 1594 1104 1634 non
1130 1575 1246 1654 feeerit,
1281 1596 1335 1636 nec
1363 1596 1400 1637 aa
1421 1575 1611 1658 praeiacente
1637 1574 1770 1636 materia
1794 1593 1867 1634 con·

52 1750 56 1757 ,
166 1672 395 1746 biorumxxttt,
419 1675 475 1734 to:
505 1672 545 1732 In
573 1673 698 1733 domum
724 1671 848 1751 sratris
876 1669 924 1730 tui
952 1688 990 1728 ne
1042 1672 1193 1750 stituerit,
1222 1678 1252 1732 et
1278 1673 1444 1734 videndam
1472 1672 1635 1734 exibuerit.
1669 1672 1753 1735 Nam
1784 1671 1868 1752 quaed

168 1770 266 1830 intres
282 1770 407 1848 infelix,
422 1771 454 1831 in
474 1771 619 1832 ultimam
648 1789 767 1842 vocem,
787 1768 912 1842 infelix,
941 1767 986 1828 sic
1001 1767 1026 1833 B
1040 1769 1248 1852 Septuaginta
1277 1770 1465 1853 Interpretes
1497 1772 1656 1853 inquiunt,
1686 1770 1770 1842 iecit,
1788 1775 1869 1829 certe

166 1869 367 1930 observatum
395 1869 506 1930 voluit.
527 1872 594 1929 Pro
608 1888 642 1928 eo
668 1868 752 1949 qued
765 1865 984 1949 Septuaginta,
1042 1869 1231 1929 occasionem
1255 1868 1442 1950 quibusdam
1480 1870 1592 1949 magni
1628 1869 1749 1929 erroris
1778 1867 1869 1928 obtu-

168 1965 292 2045 inselix,
310 1966 507 2049 interpretati
534 1971 619 2045 sunt,
654 1965 790 2046 Aquila,
821 1963 988 2025 Hebreeam
1044 1965 1118 2028 lere.
1135 1965 1376 2028 Facereetcnim
1403 1965 1506 2028 deltis
1524 1967 1711 2050 praedicant,
1738 1985 1806 2047 qua
1832 1985 1869 2024 ex

168 2064 342 2146 exprimens
371 2065 541 2142 veritatem,
569 2071 698 2148 ἀγροικὸν
718 2065 842 2145 posuit.
875 2062 989 2124 Homi—
1044 2064 1178 2145 quadam
1207 2066 1338 2126 materia
1365 2066 1600 2148 producantur,
1640 2070 1675 2126 nt
1711 2085 1748 2125 ea
1774 2067 1868 2140 ferro

169 2161 213 2222 ali
239 2180 367 2241 quoque
396 2162 562 2223 undecima
602 2162 634 2222 in
658 2161 827 2223 leremiam
856 2160 989 2221 munile·
1043 2162 1123 2236 falx,
1153 2168 1182 2222 et
1209 2162 1275 2223 alia
1299 2183 1367 2243 qun
1390 2162 1479 2224 nobis
1520 2163 1669 2242 artificas
1701 2161 1863 2239 efficiunt.

167 2266 235 2321 atus
254 2266 301 2321 est
324 2267 462 2321 assertor
488 2259 692 2321 Hebraeorum
719 2258 927 2332 voluminum,
957 2257 988 2318 iu
1044 2259 1133 2321 Hinc
1148 2261 1276 2342 quidam
1292 2262 1325 2321 in
1341 2261 1571 2322 buncerrorem
1597 2260 1757 2344 provoluti
1783 2264 1870 2335 sunt,

168 2363 293 2421 tantum
309 2365 345 2419 ut
359 2377 397 2420 ea
411 2364 501 2420 vocet
515 2359 710 2438 exemplaria
731 2358 867 2420 certiora
894 2363 992 2435 atque
1046 2365 1081 2419 ut
1095 2358 1310 2435 vociferarent,
1328 2359 1440 2419 Mosen
1455 2358 1493 2419 ab
1512 2357 1683 2440 AEgrptiis
1712 2357 1866 2434 edoctum,

168 2457 342 2531 veraciora,
359 2457 470 2519 habita
485 2457 579 2518 etiam
596 2457 718 2517 ratione
745 2455 785 2516 ad
814 2454 992 2516 versionem
1046 2457 1225 2518 credidisse
1238 2477 1275 2516 ex
1288 2456 1474 2539 praracente
1499 2456 1631 2517 materia
1658 2454 1716 2516 troc
1745 2454 1874 2514 univer-

167 2557 247 2617 LXX
283 2558 510 2636 interpretum.
526 2554 657 2637 Duplex
696 2554 822 2635 quippe,
867 2555 989 2632 iuquit,
1046 2575 1115 2615 seem
1144 2555 1317 2627 conditum,
1346 2569 1473 2636 eamque
1501 2555 1685 2616 sententiam
1709 2553 1820 2614 statim
1837 2553 1869 2611 in

170 2652 336 2735 Scriptura
363 2658 420 2715 est.
450 2653 533 2714 Nam
564 2654 598 2713 in
629 2652 741 2714 multis
765 2649 993 2733 exemplaribus
1047 2654 1100 2714 sui
1127 2653 1229 2735 operis
1260 2653 1352 2713 initio
1381 2652 1471 2714 nobis
1495 2652 1664 2726 inculcare,
1679 2672 1749 2713 cum
1764 2656 1873 2711 utatur

170 2751 369 2812 continetur:
400 2755 468 2813 Non
495 2752 612 2831 prolui,
642 2769 746 2830 neque
770 2750 886 2830 proluit
916 2748 994 2809 milri
1048 2751 1247 2823 verbo,lecit‚
1277 2750 1378 2832 (Gen.
1406 2770 1428 2825 r,
1452 2753 1483 2824 t,
1501 2754 1549 2824 16,
1579 2750 1641 2831 25).
1671 2749 1870 2812 Horumim·

170 2851 339 2930 quisquam
368 2848 492 2928 (leram.
521 2867 573 2928 xv,
605 2850 668 2930 to.)
696 2849 735 2910 In
763 2847 900 2910 hisvero
929 2866 995 2927 quae
1043 2850 1228 2934 pudentiam
1256 2870 1325 2910 cum
1355 2850 1542 2930 ignorarent
1573 2847 1783 2930 Septuaginta
1815 2845 1872 2906 In-

171 2946 360 3028 exemplaria
401 2948 523 3008 veriora
563 2952 648 3020 secat,
692 2952 722 3007 et
752 2967 821 3007 cum
850 2943 995 3006 Hebraeis
1050 2955 1208 3032 terpretes,
1217 2953 1401 3031 praesentem
1424 2947 1526 3008 locum
1549 2944 1770 3029 perverbum,
1799 2945 1874 3006 lecit

172 3050 354 3123 consonant,
383 3043 533 3106 babetur:
570 3048 639 3106 Non
668 3045 775 3114 debui,
815 3062 916 3122 neque
945 3043 997 3103 de·
1050 3055 1226 3126 exposuere,
1255 3067 1325 3107 cunr
1348 3046 1451 3106 satius
1469 3046 1594 3125 suisset
1618 3043 1713 3104 aliter
1745 3042 1872 3124 exposi-

172 3142 243 3203 buit
259 3143 531 3222 mihiquisquam.
561 3141 695 3223 Oportet
723 3142 827 3222 igitur
853 3146 884 3200 ct
910 3139 995 3221 quod
1009 3137 1030 3205 C
1050 3150 1115 3206 tum
1143 3164 1219 3223 esse,
1248 3150 1278 3204 et
1300 3153 1359 3226 per
1386 3143 1521 3217 verbum,
1547 3143 1632 3224 qeeod
1654 3140 1791 3201 Hebraeo
1813 3147 1875 3221 per

173 3240 207 3300 in
223 3259 282 3300 usu
310 3245 367 3320 est,
397 3247 489 3322 atque
513 3241 546 3300 in
562 3240 702 3301 ecclesiis
716 3240 848 3320 legitur,
866 3246 996 3321 expone·
1051 3243 1155 3304 omnia
1178 3242 1387 3324 responderet,
1412 3242 1496 3302 sicut
1519 3241 1640 3301 Mosam
1661 3239 1764 3319 egisse
1798 3256 1875 3298 con·

173 3358 218 3412 ec,
245 3344 275 3398 et
302 3337 360 3398 boc
387 3340 472 3420 quod
487 3339 519 3400 in
535 3337 682 3400 Hebraeis
697 3336 857 3400 codicibus
875 3336 997 3397 inverti·
1051 3346 1125 3414 stat,
1156 3341 1212 3421 qni
1239 3360 1273 3402 eo
1298 3339 1388 3400 verbe
1412 3339 1497 3420 quod
1511 3338 1618 3421 ponit,
1634 3337 1727 3419 quasi
1740 3335 1875 3396 relucta-

175 3440 239 3515 tur,
256 3437 406 3497 intaetnm
423 3458 483 3498 non
506 3437 681 3519 preterire.
709 3438 748 3498 Et
775 3442 847 3515 post
874 3451 993 3516 pauca:
1051 3444 1105 3499 tur
1133 3437 1305 3498 summani
1328 3437 1398 3499 illis
1422 3437 1479 3518 qui
1492 3437 1655 3497 materiam
1672 3432 1876 3504 inducebant,

178 3532 265 3611 Quia
293 3540 394 3595 antem
423 3540 452 3595 et
475 3535 541 3596 alia
567 3534 658 3595 nobis
687 3534 837 3616 expositio
868 3533 996 3594 residua
1050 3537 1216 3598 ostendens
1260 3535 1417 3596 evidenter
1454 3555 1520 3595 eam
1558 3554 1619 3594 non
1651 3531 1872 3614 praracuisse,

175 3637 232 3712 est,
255 3638 386 3714 propter
412 3632 602 3715 exemplaria
630 3633 776 3709 certiora,
814 3632 847 3691 in
883 3629 996 3712 quibus
1050 3634 1118 3694 Imo
1141 3632 1262 3713 coelum,
1292 3638 1419 3710 terram,
1452 3630 1657 3713 abyssumque
1675 3628 1880 3690 antecessisse

176 3730 373 3791 continetur:
403 3734 470 3792 Non
500 3731 605 3806 debui,
636 3749 739 3810 neque
769 3730 878 3792 debuit
920 3728 998 3789 mihi
1051 3731 1213 3793 materiam
1241 3735 1474 3809 commonstrat,
1500 3730 1575 3790 dum
1608 3748 1645 3789 ex
1685 3726 1737 3786 leis
1766 3724 1881 3786 enundi

178 3829 358 3910 quisquam,
376 3834 406 3888 et
426 3827 509 3890 bunc
536 3828 637 3889 lecum
665 3828 908 3889 consideremus.
939 3825 999 3899 Oui
1052 3834 1196 3890 ornatum
1205 3827 1413 3910 processisse,
1422 3826 1578 3910 populum
1607 3844 1670 3885 sua
1683 3823 1765 3896 fidei
1795 3841 1882 3882 com-

176 3927 270 4008 plura
284 3926 481 4001 desiderarit,
506 3934 540 3989 ut
569 3945 753 4008 persuasum
785 3926 900 3987 habeat
928 3925 998 3986 Ori·
1052 3927 1183 3988 missum
1212 3925 1329 3986 eradit.
1356 3929 1479 3994 Quanta
1506 3929 1581 3986 sunt
1608 3924 1640 3984 in
1676 3922 1736 3982 hac
1764 3922 1881 3981 Proco-

177 4042 289 4105 genem
318 4025 351 4086 in
380 4026 527 4088 omuibus
567 4025 734 4105 agnovisse
776 4023 998 4085 auctoritatem
1053 4025 1149 4105 piana
1176 4023 1384 4103 expositione,
1420 4041 1491 4101 quae
1520 4020 1686 4081 ueritatem
1730 4018 1881 4079 Hebraeo·

179 4124 403 4186 Hebraicorum
433 4124 643 4198 voluminum,
672 4123 758 4202 legat
794 4121 892 4183 libros
919 4120 1000 4200 ejus·
1053 4120 1336 4184 rumvolumiuum
1361 4117 1608 4194 commendant;
1638 4121 1758 4196 quanta
1787 4132 1883 4176 econ·

68 4218 73 4227 '
178 4221 250 4284 dem
266 4229 376 4283 eontra
396 4222 532 4296 Celsum,
559 4230 591 4284 et
619 4229 723 4285 tomos
749 4219 1000 4282 Commentario·
1054 4220 1165 4293 trario,
1181 4238 1253 4299 quas
1280 4217 1519 4279 translationem
1543 4214 1752 4295 Septuaginta
1779 4214 1881 4272 Inter·

179 4338 249 4380 rum
264 4319 296 4380 in
319 4319 517 4382 Matthaeum.
542 4324 632 4381 Nunc
660 4338 742 4381 unus
767 4317 909 4399 proeliis
936 4335 1002 4379 om·
1054 4325 1180 4398 pratum
1210 4315 1410 4396 explodunt?
1438 4317 1487 4377 Ne
1502 4313 1573 4393 quis
1592 4318 1698 4374 tamen
1728 4309 1790 4371 sibi
1820 4309 1883 4371 soli

112 4484 116 4489 ,
181 4417 274 4479 uibus
287 4419 406 4480 Graecis
420 4418 567 4480 Patribus
582 4419 687 4481 veniat
711 4419 752 4480 ad
780 4416 1002 4498 probationem
1057 4416 1178 4488 doctus,
1209 4414 1300 4475 nobis
1328 4430 1403 4475 vcro
1432 4411 1566 4473 multum
1585 4410 1732 4471 indoctus
1759 4426 1882 4488 propu-

179 4520 296 4577 noatrea
322 4516 505 4578 assertionis
533 4516 707 4596 Procopius
737 4516 867 4577 Gazaeus
893 4502 1171 4595 sophi-Dgnator
1197 4513 1278 4574 Lxx
1320 4508 1572 4582 rranststorum,
1601 4507 1771 4579 existimet,
1801 4506 1880 4566 Pro·

179 4619 240 4684 sta,
256 4614 311 4694 qui
325 4613 574 4676 Commentarios
588 4615 620 4676 iu
636 4612 863 4677 octateuchum
880 4630 919 4675 ex
946 4629 1000 4674 ve·
1055 4611 1182 4691 cupium
1212 4608 1307 4670 unico
1335 4607 1433 4668 hocce
1458 4607 1529 4668 loeo
1559 4605 1706 4666 tribuisse
1745 4602 1882 4664 auctori·

180 4711 360 4774 tustissimis
401 4713 653 4775 orthodoxorum
681 4713 812 4775 Petrum
850 4711 1002 4773 aliorum·
1056 4714 1152 4769 tatem
1181 4705 1419 4785 exemplaribus
1446 4702 1608 4765 Hebraicis
1635 4719 1798 4763 sacrorum
1828 4699 1881 4761 Bi·

180 4829 243 4891 que
270 4812 458 4892 scriptorum
488 4812 740 4874 enarrationibus
767 4810 1003 4873 accuratissime
1055 4805 1205 4882 bliorum,
1248 4804 1333 4883 legat
1373 4800 1515 4880 ejusdem
1556 4797 1807 4862 Commentarios
1849 4798 1881 4859 iu

60 4978 63 4983 ,
180 4909 390 4984 concinnavit,
419 4919 451 4974 et
491 4911 663 4973 sententias
704 4928 814 4972 eorum
841 4909 874 4969 in
902 4926 1000 4969 unum
1056 4911 1151 4983 caput
1181 4901 1384 4964 undecimum
1411 4903 1569 4960 Geneseos
1607 4897 1702 4978 (vers.
1735 4896 1797 4975 10),
1829 4893 1884 4955 ubi

180 5026 295 5089 corpus
336 5028 373 5071 ac
415 5016 603 5091 perpetuum
636 5007 905 5089 interpretationis
932 5025 1003 5067 eon·
1056 5001 1209 5080 scriptum
1239 4998 1398 5077 reperiet:
1431 4998 1503 5057 Sem
1523 4995 1596 5070 fuit
1625 4994 1721 5067 filius
1761 4997 1883 5053 centum

181 5112 301 5169 textum
329 5107 493 5170 delibavit.
532 5107 592 5168 Hic
633 5106 741 5185 itaque
768 5109 897 5166 Graecus
924 5101 1002 5164 scri·
1056 5116 1221 5172 annorum,
1252 5101 1282 5156 et
1305 5095 1418 5176 genuit
1446 5091 1635 5175 Arphaxad,
1666 5091 1791 5152 biennio
1807 5094 1886 5171 post

177 5209 260 5285 plor,
279 5203 320 5265 ad
349 5206 488 5285 primum
516 5210 673 5267 Geneseos
693 5203 839 5275 verbum,
868 5200 1001 5263 Hebrai-
1056 5195 1225 5257 diluvium.
1270 5191 1428 5254 Hebraica
1470 5191 1586 5251 veritas
1635 5188 1737 5261 babet,
1776 5187 1885 5249 Salam

179 5321 249 5364 cam
265 5302 409 5381 agnoseit
424 5303 600 5376 veritatem,
616 5318 793 5381 parumque
808 5298 898 5361 abest
925 5297 1001 5377 quin
1054 5293 1197 5375 genitum
1221 5310 1287 5352 esse
1310 5288 1348 5350 ab
1375 5287 1565 5371 Arpleaxad.
1601 5286 1679 5365 Qua
1707 5285 1824 5347 deinde
1851 5285 1885 5346 in

179 5400 257 5463 LXX
273 5400 500 5481 Interpretibus
523 5403 707 5462 succenseat
734 5398 775 5461 ob
802 5397 1001 5459 occasionem
1056 5391 1158 5454 medio
1179 5394 1355 5473 ponuntur,
1385 5387 1520 5449 obelisco
1562 5387 1692 5468 signata
1721 5385 1883 5446 visumar.

102 5572 109 5581 ,
179 5498 297 5560 erroris
323 5517 419 5578 quam
449 5498 592 5578 praebcnt
631 5498 679 5558 itli
719 5498 751 5559 in
780 5514 836 5558 sua
863 5494 1002 5557 transla·
1056 5491 1196 5552 iunioris
1210 5490 1317 5569 igitur,
1334 5487 1389 5567 qui
1407 5493 1550 5562 vocatur,
1577 5485 1709 5549 Gainani
1733 5484 1886 5562 jugulata

181 5593 266 5656 tione
302 5598 549 5678 scripturarum.
579 5594 628 5656 At
664 5595 695 5657 si
722 5594 865 5674 velimus,
897 5591 1002 5672 lnquit
1055 5594 1103 5651 est
1121 5588 1258 5651 obelisco
1290 5585 1511 5668 progenitum
1543 5584 1619 5665 quia
1645 5583 1734 5645 nulla
1762 5581 1825 5644 luit
1849 5582 1884 5644 iu
