3878 6150
103 195 176 250 1043
620 198 649 252 8.
670 196 876 252 utaaottitul
893 180 1020 246 brvlite
1037 185 1286 242 mattotflace.
1747 182 1812 241 itti

103 323 177 388 Quia
194 322 256 377 brec
271 320 342 379 dicit
357 320 499 376 Dominus
514 321 612 377 Deus:
943 317 971 383 Α
986 313 1017 368 dt
1034 315 1064 367 tu
1079 326 1149 381 ergo
1164 308 1194 364 in
1220 307 1315 390 medio
1338 305 1619 364 incircumcisorum
1639 311 1807 382 contereris,

104 395 224 452 Gladius
241 394 318 464 regis
334 392 487 465 Babylonis
501 393 598 449 veniet
612 393 676 462 tibi,
982 440 984 445 ,
1021 389 1050 465 et
1062 381 1189 436 dormies
1204 395 1271 436 cum
1285 378 1449 462 interiectis
1463 378 1583 451 gladio:

137 467 168 521 in
183 465 290 536 gladiis
308 463 427 519 iortium
443 464 579 534 dejiciam
593 463 932 521 multitudiuemtuam:
986 455 1181 520 mildense,
1198 457 1413 535 stragesque,
1463 522 1469 533 ,

140 534 384 606 inexpugnabiles
400 551 502 591 omnes
517 542 620 608 gentes
636 535 699 592 ha:
1021 541 1124 582 omnes
1139 525 1228 607 duces
1252 539 1327 594 epus,
1345 538 1395 604 qut
1411 523 1471 604 datr
1493 527 1566 579 sunt
1580 537 1652 578 cum
1668 526 1803 585 exsamito

106 610 139 664 iit
154 610 313 663 vastabunt
327 607 497 679 superbiam
513 612 585 681 AEgy
607 608 641 679 ti,
1057 613 1114 678 suo·
1126 611 1193 651 cum
1210 594 1371 678 interiectis
1380 592 1501 677 gladio:
1534 665 1542 679 '

141 686 169 735 et
184 677 378 750 dissipabitur
393 679 554 735 multitudo
570 625 646 751 esus.
1021 673 1051 725 ct
1065 683 1115 740 qur
1132 682 1200 749 cum
1216 680 1431 748 incircumcisis
1447 666 1648 733 dormierunt,

106 752 141 807 ut
155 751 275 824 perdam
291 751 390 875 olmnia
408 751 546 820 jumenta
567 754 644 822 ejus,
668 766 733 824 qua
747 751 832 805 eraut
843 761 934 820 super
1022 745 1131 866 etloum
1147 737 1193 795 his
1208 754 1257 808 qur
1274 739 1457 793 descendunt
1479 738 1534 807 (lt.
1550 738 1801 799 descenderuntia

178 837 271 878 auus
318 822 451 888 urimas;
1070 825 1165 867 acum.

143 898 171 949 ct
187 839 244 949 nqon
263 838 452 949 ceinturbabit
466 907 516 947 eas
532 908 584 963 pes
600 891 729 948 bominis
743 889 830 958 ultra,
989 882 1030 940 ibi
1040 878 1632 955 principesaquilonisomnes,etuniversi
1643 887 1800 941 venatores:

142 981 237 1037 neque
254 965 366 1047 ungala
377 964 581 1089 jumledntorum
601 963 733 1019 turbabit
748 978 809 1018 eas.
1024 955 1073 1026 qui
1088 950 1560 1080 ᾰέῗέἲῦιξὶῐέἒίῗιὶθῦὲῑοῐξίὲῖῗξτῐθῠῑίε,
1578 956 1800 1026 persuaseris

108 1038 427 1164 Tueatcnpffistupgtsupg
442 1050 812 1179 ᾳέἕίἱῖἓὲξιθὲἑὲῒοάω,
826 1104 867 1161 ait
881 1103 934 1159 Do·
989 1097 1042 1164 Qui
1054 1042 1236 1152 ‹iscirmierunt
1246 1065 1520 1177 incircumcisicum
1535 1095 1801 1180 interiectisgisdic,

181 1180 281 1234 miuus
297 1182 392 1233 Deus:
1026 1175 1054 1224 et
1069 1171 1261 1240 portaverunt
1283 1167 1483 1222 contusionem
1506 1182 1595 1223 suam
1620 1183 1692 1224 cum
1708 1168 1801 1243 hirqui

109 1253 181 1307 Cum
198 1250 304 1305 dedero
320 1254 428 1305 terram
454 1248 568 1321 AEgypii
584 1247 765 1305 desolatum:
783 1246 936 1303 deseretur
1049 1239 1244 1323 ‚descendunt
1258 1238 1288 1293 iu
1304 1238 1412 1293 lacum.

182 1325 279 1377 autem
296 1326 374 1376 terra
390 1319 600 1446 aglerritudiue
611 1337 677 1388 sua,
689 1320 807 1392 quando
818 1332 936 1391 percus·
990 1312 1070 1367 Vidit
1084 1328 1134 1368 eos
1151 1310 1272 1376 Pherae,

183 1408 247 1448 sero
263 1407 366 1448 omues
378 1394 416 1447 ha
438 1392 557 1448 itatores
573 1394 636 1463 ejus
651 1395 681 1447 et
696 1391 791 1447 scient
802 1389 872 1462 quia
882 1403 935 1460 ego
1027 1389 1055 1439 et
1063 1381 1230 1439 consolatus
1241 1383 1286 1437 est
1298 1397 1387 1451 super
1398 1380 1533 1436 universe
1549 1380 1801 1459 multitudinem,

183 1465 336 1520 Dominus.
1061 1470 1125 1525 quse
1140 1453 1295 1509 interiecta
1308 1458 1353 1507 est
1367 1451 1483 1523 gladio:

111 1535 250 1592 Planctus
265 1541 320 1606 est,
337 1539 366 1590 et
381 1533 521 1606 plangent
536 1550 603 1589 eum
618 1550 625 1590 :
1026 1528 1179 1590 euaraast
1189 1523 1801 1597 omnisexercitusejas,aitDominusitsus;

148 1607 214 1663 iiiiae
229 1606 362 1678 gentium
378 1604 516 1676 plangent
530 1622 597 1662 eum
614 1620 702 1678 super
715 1604 882 1677 AEgyptum,
990 1597 1064 1663 Quia
1078 1597 1145 1652 dedi
1159 1600 1300 1653 terrorem
1316 1610 1413 1677 meum
1430 1594 1460 1677 iu
1475 1600 1557 1650 terra
1571 1597 1746 1669 viventium,

146 1685 176 1735 et
191 1695 281 1752 super
305 1677 526 1734 multitudinem
548 1678 613 1748 eJus
639 1675 780 1748 plangent
802 1689 882 1745 eum,
896 1673 975 1762 aitB
1027 1675 1055 1725 et
1071 1668 1209 1725 dormivit
1230 1668 1260 1723 in
1276 1666 1372 1723 madio
1395 1666 1678 1724 incircumcisorum
1694 1669 1800 1726 cumis·

184 1749 328 1805 Dominus
341 1748 429 1805 Deus,
1060 1737 1311 1811 teriectisgiadio,

113 1823 147 1878 Et
163 1822 271 1878 iactum
286 1823 331 1877 est
343 1820 372 1875 iu
383 1819 559 1877 duodecimo
571 1836 659 1889 anno,
671 1819 700 1874 in
713 1816 938 1891 quintadecima
1026 1812 1148 1875 Pharao,
1164 1817 1192 1866 ct
1207 1810 1305 1867 omnis
1320 1808 1489 1877 multitudo,
1509 1809 1552 1865 ait
1568 1810 1715 1869 Dominus
1728 1816 1797 1869 oens.

186 1894 305 1956 mansis,
988 1880 1368 1955 (cap.xxxt11.>dstaetum
1380 1880 1561 1937 estverbum
1579 1882 1699 1939 Domini
1713 1885 1746 1940 sd
1756 1900 1800 1951 ns,

150 1965 260 2021 iactum
290 1967 335 2019 est
362 1963 484 2019 verbum
511 1962 630 2020 Domini
660 1961 697 2017 ad
727 1975 785 2031 ma,
813 1959 935 2016 dicens:
1060 1956 1184 2010 dicens:

115 2035 168 2091 Fili
180 2034 319 2102 hominis,
989 2026 1043 2084 Fili
1059 2025 1198 2093 hominis,
1218 2025 1339 2097 loquere
1354 2023 1390 2080 ad
1413 2022 1490 2080 filios
1505 2023 1611 2096 popuii
1627 2027 1684 2096 tui,
1699 2032 1726 2083 ei
1738 2028 1802 2084 dites

148 2123 220 2163 cane
234 2106 358 2178 lugubre
373 2119 462 2175 super
477 2102 698 2159 multitudinem
712 2101 846 2174 AEgypti:
1060 2099 1096 2154 ad
1111 2114 1180 2154 eos:

112 2177 280 2234 iltdetrahe
290 2175 373 2232 eami
399 2192 472 2242 sam,
483 2174 737 2247 etfiiiasgentium
747 2173 937 2230 robustarum
988 2171 1076 2226 Terra
1090 2186 1158 2226 cum
1174 2168 1316 2224 induxero
1330 2180 1419 2237 super
1433 2180 1497 2223 eam
1511 2166 1664 2239 gladium,

183 2251 219 2304 ad
238 2255 346 2304 terram
360 2192 509 2314 ultimam,
1024 2241 1167 2297 attulerit
1183 2238 1309 2313 populus
1325 2243 1408 2294 terra
1423 2237 1516 2294 virum
1533 2256 1631 2297 unum
1648 2240 1687 2298 de
1698 2242 1800 2299 aad&

145 2319 278 2376 cumbis
293 2318 344 2392 qui
359 2319 543 2374 descendunt
558 2316 587 2372 in
603 2315 713 2374 lacum.
1004 2334 1010 2343 ·
1061 2312 1208 2377 miscuis,

111 2393 172 2458 Quo
190 2390 341 2463 pulchrior
355 2405 398 2456 es,
1024 2389 1052 2440 et
1067 2382 1254 2440 constituerit
1269 2396 1336 2437 eum
1352 2396 1441 2452 super
1454 2397 1485 2437 se
1500 2382 1722 2454 speculatorem
1737 2398 1745 2443 t

147 2462 302 2530 descende,
318 2465 347 2518 et
361 2458 455 2516 dormi
472 2475 539 2515 cum
556 2457 783 2515 incircumcisis.
989 2456 1024 2511 ut
1038 2455 1087 2512 ilia
1111 2455 1217 2512 viderit
1240 2451 1372 2527 gladium
1394 2453 1560 2510 venientem
1586 2470 1684 2527 super
1698 2461 1800 2523 umen,

111 2534 143 2589 In
159 2534 256 2589 medio
272 2533 493 2589 interfectorum
510 2531 608 2603 gladio
624 2531 750 2587 cadent:
1025 2532 1054 2582 et
1069 2527 1208 2582 cecinerit
1232 2524 1368 2593 buccina,
1391 2527 1421 2580 et
1443 2526 1671 2584 annuntiaverit
1690 2526 1798 2601 populo3

146 2604 264 2676 gladius
281 2605 367 2661 datus
384 2607 437 2668 est,
990 2599 1117 2655 Audiens
1133 2603 1242 2663 autem,
1258 2596 1384 2669 quisque
1400 2594 1448 2652 iiie
1463 2602 1519 2664 est,
1531 2598 1798 2669 sontrunhnedas,

146 2681 330 2733 attraxerunt
345 2691 421 2744 eam,
437 2681 464 2729 et
479 2689 581 2730 omnes
597 2672 721 2745 populos
737 2672 811 2744 ejus.
1061 2674 1090 2726 et
1105 2685 1163 2725 nou
1179 2685 1210 2725 se
1225 2668 1431 2732 observaverit,

111 2748 282 2821 Loquentur
304 2748 331 2803 ei
358 2744 550 2820 potentissimi
574 2746 764 2801 robustorum
790 2745 826 2800 de
842 2743 937 2801 medio
1024 2741 1194 2813 veneritque
1209 2740 1336 2814 gladius,
1352 2744 1380 2794 et
1394 2738 1494 2795 tulerit
1507 2755 1598 2797 eum:

184 2819 301 2886 interni,
1025 2814 1145 2886 sanguis
1159 2814 1253 2886 ipsius
1268 2829 1303 2868 su
1326 2827 1357 2867 er
1371 2816 1460 2882 eaput
1474 2811 1539 2881 eius
1555 2812 1624 2868 erit.

148 2892 198 2964 qui
215 2908 283 2947 cum
300 2887 522 2945 auxiliatoribus
538 2888 602 2956 ejus
615 2887 840 2952 descenderunt,
990 2884 1101 2941 Sonam
1117 2885 1247 2940 buccine
1263 2828 1383 2950 audivit,
1399 2887 1428 2937 et
1441 2898 1499 2938 non
1513 2898 1547 2939 se
1566 2884 1741 2957 observavit,

146 2968 175 3020 ct
192 2960 378 3019 dormierunt
401 2959 612 3025 incircumcisi,
638 2958 783 3015 interiecti
803 2958 856 3030 (at.
870 2974 938 3017 cum
1026 2957 1149 3028 sanguis
1164 2959 1227 3028 ejus
1242 2957 1271 3011 in
1287 2956 1351 3038 ipso
1366 2955 1441 3010 erit:

182 3032 399 3090 incircumcisis
412 3030 644 3102 interiectisque)
659 3030 766 3103 gladio.
993 3027 1020 3083 Si
1037 3032 1133 3084 autem
1151 3045 1183 3084 ee
1197 3026 1379 3090 custodierit,

112 3105 154 3161 lbi
171 3111 274 3171 Assur,
291 3109 320 3159 et
335 3103 432 3158 omnis
445 3101 603 3156 multitudo
619 3102 694 3172 ejus,
951 3072 975 3138 c
1029 3100 1158 3155 animam
1175 3116 1259 3155 suam
1276 3096 1421 3153 salvabit:

147 3177 176 3230 in
192 3175 317 3231 circuitu
332 3173 413 3229 iliius
428 3172 564 3245 sepulcra
578 3174 653 3242 ejus.
990 3173 1072 3237 Quod
1089 3171 1112 3226 si
1127 3170 1294 3242 speculator
1317 3168 1423 3224 viderit
1445 3167 1578 3239 gladium
1595 3169 1760 3235 venientem,
1771 3173 1791 3224 et

148 3263 253 3303 omnes
268 3245 424 3311 interiecti,
440 3250 469 3299 et
483 3245 530 3314 qui
547 3244 717 3300 ceciderunt
730 3241 839 3316 giadio.
1061 3260 1119 3297 nos
1133 3242 1298 3298 insonuerit
1310 3241 1452 3296 buccina:

110 3319 242 3384 Quorum
257 3318 326 3373 data
341 3322 411 3372 sunt
427 3315 562 3387 sepulcra
576 3316 605 3371 in
620 3317 789 3371 novissimis
804 3315 881 3372 iaci:
1026 3319 1054 3370 et
1070 3314 1197 3385 populus
1213 3329 1244 3369 se
1259 3329 1316 3368 uon
1333 3311 1516 3378 custodierit,

145 3394 174 3446 et
189 3389 268 3445 iacta
288 3392 332 3444 est
347 3387 506 3443 multitudo
531 3389 596 3459 ejus
621 3403 673 3459 per
691 3403 794 3460 gyrum
810 3384 936 3459 sepulcri
1025 3386 1195 3455 veneritque
1211 3385 1337 3457 gladius,
1354 3388 1382 3439 et
1401 3383 1504 3438 tulerit
1519 3383 1555 3438 de
1571 3382 1616 3441 eis
1631 3384 1765 3441 animam:

181 3462 266 3531 eJos:
990 3458 1042 3514 iiie
1056 3458 1174 3528 quidem
1190 3457 1219 3512 in
1234 3456 1387 3526 iniquitate
1402 3471 1457 3510 sua
1470 3458 1579 3527 captus
1594 3459 1651 3527 est,

108 3531 244 3588 Universi
260 3528 416 3596 interiecti,
433 3530 630 3599 cadentesque
641 3527 753 3655 gladio,
1026 3529 1200 3599 sauguinem
1216 3533 1313 3584 autem
1330 3528 1442 3596 ejusde
1458 3542 1548 3582 manu
1565 3525 1785 3600 speculatoriae·

145 3602 195 3677 qui
211 3603 353 3659 dederant
377 3601 527 3672 quondam
552 3600 639 3656 iormi
662 3600 741 3655 inem
756 3600 785 3655 in
803 3603 879 3656 terra
893 3599 935 3655 vi·
1060 3600 1188 3672 quirem.

182 3674 324 3729 vantium.
990 3673 1024 3728 dt
1036 3675 1079 3736 iu,
1097 3671 1136 3726 iiii
1153 3670 1292 3738 hominis,

111 3746 154 3803 lbi
166 3746 270 3811 AEiam,
285 3750 313 3800 et
328 3744 425 3799 omnis
440 3743 599 3799 multitudo
624 3742 689 3814 ejus
705 3758 873 3816 pergyrum
889 3758 934 3799 se·
1026 3761 1039 3798 s
1063 3742 1239 3799 conlatorem
1255 3740 1322 3797 dedi
1340 3745 1365 3795 to
1381 3740 1480 3795 domui
1498 3740 1611 3798 lsrsei:

183 3816 276 3889 pulcri
290 3816 336 3873 sui
350 3814 408 3886 (st.
426 3814 541 3886 ullust:
989 3762 1120 3871 scitans
1135 3832 1202 3882 erpo
1218 3830 1249 3869 ex
1266 3828 1315 3868 ore
1330 3828 1395 3867 meo
1410 3827 1588 3885 sermonem,

145 3890 254 3946 Omnes
269 3887 299 3942 hi
315 3886 473 3950 interiecti,
489 3889 668 3957 ruentesque
683 3884 800 3957 gladio:
1025 3885 1215 3942 annuntiabis
1230 3885 1272 3941 cis
1287 3901 1321 3939 ex
1337 3900 1392 3938 mo.

146 3961 195 4032 qui
221 3959 437 4016 descenderunt
461 3957 662 4013 incircumcisi
689 3958 725 4012 ad
741 3963 849 4013 terram
865 3957 935 4014 uiti·
988 3959 1017 4015 si
1033 3959 1148 4014 dicente
1164 3974 1210 4012 me
1226 3958 1262 4012 ad
1278 3956 1424 4027 impium:
1441 3954 1543 4026 impie,
1555 3950 1778 4030 mortemorieritt

183 4047 278 4088 mam:
1026 4046 1082 4085 non
1099 4029 1189 4085 iuaris
1206 4028 1331 4095 locutus,
1348 4032 1381 4082 ut
1393 4042 1424 4082 se
1448 4027 1598 4083 custodiat
1612 4027 1717 4101 impius
1729 4036 1778 4080 avt

110 4102 164 4170 Qui
181 4105 344 4175 posuerunt
359 4104 499 4156 terrorem
515 4115 603 4155 suum
620 4098 649 4154 in
670 4102 748 4154 terra
762 4099 934 4167 viventium,
1060 4118 1134 4156 sua:

146 4178 175 4230 et
202 4176 392 4247 portaverunt
413 4170 605 4237 ignominiam
630 4187 715 4226 suam
739 4186 805 4226 cum
822 4171 868 4227 bis
884 4172 935 4243 qui
989 4171 1054 4243 lpse
1069 4173 1179 4242 impius
1195 4171 1224 4225 in
1243 4170 1394 4241 iniquitate
1410 4185 1462 4225 sua
1476 4170 1631 4236 morietur,

182 4244 367 4302 descendunt
381 4243 411 4297 iu
426 4241 536 4298 lacum.
1025 4245 1196 4312 sanguinem
1214 4247 1312 4296 autem
1337 4243 1402 4309 qius
1418 4241 1453 4295 dc
1479 4256 1570 4297 manu
1586 4248 1638 4298 tua
1652 4240 1776 4314 requiras

112 4316 144 4371 ln
161 4317 258 4372 medio
283 4314 503 4370 interfectorum
531 4317 694 4385 posueruut
717 4312 812 4369 cubile
825 4314 889 4383 ejus
906 4313 935 4369 iu
989 4316 1018 4372 Si
1030 4319 1139 4380 autem,
1156 4315 1351 4370 annuntiante
1365 4317 1394 4368 te
1409 4314 1445 4368 ad
1461 4312 1597 4385 impium,
1610 4321 1642 4371 ut
1657 4305 1777 4371 anisius

186 4386 331 4444 universis
347 4384 464 4458 populis
479 4385 563 4456 ejus:
1060 4389 1254 4451 convertatur,

149 4457 179 4512 in
195 4458 320 4514 circuitu
334 4458 399 4529 ejus
414 4456 582 4527 sepulcrum
598 4452 700 4513 iliius:
951 4446 975 4510 D
1028 4474 1084 4514 non
1102 4456 1187 4513 luerit
1203 4470 1360 4512 conversus
1376 4454 1452 4510 avia
1466 4472 1539 4512 sua:

113 4529 221 4585 Omnes
237 4529 267 4584 hi
284 4527 494 4593 incircumcisi,
513 4527 657 4583 interiecti
682 4544 718 4585 ue
734 4525 842 4600 gladio.
991 4530 1056 4601 lpse
1071 4530 1101 4584 iu
1117 4528 1273 4600 iniquitate
1288 4543 1343 4581 sua
1357 4527 1497 4582 morietur
1513 4542 1521 4583 :

114 4601 261 4656 Doderunt
275 4601 354 4655 enim
370 4604 511 4655 terrorem
527 4615 615 4655 suum
635 4546 689 4671 (si.
705 4603 776 4656 tecet
790 4602 888 4671 suum)
905 4598 935 4655 iu
1027 4617 1112 4672 porro
1127 4606 1157 4656 tu
1174 4601 1303 4656 animam
1320 4604 1401 4653 tuam
1418 4598 1563 4655 liberasti.

185 4677 263 4727 tarra
276 4671 449 4734 viventium,
989 4676 1031 4727 Tu
1048 4688 1127 4744 crgo,
1143 4672 1184 4726 iiii
1202 4669 1340 4739 bortrinis,
1356 4670 1403 4725 dic
1423 4670 1460 4727 ad
1477 4670 1600 4726 domum
1615 4667 1719 4726 israel:

149 4746 178 4798 et
203 4747 391 4813 portaverunt
416 4741 607 4809 ignominiam
634 4759 718 4800 suam
738 4757 805 4797 cum
822 4740 869 4796 hie
884 4741 936 4813 qui
991 4744 1038 4801 Sic
1053 4743 1142 4800 locati
1158 4744 1239 4807 estis,
1256 4742 1406 4797 dicentes:

184 4815 370 4870 descendunt
384 4814 414 4868 iu
430 4810 526 4869 lacum
541 4831 548 4870 :
1026 4816 1200 4887 Iniquitates
1214 4818 1332 4881 nostro,
1356 4817 1385 4867 et
1407 4816 1528 4884 peccata
1542 4816 1644 4870 nostra
1656 4826 1735 4884 super
1746 4816 1781 4861 avt

150 4883 179 4939 in
197 4886 292 4941 medio
307 4885 528 4940 interfectorum
546 4884 632 4955 positi
648 4889 727 4942 sunt.
1062 4893 1142 4952 sunt,

115 4955 158 5012 ibi
173 4956 292 5012 Mosoch
306 4955 348 5026 ih.
364 4954 502 5026 Mssech)‚
518 4956 681 5024 etThubal,
693 4962 721 5014 et
731 4955 827 5012 omnis
839 4955 937 5010 multi·
1026 4961 1055 5013 et
1070 4959 1099 5013 in
1115 4957 1188 5030 ipsis
1203 4971 1257 5013 nos
1271 4955 1469 5011 tabescimus:

185 5028 257 5083 tudo
273 5028 356 5098 ejus:
374 5027 403 5082 in
420 5027 544 5083 circuitu
560 5031 625 5097 sius
640 5028 777 5100 sepulcra
791 5026 890 5082 iilius:
1027 5030 1173 5099 quomodo
1188 5043 1256 5100 ergo
1269 5026 1364 5083 vivero
1379 5026 1566 5098 poterimus?

112 5099 223 5156 Omnes
238 5099 269 5154 hi
294 5099 504 5166 incircumcisi,
530 5100 732 5173 interfectique
756 5105 785 5155 et
799 5100 937 5155 cadentes
992 5100 1042 5157 Dic
1057 5103 1094 5157 ad
1109 5117 1176 5157 eos:

183 5169 300 5255 gladio:
992 5172 1063 5229 Vivo
1079 5189 1142 5244 ego,
1159 5169 1230 5226 dicii
1245 5169 1386 5224 Dominus
1402 5167 1498 5225 Deus:

148 5259 217 5315 quia
233 5242 379 5298 dederunt
393 5239 582 5297 formidinem
601 5257 686 5299 susm
702 5242 730 5297 in
745 5246 824 5298 terra
837 5241 937 5297 viveu·
1027 5244 1095 5300 uolo
1110 5245 1234 5299 mortem
1250 5240 1344 5313 impii,

185 5314 273 5369 lium.
1027 5317 1078 5371 aed
1095 5320 1127 5371 ut
1142 5316 1302 5371 revertatur
1317 5310 1426 5384 impius
1442 5312 1519 5368 avia
1533 5329 1600 5382 sua,
1615 5318 1644 5370 et
1658 5312 1739 5369 vivat.

111 5385 148 5441 iili
165 5402 222 5441 non
239 5383 387 5441 dormient
412 5399 479 5439 cum
504 5383 640 5453 iortibue,
664 5385 939 5456 cadentibusqueet
991 5384 1211 5454 convertimini,

185 5453 412 5519 incircumcisis,
1028 5456 1242 5521 convertimini,
1259 5453 1344 5510 aviis
1358 5453 1464 5511 vestris
1478 5453 1638 5528 pessimis:

148 5529 198 5598 qui
214 5527 433 5583 descenderunt
447 5524 483 5579 ad
508 5525 657 5583 iniernum
672 5544 738 5583 cum
755 5525 847 5583 armis
863 5525 936 5592 suis,
1027 5533 1057 5587 et
1071 5544 1162 5603 quare
1177 5525 1355 5593 moriemini,
1371 5525 1477 5583 domus
1493 5526 1608 5585 israeli

150 5607 178 5653 et
194 5604 357 5670 posuerunt
371 5595 484 5668 gladios
499 5614 569 5652 sune
582 5599 636 5654 sub
656 5600 804 5670 capitibus
819 5599 893 5663 suis,
992 5602 1033 5657 Tu
1052 5602 1158 5673 itaque,
1177 5598 1217 5654 iiii
1233 5597 1373 5665 hominis,
1389 5596 1487 5655 dicad
1505 5597 1583 5657 iiiios
1638 5597 1698 5672 puli
1711 5594 1764 5653 tat:

152 5673 180 5722 st
195 5671 313 5751 inerunt
327 5667 499 5739 iniquitates
522 5685 622 5725 eorum
639 5669 668 5725 in
685 5671 800 5727 ossibus
814 5685 937 5725 eorum:
1027 5673 1149 5730 iustitia
1169 5669 1245 5742 justi
1268 5685 1327 5727 nou
1353 5667 1493 5727 liberabit
1510 5685 1580 5729 eum
1595 5614 1788 5745 1:1⁰unqu

148 5754 200 5810 qur
217 5745 312 5798 terror
326 5739 446 5798 tortium
463 5739 529 5797 iacti
545 5742 659 5798 suntin
676 5748 752 5799 terra
766 5741 937 5798 viventium.
1028 5739 1250 5817 dispensaverit
1266 5756 1273 5796 :
