3870 6120
93 290 141 352 8³
671 300 674 305 '
806 286 1114 351 PROLHHOHHNA.
1767 293 1808 355 Μ

93 419 310 500 diligentiam,
338 440 405 502 qua
432 438 497 483 nou
525 420 707 503 appendere
743 436 777 482 se
817 419 924 495 verbs,
940 423 968 487 Α
984 421 1295 484 Commentariorum
1323 422 1356 483 in
1384 441 1456 504 cap.
1484 439 1523 484 ιι
1562 420 1744 500 Ezechielis,
1773 439 1808 484 se

94 519 156 581 sed
184 537 223 580 ca
261 538 428 584 numerere
465 519 577 582 lectori
619 525 767 598 oportere
807 517 931 598 putavit
985 536 1049 579 uon
1079 520 1186 581 omnis
1214 520 1290 582 uitia
1319 521 1472 583 sermonis
1499 520 1628 595 vitasse,
1660 519 1807 600 quamvis

98 618 232 680 ludaeos
255 619 423 699 interpres.
454 619 522 680 Nec
550 623 721 697 propterea
743 616 815 695 quis
829 616 931 676 addu-
984 634 1022 677 ea
1036 617 1134 695 probe
1149 617 1304 679 novisset:
1320 617 1411 679 Illud
1424 624 1525 679 autem
1540 617 1634 680 semel
1648 617 1806 678 monreisse

98 722 203 790 estur,
232 722 268 777 ut
295 717 405 779 credat
436 716 663 796 Hieronymum
692 732 818 775 omnem
847 712 931 775 circa
984 714 1141 794 sufficiat,
1178 715 1234 794 ait,
1274 735 1365 776 nosse
1401 736 1447 776 me
1473 713 1611 776 cubitum
1643 720 1673 776 et
1699 713 1804 775 cubita

96 814 199 876 verba
224 814 423 893 diligentiam
453 813 676 893 interpretum,
706 830 744 874 se
780 810 931 874 sollicitu-
984 811 1124 873 neutrali
1151 811 1307 895 appellari
1329 834 1460 894 genere:
1487 813 1544 874 sed
1566 821 1626 895 pro
1647 812 1805 895 simplici-

95 912 207 974 diuem
239 911 414 992 aspernari,
447 929 551 990 neque
578 910 641 972 illis
657 910 831 990 quidquam
861 927 929 970 cre·
984 916 1057 989 tate,
1086 916 1116 970 et
1132 911 1297 989 facilitate
1312 911 1544 992 intelligentis,
1565 911 1715 992 vulgique
1729 930 1805 971 con·
1916 938 1920 945 ·

95 1009 218 1071 didisse
246 1010 348 1072 inesse
377 1009 532 1072 momenti
560 1008 598 1071 ad
626 1008 748 1069 nativos
762 1012 929 1069 auctorum
984 1007 1160 1088 suetudine,
1180 1017 1299 1091 ponere
1311 1015 1342 1070 et
1368 1029 1482 1090 genem
1507 1009 1693 1070 masculina.
1729 1007 1804 1069 Non

96 1125 213 1168 sensus
243 1105 478 1188 exprimendos.
510 1108 572 1169 Hos
598 1104 695 1184 igitur
730 1104 928 1185 potissimum
983 1105 1064 1166 enim
1093 1126 1175 1167 curre
1202 1105 1293 1168 nobis
1320 1112 1367 1167 est
1394 1107 1494 1168 vitare
1516 1127 1685 1168 sermonem
1712 1105 1802 1185 vitia,

95 1205 235 1284 essugm
276 1207 310 1267 S.
350 1205 473 1279 doctor,
510 1221 589 1284 quos
627 1202 725 1264 nimio
759 1202 928 1265 verborum
983 1203 1039 1264 sed
1065 1202 1240 1287 Scripturse
1265 1210 1379 1266 sanctae
1412 1203 1633 1266 obscuritatem
1673 1203 1806 1285 quibus·

92 1300 206 1365 studio
247 1301 369 1365 susum
408 1301 581 1364 sententias
623 1300 708 1381 ipsas
736 1306 926 1381 pervertere.
982 1322 1103 1383 cunque
1151 1301 1253 1363 verbis
1296 1302 1462 1364 disserere.
1502 1303 1679 1366 Verborum
1707 1301 1803 1363 etiam

93 1420 158 1461 nan
186 1398 345 1471 debemus,
380 1399 485 1479 iuquit
514 1399 556 1462 ad
586 1401 686 1461 Sunn.
703 1401 849 1471 etHret.,
881 1397 929 1458 sic
982 1401 1243 1481 compositionem
1273 1419 1310 1464 ae
1338 1401 1432 1463 tiores
1460 1401 1616 1463 sermonis
1631 1399 1804 1463 111111111-

94 1497 224 1559 verbum
238 1496 383 1560 decerbo
404 1496 585 1579 reprimere,
616 1502 651 1558 ut
678 1496 754 1557 dum
785 1493 928 1572 syllabas
982 1516 1061 1576 quas
1089 1499 1181 1579 epist.
1212 1501 1282 1572 116,
1312 1499 1353 1559 sd
1367 1502 1538 1560 Damasum
1568 1515 1705 1577 popam:
1731 1495 1804 1558 Non

95 1597 274 1677 sequimur,
321 1594 497 1678 perdamus
544 1593 802 1674 intelligentiam.
847 1595 928 1655 Tum
982 1593 1119 1677 ambigo,
1149 1596 1227 1676 quin
1257 1594 1378 1656 inculta
1405 1594 1465 1656 tibi
1493 1599 1609 1656 nostre
1629 1594 1805 1677 parvitatis
1915 1608 1919 1617 ·

96 1695 194 1774 epist.
223 1695 282 1757 101
310 1693 378 1773 jam
407 1692 550 1765 laudata,
579 1692 620 1753 sd
651 1690 891 1752 Pammachium
917 1706 924 1750 :
982 1693 1126 1754 videatur
1152 1693 1276 1754 aratia:
1304 1693 1361 1754 sed
1387 1702 1465 1776 sepe
1490 1698 1639 1754 causatus
1654 1713 1735 1768 sum,
1751 1712 1805 1753 ex-

98 1792 176 1854 Alii
187 1789 330 1859 syllabas
343 1795 538 1873 aucupentur
552 1795 582 1850 et
596 1789 734 1869 litteras,
763 1794 797 1849 tu
825 1807 926 1869 quaere
941 1788 1078 1872 Bpoliri
1092 1811 1153 1852 non
1164 1799 1257 1874 posse
1271 1811 1453 1866 sermonem,
1483 1791 1548 1852 nisi
1561 1811 1649 1872 quem
1673 1790 1805 1873 proprie

96 1890 284 1952 sententias.
311 1890 431 1954 servile
456 1889 517 1951 hoc
544 1887 688 1950 vertendi
716 1905 817 1966 genus
841 1887 928 1949 inse·
984 1909 1095 1950 nranus
1123 1889 1291 1951 limaverit.
1316 1887 1428 1970 Itaque
1458 1888 1585 1970 ignosce
1626 1884 1805 1948 dolentibus

96 1994 205 2052 ctutur
232 1992 357 2050 tantum
386 1992 514 2049 sanctus
545 1987 770 2065 Hieronymus,
802 2003 860 2047 nec
874 2002 928 2046 eos
982 1986 1094 2067 oculis,
1112 1987 1218 2060 idest,
1244 1987 1373 2068 ignosce
1401 1985 1548 2066 dictanti,
1578 1984 1710 2046 maxime
1736 2004 1806 2045 curn

96 2086 231 2166 euipsre
260 2084 361 2147 voluit
388 2085 443 2164 qui
471 2085 604 2146 verbum
632 2084 730 2144 edunt
744 2082 924 2163 [denerbm
983 2085 1016 2145 in
1043 2084 1266 2146 ecclesiasticis
1294 2082 1388 2146 rebus
1415 2104 1477 2145 nan
1505 2080 1804 2165 quarantnrverba,

95 2183 152 2246 sed
194 2182 252 2263 qui
292 2182 447 2244 violenter
493 2182 756 2263 interpretantur,
799 2198 926 2242 sensum
982 2182 1039 2243 sed
1062 2203 1185 2258 seusus,
1210 2182 1246 2244 id
1272 2188 1331 2257 est,
1351 2181 1492 2265 panibus
1521 2182 1563 2242 sit
1588 2181 1653 2241 vita
1681 2184 1806 2241 susten·

98 2280 316 2362 relinquentes
352 2279 500 2342 auctoris.
530 2282 598 2341 Hoc
625 2297 699 2341 vero
735 2279 926 2359 interpreta—
982 2280 1091 2356 tanda,
1121 2301 1183 2342 nou
1210 2280 1353 2362 siliquis.
1383 2280 1553 2345 Paulinum
1581 2279 1708 2341 leudem
1732 2294 1806 2340 cum
1841 2340 1850 2347 ,
1885 2306 1907 2339 .·

98 2379 195 2440 tionis
209 2378 322 2440 vitium
337 2377 431 2457 plane
453 2394 525 2440 cum
551 2377 745 2457 Hieronymo
773 2381 927 2456 respuunt
982 2378 1165 2441 hortaretur
1192 2379 1328 2460 epistola
1356 2380 1424 2455 103,
1453 2385 1489 2440 11
1516 2396 1583 2440 1111
1611 2377 1643 2439 in
1665 2375 1805 2438 studium
1867 2382 1870 2387 '

99 2477 160 2537 riri
184 2475 319 2537 litterati
344 2493 466 2549 omues,
492 2491 531 2536 ae
558 2475 675 2537 summi
698 2473 864 2554 pontiiices
892 2473 925 2536 in
981 2476 1160 2540 divinsrum
1223 2476 1400 2539 litterarum
1459 2476 1643 2550 insinuaret,
1701 2473 1805 2537 noluit
1887 2526 1893 2537 ,

98 2575 166 2636 sois
212 2573 368 2653 epistolis.
418 2573 575 2635 Praelata
623 2573 707 2634 enim
756 2572 926 2652 Gregorius
980 2575 1082 2636 virum
1118 2575 1318 2655 eloquentem
1357 2572 1475 2636 offendi
1508 2571 1710 2652 simplicitate
1737 2589 1805 2634 ser-

98 2670 802 2752 1113111111111111111.1111111111
830 2668 927 2731 Indi·
981 2672 1084 2734 monis
1112 2672 1368 2751 Scripturarum:
1396 2669 1490 2746 Nolo,
1521 2669 1635 2750 inquit,
1662 2668 1805 2749 ‹rffiuda-
1907 2699 1910 2703 ·

96 2789 205 2831 camus
214 2775 379 2852 preterea,
410 2769 487 2851 quia
515 2788 644 2852 gravem
672 2766 726 2828 bic
739 2767 925 2847 ds‘sficulta-
980 2770 1027 2831 ris
1056 2770 1089 2830 in
1116 2769 1293 2852 Scripturis
1321 2769 1442 2830 sanetis
1456 2767 1658 2850 simplicitate
1670 2773 1700 2826 et
1711 2765 1806 2848 quasi

95 2874 156 2928 tem
171 2868 382 2950 interpretum
393 2867 546 2950 patimur.
563 2865 650 2928 Dum
664 2866 746 2929 enim
761 2887 823 2928 non
837 2871 923 2941 sunt,
980 2867 1103 2928 vilitate
1132 2865 1315 2928 verborum:
1345 2885 1412 2947 quar
1439 2865 1487 2927 vel
1501 2865 1577 2926 vitio
1588 2866 1802 2946 interpretum,

95 2967 153 3048 qui
177 2984 306 3027 sensum
333 2964 375 3025 de
400 2983 494 3025 sensu
522 2964 710 3047 exprimunt,
733 2963 790 3024 sed
817 2969 924 3025 trass-
979 2965 1028 3027 vel
1041 2965 1080 3026 de
1096 2964 1258 3027 industria
1273 2964 1321 3024 sic
1331 2962 1459 3045 prolata
1485 2969 1571 3044 suut,
1587 2969 1623 3025 ut
1650 2962 1803 3024 rusticam

97 3066 182 3132 serre
216 3061 442 3145 proprietatem
482 3069 600 3144 semper
641 3061 761 3140 volunt,
805 3079 923 3121 amnem
978 3064 1154 3126 concionem
1184 3061 1325 3140 facilius
1367 3062 1591 3123 instruerent:
1621 3068 1651 3122 et
1679 3061 1713 3122 in
1742 3079 1805 3122 una

96 3180 225 3221 sensum
241 3160 399 3222 dictorum
414 3159 622 3227 confundunt·
645 3159 731 3221 Unde
761 3159 873 3239 agitur
891 3160 962 3228 utc
981 3162 1148 3244 eademque
1162 3160 1315 3222 sententia
1330 3159 1425 3221 aliter
1438 3159 1561 3236 dactus,
1588 3159 1684 3220 aliter
1708 3158 1807 3221 audi-
1852 3228 1856 3235 ,

94 3278 131 3319 ea
159 3277 229 3340 quse
258 3257 418 3318 translata
440 3257 573 3334 fuerint,
589 3257 656 3319 uisi
669 3277 738 3318 cum
752 3256 849 3338 gravi
875 3256 925 3318 la·
980 3267 1027 3322 ret
1068 3260 1226 3322 indoctus.
1272 3262 1319 3321 Es
1361 3259 1421 3334 his,
1474 3258 1506 3320 in
1536 3256 1641 3332 fallor,
1669 3257 1803 3338 planum

96 3354 172 3417 bore
191 3354 375 3438 intelligere
401 3355 492 3417 nullo
520 3355 610 3417 mado
638 3355 808 3417 valeamus.
836 3355 926 3418 Idem
981 3360 1026 3428 ut.
1056 3358 1283 3438 Hieronymum
1311 3356 1503 3437 elegantiam
1539 3360 1577 3419 ’11
1603 3360 1800 3418 venustatem

96 3462 131 3517 et
158 3454 313 3517 Nicotaus
340 3472 425 3534 pspa
451 3454 483 3515 in
507 3453 643 3534 epistole
671 3453 712 3516 ad
737 3453 924 3516 Michaelem
979 3456 1081 3520 Latini
1118 3455 1229 3517 sermis
1265 3454 1297 3516 in
1331 3455 1396 3516 suis
1429 3454 1690 3517 translationibus
1724 3471 1801 3514 con·

96 3553 348 3633 imperatorem:
377 3550 416 3612 Si
443 3550 587 3613 Latinam
619 3551 778 3633 linguam,
809 3551 924 3630 iuquit,
979 3573 1129 3630 servasse,
1159 3553 1213 3615 ubi
1239 3553 1328 3614 nulla
1351 3561 1418 3616 erat
1449 3554 1488 3616 de
1516 3572 1610 3615 sensu
1639 3553 1797 3615 mutatio:

95 3650 169 3711 ideo
195 3646 362 3711 barbaram
391 3650 590 3731 nuncupatis,
621 3649 768 3731 quoniam
783 3669 801 3709 a
816 3654 925 3709 trans·
978 3671 1037 3715 nec
1064 3651 1211 3714 omnibus
1233 3656 1339 3711 tamen
1378 3651 1577 3714 interdixisse
1618 3668 1800 3713 sermonum

93 3746 256 3809 latoribus
270 3747 306 3808 iu
323 3745 468 3809 &ecem
483 3747 651 3808 dictionem
666 3751 785 3807 mutata
809 3743 924 3807 barba·
978 3751 1072 3826 uitiis,
1103 3767 1174 3811 cum
1202 3753 1334 3830 propter
1360 3748 1578 3829 intelligentia
1615 3748 1801 3810 facilitatem

93 3846 214 3908 rismos
228 3851 372 3927 generat,
389 3865 450 3906 nan
465 3844 586 3925 linguae
599 3844 730 3923 Latina,
746 3842 803 3905 sed
829 3843 921 3926 culpa
978 3855 1009 3912 et
1035 3848 1122 3928 vulgi
1150 3846 1410 3909 consuetudinem
1437 3848 1594 3912 incultum
1622 3847 1698 3928 quid
1725 3845 1801 3908 reti·

92 3950 153 4018 ‘5¹2
197 3949 234 4005 ul
274 3944 397 4026 opinor,
440 3942 646 4026 interpretum
687 3942 754 4022 qui,
795 3940 922 4022 quando
978 3947 1117 4009 nendum
1145 3945 1217 4007 luit.
1247 3945 1456 4008 Fastidiosam
1494 3946 1591 4025 igitur
1618 3945 1799 4024 ineptorum

94 4062 217 4104 necesse
246 4047 304 4120 est,
330 4060 557 4104 eonsensume
579 4061 685 4114 seusu,
701 4040 757 4101 sed
772 4039 923 4101 violenter
977 4048 1185 4125 interpretum
1216 4044 1416 4105 severitatem
1444 4048 1475 4105 et
1516 4044 1557 4104 ad
1584 4042 1682 4104 verba
1707 4041 1802 4102 uitio·

93 4140 221 4202 verbum
248 4141 338 4201 edere
364 4145 519 4202 conantur
546 4159 562 4200 e
589 4137 690 4200 verbo.
729 4138 778 4200 Ad
812 4157 923 4201 sensus
976 4161 1044 4206 sam
1082 4140 1299 4205 adnmsionem
1337 4141 1487 4216 exagitat,
1537 4139 1682 4219 plurimis
1724 4136 1802 4200 loeis

93 4257 173 4301 vero
215 4239 333 4300 divium
373 4237 546 4317 Scriptores
580 4235 804 4317 exprimendos
842 4236 922 4298 adeo
975 4238 1145 4310 κακοζηλίαν
1183 4254 1336 4300 vocans:
1380 4237 1554 4318 simplicem
1582 4255 1657 4300 vero
1686 4235 1802 4317 sepius

92 4342 237 4399 attentus
251 4335 311 4398 tuit
324 4352 362 4397 sc
380 4334 546 4414 religiosus
566 4334 787 4413 Hieronymus,
818 4339 853 4395 ut
880 4333 921 4395 ab
976 4334 1093 4413 stylum
1107 4334 1251 4397 imitatus
1266 4341 1324 4409 est,
1342 4336 1418 4416 quia
1446 4335 1477 4397 in
1506 4334 1677 4415 Scripturis
1704 4335 1802 4397 saeris

92 4435 139 4497 eis
165 4434 292 4514 legibus
318 4450 398 4513 qoss
426 4431 683 4505 commemoravi,
713 4431 833 4511 seipse
859 4450 920 4493 soe·
976 4431 1168 4512 simplicium
1197 4434 1296 4496 corda
1333 4433 1439 4496 doceri
1480 4433 1589 4509 voluit,
1616 4452 1681 4495 uon
1709 4450 1803 4506 aures

92 4533 225 4613 pissime
253 4528 435 4593 absolverit.
464 4529 553 4592 Unde
582 4528 705 4590 monuit
734 4545 792 4590 uos
806 4527 860 4590 lib.
878 4546 921 4592 xu
935 4521 959 4588 lt
975 4530 1170 4591 curiosorum
1187 4529 1373 4593 demulceri.
1390 4534 1430 4593 st
1444 4531 1483 4594 de
1498 4531 1547 4593 his
1562 4531 1725 4593 hactenus.

642 4689 1162 4787 PROLEGOMENON
1195 4691 1255 4785 II.

383 4828 429 4890 ile
441 4831 585 4906 tempore
597 4823 842 4888 translationum
857 4825 1052 4907 Hieronymi,
1068 4831 1099 4888 et
1113 4843 1222 4890 earum
1238 4845 1297 4889 usu
1313 4824 1347 4887 in
1361 4823 1512 4888 Ecclesia.

92 5021 233 5086 Diverso
256 5030 402 5105 tempore,
427 5040 483 5083 nec
510 5026 632 5082 servata
653 5040 815 5082 sacrorum
831 5019 985 5083 librorum
1009 5021 1122 5084 ordine
1140 5044 1215 5085 seras
1231 5023 1387 5084 versiones
1402 5021 1505 5083 edidit
1519 5020 1746 5093 Hieronumus.
1762 5026 1801 5088 ll.

135 5105 239 5187 Apud
257 5103 387 5166 Graecm
402 5122 438 5163 ac
452 5099 700 5162 latinosstatim
715 5100 855 5162 lectitari
868 5108 1031 5183 caeperunt.
1048 5105 1100 5165 111.
1129 5104 1320 5181 Hieronymi
1347 5103 1611 5165 translationibus
1639 5106 1805 5167 utebantur

132 5185 285 5246 coetanei
299 5183 478 5252 scriptores.
496 5182 546 5244 lv.
571 5179 599 5241 T
595 5189 715 5263 empore
732 5180 890 5263 Gregorii
903 5183 1021 5264 Magni
1033 5182 1176 5245 Ecclesia
1191 5183 1343 5257 Rornana,
1362 5202 1440 5242 nova
1454 5204 1490 5242 eu
1503 5183 1648 5263 Hebrus,
1665 5191 1695 5245 et
1717 5184 1804 5245 anti-

133 5285 198 5346 qua
212 5287 251 5327 ex
269 5263 382 5327 Greco
396 5262 532 5323 editione
547 5281 605 5321 usa
619 5266 677 5324 est.
690 5263 725 5324 V.
757 5259 944 5324 Galliarum
964 5264 1144 5344 praesertim
1173 5263 1321 5325 Ecclesia
1349 5261 1623 5340 Hieronymiaenas
1647 5265 1804 5327 versiones

133 5347 256 5409 ceteris
270 5350 326 5405 ant
361 5341 502 5404 cnebant.
520 5342 572 5404 Vl.
589 5339 732 5402 Ecclesia
747 5341 903 5404 eatlrolica
918 5342 1089 5405 versionem
1103 5345 1248 5407 Latinam
1263 5344 1455 5416 Hieronymi
1460 5345 1591 5427 publico
1605 5345 1727 5406 decreta
1745 5364 1806 5406 au-

134 5424 310 5489 thenticam
346 5423 507 5501 eclaravit,
524 5427 554 5481 et
567 5441 634 5483 eam
650 5422 684 5483 in
698 5441 772 5484 suos
785 5442 863 5484 usus
878 5421 1090 5485 adhibendam
1104 5426 1251 5490 decrevit.

134 5544 163 5603 1.
179 5544 281 5605 Nemo
293 5539 507 5605 studiosorum
523 5542 581 5612 est,
598 5537 653 5617 qui
667 5539 786 5601 neseiat
815 5545 921 5600 trans·
977 5545 1138 5620 tempore,
1169 5548 1200 5606 et
1223 5542 1313 5622 quasi
1340 5540 1547 5603 tumultusrio
1585 5538 1696 5603 ordine
1725 5558 1801 5604 con-

93 5638 235 5704 lationes
261 5639 415 5705 librorum
441 5654 605 5700 sacrorum
632 5637 759 5699 Latinas
797 5637 921 5700 diverso
976 5638 1058 5701 ditas
1073 5639 1169 5703 luisse
1185 5641 1225 5704 ab
1241 5641 1443 5720 Hieronymo.
1459 5639 1533 5699 Non
1557 5638 1641 5701 enim
1670 5644 1802 5716 temere,
