3870 6120
106 208 162 265 969
327 207 330 211 ’
539 234 543 247 ·
703 210 810 265 HDER
827 207 994 262 aasabim
1012 208 1222 267 PROPHDTAE.
1761 222 1816 278 970

143 334 323 404 mittensque
338 334 367 388 et
381 330 482 389 diceas
498 346 506 388 τ
950 330 978 397 A
1029 339 1058 389 et
1071 331 1169 406 gladio
1185 339 1214 390 et
1229 333 1306 390 lame
1321 340 1486 411 consumpti
1502 357 1617 398 samus.

106 406 202 463 Nolite
217 406 320 530 lacera1
324 405 450 487 verbum
472 404 703 464 abominationis
718 405 934 480 hujuscemodi,
993 406 1185 532 ⁰⁰⁰d·⁸1³·1{¹⁰⁸
1196 407 1411 487 ‘sacrificamus
1431 413 1537 484 reginae
1552 413 1627 484 oceli,
1644 419 1672 471 et
1686 414 1815 475 libamus

202 493 300 532 aamo
323 492 373 530 ivi.
1060 493 1085 533 ei
1115 494 1120 530 i
1145 494 1267 534 emina:

107 553 143 606 Et
159 493 217 605 ng„
233 546 401 616 audierunt,
417 563 471 604 nec
490 547 707 608 inclinaverant
720 565 821 608 aorem
836 567 934 623 suam,
1024 548 1168 619 namquid
1185 548 1248 605 sine
1264 549 1334 606 viris
1349 553 1458 610 nostris
1472 554 1596 612 fecimus
1610 556 1636 613 ei
1671 556 1800 617 lacentas

179 627 214 676 ut
228 624 469 702 converterentur
484 619 602 703 amalis
619 621 692 679 suis.
1059 621 1095 703 ad
1112 618 1267 676 colendum
1282 637 1358 691 eam,
1375 629 1403 679 et
1422 625 1572 685 libandam
1588 629 1614 684 ei
1629 574 1812 687 ligaminat'

143 699 172 749 et
188 708 246 747 non
261 692 463 747 sacrificarent
476 692 533 746 diis
552 691 665 750 alienis.
987 694 1021 747 lit
1035 691 1109 747 dixit
1132 692 1277 748 ieremias
1291 695 1328 749 ad
1343 710 1459 753 omnem
1485 701 1637 772 populum,
1654 701 1807 758 adversam

104 765 142 820 Et
157 764 284 820 conllata
298 766 344 818 est
356 763 520 835 indignatio
536 781 600 820 mea
615 770 644 820 et
658 766 740 821 luror
753 781 849 836 meus,
1056 764 1145 833 viros,
1161 770 1189 818 et
1204 766 1358 821 adversum
1375 767 1524 842 mulieres,

141 841 171 891 et
185 851 328 891 succensa
343 838 389 890 est
403 834 433 889 in
448 834 617 892 civitatibus
636 837 722 908 tuda,
739 843 768 894 et
782 837 811 893 in
828 836 932 911 plateis
1021 837 1050 890 et
1064 835 1221 890 adversum
1239 835 1404 893 universam
1421 840 1547 912 plebem,

176 906 342 963 Jerusalem
359 921 366 960 ι
1022 907 1072 978 qui
1089 907 1300 978 responderant
1315 909 1339 963 ei
1355 912 1487 978 verbum,
1505 915 1629 969 dicens:

104 985 139 1037 Et
154 995 244 1036 versa
261 982 331 1033 sunt
344 976 376 1059 ia
392 976 582 1034 solitudinem
597 982 628 1034 et
641 978 671 1034 in
686 980 867 1049 vastitatem,
985 977 1134 1061 Numquid
1151 994 1208 1033 non
1224 979 1402 1037 sacrificium
1440 984 1497 1039 uod
1519 986 1707 1042 sacrificastis
1722 987 1751 1042 in
1768 987 1807 1043 ci·

141 1051 305 1107 secundum
322 1052 399 1132 diem
417 1049 501 1132 banc.
1056 1050 1196 1105 vitatibus
1210 1049 1297 1106 Juda.
1313 1057 1343 1107 et
1357 1052 1386 1106 in
1407 999 1510 1127 plateis
1524 1055 1700 1125 Jerusalem,

103 1128 139 1178 Bt
150 1138 230 1178 nano
241 1121 302 1177 baec
313 1122 384 1175 dicit
393 1120 537 1177 Dominus
547 1122 725 1179 exercituum
735 1129 812 1180 Deus
823 1122 911 1180 lsrael
923 1139 929 1180 :
1020 1137 1071 1177 vos
1087 1126 1116 1177 et
1131 1126 1229 1194 patres
1246 1124 1344 1193 vestri,

103 1198 201 1264 Quare
226 1210 277 1248 vos
306 1191 403 1248 lacitis
427 1192 539 1248 malam
564 1194 746 1268 grande(At.
772 1195 837 1252 add.
865 1196 930 1268 boc)
1021 1208 1105 1265 reges
1120 1193 1219 1259 vestri,
1235 1197 1263 1248 et
1278 1196 1426 1269 principes
1440 1197 1541 1268 vestri,

179 1269 282 1321 contra
296 1265 412 1319 animas
425 1268 548 1330 vestras,
1021 1268 1051 1320 et
1065 1262 1191 1336 popalus
1206 1269 1298 1333 terra,

140 1342 175 1393 ut
188 1338 316 1393 intereat
327 1352 362 1391 ex
377 1335 459 1391 vobis
474 1337 518 1392 vir
532 1341 562 1392 et
576 1335 692 1407 mulier,
1021 1335 1127 1392 borum
1143 1337 1313 1392 recordatus
1328 1343 1373 1394 est
1386 1339 1541 1412 Dominus,

139 1408 283 1481 parvulae
298 1409 328 1463 et
343 1407 454 1463 lactens
469 1408 504 1464 ds
520 1408 616 1464 medio
630 1411 643 1464 J
649 1409 722 1477 uda,
1022 1413 1050 1464 et
1065 1407 1198 1463 ascendit
1212 1424 1301 1480 super
1315 1426 1365 1466 cor
1379 1412 1467 1484 ejus?

140 1497 179 1536 ne
195 1478 382 1552 relinquatur
395 1480 478 1535 vobis
491 1479 654 1562 quidquam
671 1480 823 1537 residuum
840 1498 847 1549 ;
986 1478 1020 1535 at
1034 1495 1100 1561 nou⁸
1108 1483 1222 1551 poterat
1232 1478 1375 1538 Dominus
1390 1483 1468 1539 ultra
1483 1488 1597 1555 portare
1613 1488 1731 1557 propter
1746 1504 1808 1544 ma·

105 1554 301 1609 Provocantes
316 1566 363 1606 me
377 1550 407 1605 ia
423 1554 562 1621 operibus
579 1567 721 1608 manuum
735 1557 912 1622 vestrarum,
1056 1550 1151 1606 littam
1167 1549 1332 1608 studiorum
1348 1559 1523 1623 vestrorum,

106 1624 301 1681 sacrificando
316 1621 375 1678 diis
388 1620 504 1693 alienis,
520 1623 550 1678 in
565 1628 643 1680 terra
656 1624 781 1696 AEgypti,
986 1626 1015 1678 et
1051 1628 1150 1694 ropter
1164 1622 1396 1682 abominationes
1412 1642 1487 1698 quas
1502 1625 1624 1684 lecistis.

140 1697 172 1750 iii
188 1711 279 1766 qaam
295 1692 504 1776 ingressiestis,
522 1700 555 1751 ut
570 1694 708 1751 habitetis
722 1696 763 1751 ibi
779 1711 787 1751 z
946 1701 970 1766 B
986 1639 1110 1750 Dilecta
1124 1698 1168 1749 est
1183 1699 1261 1750 terra
1276 1702 1372 1752 vestra
1387 1697 1416 1753 in
1433 1697 1654 1766 desolationem,

140 1773 171 1823 et
186 1766 370 1838 dispereatis,
388 1770 416 1820 et
431 1766 503 1821 satis
520 1767 548 1821 in
564 1766 810 1836 maledictionem,
1022 1774 1049 1821 et
1065 1768 1093 1820 in
1109 1771 1272 1837 stuporem,
1288 1772 1316 1823 et
1339 1768 1370 1823 iii
1386 1769 1586 1835 maledictum,

139 1844 170 1894 et
186 1839 217 1893 in
235 1837 425 1909 opprobrium
442 1839 556 1892 cunctis
571 1839 708 1910 gentibus
724 1837 829 1893 terra?
1021 1855 1054 1893 eo
1071 1838 1147 1908 quod
1165 1855 1220 1892 non
1236 1838 1274 1892 sit
1290 1840 1438 1896 habitator
1457 1840 1533 1897 sicut
1545 1847 1590 1896 rst
1605 1843 1667 1899 (lies
1682 1844 1753 1899 bico.

106 1910 257 1982 Numquid
279 1907 361 1965 obliti
380 1910 452 1964 estis
477 1909 554 1966 mala
576 1915 694 1982 patrum
717 1915 888 1977 vestrorem,
904 1912 933 1964 et
987 1911 1141 1981 Propterea
1158 1910 1236 1981 qaod
1252 1911 1485 1968 sacrificaveritis
1500 1912 1597 1977 idolis,

179 1981 257 2037 maia
272 1996 374 2052 regam
389 1979 476 2045 Juda,
1021 1986 1050 2038 et
1057 1980 1253 2108 lpeccaveritis
1274 1983 1406 2052 Domino,
1423 1989 1451 2040 et
1465 2001 1523 2041 aon
1543 1985 1696 2042 audieritis
1710 2002 1809 2043 vocem

141 2057 172 2107 et
189 2052 268 2108 mala
283 2068 406 2107 uxorum
423 2053 498 2123 ejus,
1082 2051 1184 2119 omini,

142 2130 174 2180 et
189 2124 269 2180 mala
281 2128 389 2186 vestra,
1022 2124 1095 2195 etin
1112 2122 1186 2196 lege,
1201 2128 1231 2180 et
1245 2123 1275 2180 in
1292 2125 1454 2197 praeceptis,
1469 2131 1499 2184 et
1511 2127 1543 2186 ia
1555 2125 1730 2186 testimoniis
1746 2128 1810 2200 ejus

142 2200 174 2252 et
187 2196 267 2251 mala
281 2210 404 2251 uxorum
420 2198 594 2265 vestrarum,
1059 2211 1117 2251 non
1132 2195 1355 2253 ambulaveritis
1370 2215 1377 2253 :

143 2285 211 2340 qua
227 2267 359 2323 lecerunt
373 2266 403 2321 in
418 2270 496 2323 terra
511 2266 597 2339 Juda,
614 2270 642 2323 et
656 2266 687 2323 ia
702 2267 871 2341 regionibus
885 2267 933 2324 to·
987 2269 1097 2327 idcirco
1111 2272 1270 2324 evenerunt
1283 2268 1366 2324 vobis
1381 2267 1459 2326 mala
1472 2269 1543 2339 bisc,

181 2338 334 2395 casalem?
1058 2338 1136 2394 sicut
1149 2344 1192 2395 est
1206 2340 1268 2395 dies
1283 2339 1354 2396 bec.

99 2409 170 2467 Nori
189 2414 261 2467 suat
276 2408 409 2466 mundati
424 2424 518 2484 nsque
533 2409 568 2465 ad
584 2409 663 2467 diem
677 2409 752 2468 bano
769 2427 776 2467 :
988 2409 1067 2467 Dixit
1081 2415 1178 2467 sutem
1191 2411 1335 2468 ieremias
1355 2412 1392 2468 ad
1418 2428 1534 2470 omnem
1560 2413 1714 2488 populum,
1731 2417 1759 2469 et
1773 2413 1810 2469 ad

140 2488 173 2538 et
188 2499 248 2539 aon
264 2482 438 2548 timuerunt,
1059 2482 1213 2538 universas
1228 2481 1365 2539 mulieres
1382 2497 1389 2540 :

139 2559 172 2610 et
187 2570 247 2611 non
264 2553 489 2608 ambulaverunt
505 2552 534 2607 ia
550 2551 614 2625 lege
627 2552 755 2609 Domini.
986 2553 1092 2610 Audite
1104 2554 1226 2609 verbum
1242 2553 1369 2621 Domini,
1386 2555 1483 2611 omnis
1497 2557 1585 2626 tuda,

138 2631 171 2682 et
187 2627 217 2681 in
234 2623 387 2697 preceptis
403 2623 487 2691 meis,
972 2687 974 2692 ,
1059 2624 1108 2695 qui
1125 2624 1196 2680 estis
1211 2625 1241 2680 iri
1256 2631 1335 2681 terra
1346 2626 1460 2707 AEgppti
1477 2644 1483 2682 :

138 2714 209 2769 qaae
226 2697 292 2753 dedi
309 2712 408 2751 caram
420 2695 502 2752 vobis
516 2699 545 2750 et
560 2711 657 2751 coram
671 2697 806 2768 patribus
814 2695 932 2754 vostris.
988 2700 1054 2752 Hac
1064 2696 1308 2768 inquitDominus
1319 2697 1581 2753 exarcitnamDeus
1591 2696 1808 2763 lsraeldicans:

96 2770 181 2826 Ideo
196 2769 260 2824 hmo
274 2768 345 2823 dicit
359 2767 502 2823 Dominus
516 2768 696 2824 exercituum
715 2769 789 2824 liciis
806 2768 906 2825 lsrael.
987 2767 1046 2824 Vos
1062 2772 1091 2824 at
1105 2783 1210 2823 uxores
1225 2773 1335 2834 vestra,
1352 2767 1442 2823 locuti
1458 2769 1528 2824 estis
1544 2785 1593 2823 ore
1607 2774 1728 2839 vestro,=

96 2841 184 2898 Eece
200 2856 253 2911 ego
269 2855 376 2911 ponam
392 2839 496 2894 taciem
509 2855 604 2895 meam
620 2839 650 2894 in
667 2840 748 2896 vobis
759 2841 788 2896 in
803 2840 933 2897 malum:
1024 2844 1053 2894 et
1067 2838 1205 2895 manibus
1219 2841 1326 2896 vestris
1340 2838 1497 2910 implestis,
1512 2839 1642 2895 dicentes
1658 2857 1666 2896 :

139 2919 173 2969 ot
189 2911 358 2984 disperdam
374 2926 493 2966 omnem
507 2909 626 2967 dudam.
990 2911 1141 2967 Faciamus
1155 2916 1222 2966 vota
1237 2914 1347 2981 nostra,
1364 2927 1428 2983 quai
1444 2911 1586 2973 vovimus.

89 2984 138 3041 Ei
156 3000 312 3040 assumam
332 2981 473 3054 reliquias
493 2981 585 3051 luda,
601 2981 651 3053 qui
667 2987 831 3054 posuerant
845 2983 934 3041 iacies
1025 2988 1058 3039 ut
1072 2982 1272 3040 sacrificemus
1294 2981 1401 3055 reginae
1421 2980 1496 3050 cmii,
1513 2987 1542 3039 et
1555 2982 1681 3039 libemus
1696 2980 1722 3038 ai
1737 2980 1812 3037 libn-

181 3071 253 3111 suas
269 3057 301 3109 ut
316 3053 538 3126 ingrederentur
552 3058 659 3110 terrain
676 3054 801 3128 AEgypti,
947 3065 970 3135 fl
1061 3055 1151 3110 mina.
1830 3058 1833 3063 '

140 3132 174 3184 et
189 3126 358 3182 habitarent
372 3124 413 3181 ibi
428 3142 434 3180 :
990 3125 1139 3198 Implestis
1154 3127 1221 3181 vota
1234 3127 1340 3194 vestra,

98 3205 143 3255 Et
158 3203 377 3254 consumentur
390 3211 493 3253 omnes
508 3196 537 3251 in
552 3200 631 3253 terra
644 3196 760 3270 AEgypti
776 3215 783 3253 :
1024 3203 1053 3255 et
1068 3213 1153 3271 opere
1169 3196 1360 3269 perpetrastis
1375 3212 1420 3252 ea.

140 3271 252 3327 cadant
266 3269 296 3324 in
312 3268 409 3341 gladio
424 3272 453 3324 et
466 3268 496 3323 in
513 3268 589 3325 lame
606 3285 613 3324 :
989 3271 1057 3327 Ideo
1072 3268 1173 3326 audite
1187 3269 1309 3324 verbum
1327 3266 1455 3338 Domini,
1471 3267 1568 3325 omnis
1582 3267 1669 3335 Juda,

140 3347 173 3428 et
188 3346 404 3422 consumentur
419 3357 435 3394 a
450 3338 573 3423 minim-o
590 3357 684 3413 iisque
703 3341 738 3396 ad
760 3340 933 3412 maximum,
1025 3342 1075 3415 qui
1091 3339 1276 3424 habitatisin
1291 3344 1368 3422 terra
1382 3339 1496 3412 AEgypti
1512 3356 1519 3395 :
1629 3409 1635 3422 .
1733 3408 1739 3420 .

89 3412 847 3555 altstidii‘illilalluli‘illi‘arrianam,
862 3488 889 3540 a
904 3484 934 3540 a
989 3409 1814 3559 tittrttttttttttittttttlttit‘tttttt

182 3555 429 3626 maledictionem,
1061 3574 1095 3613 ox
1110 3570 1159 3612 ore
1174 3555 1271 3611 omnis
1286 3554 1339 3611 viri
1353 3553 1369 3609 J
1374 3554 1447 3610 adai
1462 3554 1586 3611 dicentis
1603 3571 1609 3608 :

140 3633 173 3686 et
189 3629 218 3683 in
236 3626 428 3699 opprobrium
988 3628 1067 3684 Vivit
1082 3627 1224 3684 Dominus
1239 3626 1327 3692 Dens,
1344 3631 1372 3681 et
1387 3627 1417 3681 ia
1433 3626 1513 3681 omni
1529 3630 1606 3680 terra
1621 3623 1745 3695 AEgypti.

88 3699 140 3758 Et
155 3699 286 3756 visitabo
301 3714 390 3770 super
405 3697 585 3754 habitatores
599 3700 683 3754 terrm
701 3698 827 3773 AEgypti,
988 3702 1061 3758 Dcce
1077 3714 1127 3769 ogo
1143 3696 1269 3769 vigilabo
1294 3712 1448 3774 superans
1463 3698 1492 3752 in
1516 3694 1639 3762 malum,
1654 3701 1683 3750 et
1699 3710 1756 3748 non
1783 3693 1812 3746 iii

141 3768 646 3842 sieutvisitavisuper-Ierusalem,
744 3825 746 3829 ,
1060 3771 1195 3826 bonum:

95 3841 937 3986 sitdtt‘dltttttttrititiam,iana
1026 3834 1814 3985 2¹ltiiitdltliiidi*”llllmmm

1180 3953 1213 3980 i,
1436 3949 1443 3974 i

181 3986 364 4054 iudaeorum,
492 3957 499 3984 ⁹
1028 3979 1493 4054 donacpenltasconsumantur.

146 4058 200 4130 qui
226 4059 348 4125 vadunt,
366 4061 398 4111 ot
412 4054 635 4128 peregrinentur
653 4056 682 4111 in
699 4060 777 4113 terra
800 4055 937 4131 AEgypti:
992 4062 1026 4114 [tt
1042 4055 1093 4129 qul
1107 4053 1233 4127 lugerint
1249 4050 1390 4125 gladium,
1782 4116 1789 4128 ·
1809 4115 1815 4126 ι

99 4128 146 4187 Et
161 4134 347 4185 revertantur
360 4128 390 4183 in
404 4132 511 4185 terrain
525 4127 541 4183 J
546 4128 613 4197 uda,
1029 4130 1212 4186 revertentur
1225 4123 1261 4181 de
1275 4129 1354 4180 tarra
1367 4123 1481 4196 AEgypti
1502 4123 1531 4178 in
1548 4126 1657 4180 terram
1672 4119 1687 4176 J
1692 4119 1749 4175 uda
1763 4133 1817 4173 viri

145 4202 183 4257 ad
200 4217 293 4272 quam
309 4200 363 4272 ipsi
384 4198 498 4256 elevant
512 4199 627 4256 animas
643 4215 723 4269 suas,
736 4203 768 4255 nt
792 4201 938 4256 revertan·
1066 4198 1151 4272 pauci
1169 4212 1176 4252 ε
1682 4263 1688 4274 ι

183 4282 242 4341 lul,
260 4277 290 4327 02
305 4271 438 4328 habitent
453 4271 493 4326 lbi
511 4288 517 4327 :
820 4293 825 4305 ·
994 4276 1031 4332 Dt
1045 4272 1139 4329 scient
1154 4284 1256 4326 omnes
1278 4265 1408 4338 reliquia
1425 4266 1502 4323 Juda
1517 4263 1743 4338 ingredientium
1760 4265 1819 4316 tcr·

147 4361 208 4401 non
225 4348 418 4407 revertentur,
436 4342 493 4399 nisi
508 4341 559 4414 qai
574 4341 712 4414 lugerint
1067 4359 1130 4400 ram
1145 4338 1270 4413 AEgypti
1288 4343 1320 4394 ut
1334 4337 1468 4395 babitent
1482 4337 1534 4407 ibi,

99 4415 343 4489 Responderunt
358 4419 455 4471 autem
470 4412 602 4469 ieremias
618 4430 721 4469 omnes
734 4412 799 4484 viri,
815 4415 942 4471 scientes
958 4444 983 4512 D
1033 4416 1118 4486 anus
1134 4428 1236 4494 sermo⁸
1247 4409 1439 4493 compleatur,
1456 4426 1552 4494 mans,
1568 4405 1750 4475 anitiorum,

187 4487 268 4559 quod
291 4487 489 4544 sacrificarent
513 4501 616 4541 uxores
631 4501 730 4542 eoram
747 4485 804 4542 diis
826 4486 943 4554 alienis,
999 4483 1198 4546 athenionis
1214 4496 1343 4555 signnm,
1358 4484 1399 4537 ait
1413 4481 1568 4546 Dominus,

148 4563 178 4617 et
194 4557 340 4615 universa
357 4555 507 4626 mulieres,
523 4572 649 4629 quarum
664 4558 763 4613 stabat
784 4556 944 4615 multitudo
1036 4557 1114 4631 quod
1130 4555 1245 4611 visitem
1260 4569 1314 4625 ego
1329 4568 1418 4626 super
1431 4569 1483 4610 vos
1498 4552 1527 4608 in
1543 4550 1606 4607 loco
1621 4550 1678 4606 isto
1695 4563 1702 4603 ε
1816 4615 1821 4626 ⁸

186 4628 323 4703 grandis,
1037 4635 1070 4688 ut
1084 4626 1185 4684 sciatis
1200 4625 1270 4697 quia
1281 4640 1349 4681 iere
1363 4623 1584 4697 complebuntur
1599 4635 1750 4679 sermones
1766 4633 1824 4673 mei

150 4707 181 4759 et
196 4703 298 4758 omnis
324 4701 452 4774 popalus
476 4699 674 4757 habitantium
689 4699 719 4755 in
735 4704 812 4757 terra
831 4699 947 4775 AEgvpti
1071 4703 1174 4757 contra
1187 4696 1284 4780 vos'in
1300 4695 1424 4753 malum.

189 4773 221 4829 in
239 4773 397 4841 Pbatares,
413 4771 566 4829 dicentes:
1002 4776 1066 4831 ttae
1081 4770 1154 4828 dicit
1167 4769 1310 4826 Dominus
1327 4785 1333 4821 :
1819 4830 1825 4843 ο

107 4849 304 4912 Sermonem,
322 4860 409 4917 qoem
438 4842 554 4901 locutas
576 4859 607 4899 es
631 4843 668 4900 ad
696 4859 750 4900 nos
774 4843 805 4900 in
830 4843 948 4902 nomine
1001 4839 1467 4924 liccaegotradamearaonem
1479 4833 1828 4920 EphreeregemAEgypti

189 4916 323 4986 Domini,
340 4933 398 4974 acii
414 4916 570 4973 audiemus
585 4930 620 4971 ex
634 4920 663 4971 te
680 4929 687 4970 :
1074 4915 1105 4971 in
1121 4929 1211 4970 mann
1233 4927 1417 4966 inimicorum
1442 4925 1517 4982 epus,
1532 4914 1561 4964 et
1585 4925 1614 4964 in
1639 4922 1728 4963 manu
1747 4919 1828 4975 qum·

151 4984 948 5061 sediacientesiaciemusomneverbumquodegre·
1074 4981 1469 5043 rentiumanimamiltius:
1590 5051 1597 5063 ·
1751 5045 1759 5067 Y

190 5060 292 5116 dietur
306 5061 342 5117 de
358 5076 409 5117 ore
422 5065 534 5116 nostro.
1003 5059 1085 5116 Sicut
1098 5054 1207 5114 tradidi
1221 5053 1369 5111 sedeciam
1387 5069 1484 5125 regem
1496 5051 1513 5108 J
1517 5052 1575 5108 uda
1589 5068 1619 5107 in
1635 5065 1723 5106 maiia
1735 5045 1830 5101 babu-

151 5136 190 5189 ut
205 5130 411 5189 sacrificemus
431 5131 538 5204 regina
553 5129 630 5201 ciali,
643 5132 672 5186 et
691 5127 819 5187 libamus
833 5130 859 5188 ei
874 5130 948 5189 liba·
1075 5129 1259 5209 chodoncsor
1273 5125 1351 5209 regis
1366 5123 1522 5208 Babylonis
1538 5122 1649 5179 inimici
1666 5119 1723 5187 sui,

193 5203 288 5273 mina,
1039 5205 1069 5258 et
1083 5203 1241 5272 querentis
1257 5213 1387 5254 animam
1404 5213 1479 5268 epus.
1715 5259 1720 5270 Ι

147 5275 235 5332 sicut
251 5273 376 5332 lecimus
391 5291 456 5343 nos,
472 5278 501 5331 et
513 5276 614 5358 patres
629 5271 735 5342 nostri,
1003 5274 1081 5348 (Cap.
1098 5269 1332 5343 XLV.)Verbam
1343 5269 1419 5351 quod
1432 5268 1548 5348 locutas
1559 5261 1832 5340 estseremnspro·

147 5362 243 5421 reges
258 5346 365 5411 nostri,
381 5351 411 5404 et
425 5342 575 5420 principes
590 5345 694 5412 nostri,
1075 5343 1165 5416 pheta
1179 5342 1215 5399 ad
1230 5341 1345 5397 Barucb
1358 5339 1452 5396 tilium
1468 5338 1571 5401 Neria,
1584 5348 1650 5415 cum
1662 5330 1833 5401 scripsisset

146 5420 184 5476 in
201 5418 331 5476 urbibus
343 5417 432 5487 inda,
448 5421 477 5474 et
492 5416 522 5474 in
538 5417 643 5490 plateis
656 5414 820 5472 ierusalem
837 5432 844 5472 :
1076 5414 1165 5471 verba
1178 5414 1240 5469 bac
1255 5412 1286 5468 ia
1301 5411 1377 5468 libro
1393 5412 1429 5467 de
1444 5425 1494 5492 ore
1510 5408 1653 5488 ieremias,
1737 5470 1743 5482 ,

106 5493 145 5551 Bt
161 5490 296 5548 saturati
312 5504 419 5546 sumas
434 5487 572 5561 panibus,
583 5492 612 5545 ot
626 5487 700 5544 bene
715 5487 801 5543 nobis
1041 5503 1119 5543 anno
1129 5489 1236 5570 quarto
1246 5483 1357 5540 Joacim
1370 5482 1420 5538 tilii
1434 5481 1521 5537 dosia
1533 5473 1705 5549 regisiudssi
1715 5470 1832 5526 dtffllffl

190 5567 270 5630 erat,
286 5560 458 5634 malamque
474 5576 531 5617 non
548 5559 699 5617 vidimus:
1006 5559 1070 5614 llac
1086 5558 1160 5614 dicit
1174 5555 1317 5614 Dominus
1332 5561 1410 5613 Deus
1427 5551 1517 5609 lsrael
1532 5551 1568 5606 ad
1585 5552 1623 5616 te,
1641 5541 1755 5601 Baracb
1771 5558 1779 5599 :

105 5638 153 5697 Ex
171 5650 210 5692 eo
226 5641 325 5691 sutem
349 5638 491 5705 tempore,
505 5648 565 5704 quo
580 5631 761 5689 cessavimus
785 5628 950 5688 sacrificare
1005 5629 1135 5687 Dixisti:

190 5706 303 5780 reginis
317 5704 394 5775 cosli,
410 5708 441 5761 et
455 5703 547 5762 libare
561 5704 588 5761 si
603 5701 755 5771 libamina,
1003 5701 1051 5758 Va
1068 5699 1141 5758 mibi
1156 5700 1264 5757 misero
1296 5768 1301 5780 ¹
1735 5756 1744 5771 ⁸

143 5778 330 5853 indigemus
344 5775 495 5844 omnibns,
1040 5771 1179 5846 qnoniam
1193 5768 1322 5828 addtidit
1335 5766 1488 5825 Dominus
1500 5763 1644 5822 dotorem
1654 5759 1759 5816 batem
1780 5766 1873 5816 maa,
