3870 6120
107 182 176 239 ibib
635 188 665 240 B.
687 187 889 242 iitneoitiilt
909 183 1037 238 DIVINA
1055 179 1304 237 eletioiiiiica.
1750 176 1814 233 illell

142 307 340 364 immolabunt
355 322 467 376 carnes,
487 310 515 362 et
529 309 700 365 comedent:
956 308 980 374 Α
997 308 1119 378 Propter
1142 302 1284 360 maiitiam
1300 299 1542 360 adinventionum
1560 313 1679 368 eccum,
1691 299 1727 357 ile
1740 301 1815 361 domo

144 381 287 436 Dominus
306 395 364 434 nan
381 379 523 450 suscipiet
539 394 599 434 eas.
1069 393 1133 433 mea
1148 375 1264 448 ejiciam
1279 389 1352 454 eos:

109 451 196 509 Nunc
220 451 424 505 recordabitur
439 449 607 521 iniquilatis
628 467 741 520 eorum,
758 455 787 507 et
809 451 942 507 visitabit
1032 464 1090 506 non
1106 448 1224 515 addam,
1240 450 1273 501 ut
1288 443 1408 516 diligam
1423 459 1484 500 ees.

183 527 301 595 peecata
318 537 419 576 aarum
435 538 441 574 :
1032 536 1135 576 omnes
1152 517 1298 591 principes
1313 530 1413 572 aarum
1429 514 1615 572 recedentes.

148 594 204 663 ipsi
221 595 255 648 iad
272 591 424 664 AEpyptum
441 597 658 648 convertentur.
996 594 1157 647 Percussus
1170 595 1216 645 est
1232 587 1382 660 Ephraim,

114 666 145 719 El
173 666 285 718 oblitus
303 672 347 719 est
377 664 599 720 tsracttactoris
629 664 856 733 sui‚aedifieavit
888 666 941 720 de·
1032 663 1114 718 radix
1129 678 1230 718 eorum
1245 659 1390 717 exsiccata
1403 660 1465 714 est:

187 736 296 790 bibra:
1032 737 1161 791 fructum
1178 747 1366 803 nequaquam
1380 728 1497 786 facient.

150 814 177 861 el
192 806 284 862 indas
299 805 504 878 multiplicavit
519 807 607 862 urbes
622 807 767 864 munitas:
1032 806 1113 871 Oucd
1129 811 1158 861 ct
1173 804 1196 860 si
1213 803 1380 876 genuerint,
1509 872 1514 883 Ι

120 881 153 935 El
171 879 287 933 iiiitlani
304 878 401 948 igneiii
416 878 445 932 in
460 879 592 933 civitates
607 879 682 949 ejus,
1033 876 1208 933 interficiam
1224 874 1427 930 amantissima
1441 876 1515 954 uteri
1528 887 1653 927 eorum.

154 957 183 1004 et
198 950 350 1004 devorabit
364 949 440 1004 aedes
456 948 547 1015 iltius,
997 949 1122 1021 llbjiciet
1136 963 1186 1004 eos
1201 947 1277 1002 Deus
1292 961 1387 1013 metis,
1401 959 1470 1015 quia
1486 960 1545 1001 nun
1557 944 1725 1001 audierunt
1739 963 1800 1003 eain

117 1024 196 1094 (Cup.
212 1022 267 1090 iit.)
297 1019 362 1075 Noli
386 1020 490 1089 lateri,
520 1018 611 1075 tsreet
625 1020 683 1076 noli
699 1020 845 1077 exsultare
865 1022 943 1079 sicut
1033 1033 1060 1077 et
1074 1024 1163 1076 crunt
1178 1019 1241 1089 vagi
1253 1017 1283 1072 in
1299 1016 1481 1073 nationibus.

189 1091 307 1164 populi:
994 1094 1075 1167 (Cap.
1092 1091 1142 1160 Χ.)
1159 1089 1234 1145 Vitis
1249 1088 1387 1144 frondosa
1403 1085 1502 1148 israel,

153 1166 223 1235 qaia
235 1164 399 1218 l'ornicatus
415 1177 446 1215 cs
460 1179 477 1217 a
493 1161 550 1217 Deo
567 1167 628 1218 tuo.
1035 1165 1148 1218 fructus
1164 1161 1337 1287 adaepuatus
1352 1170 1398 1215 eet
1412 1157 1458 1214 ei:
1592 1229 1598 1240 .

156 1233 283 1290 dilexisti
299 1234 461 1290 mercedem
478 1250 566 1305 super
581 1250 684 1290 omnes
699 1250 782 1291 arces
796 1235 905 1291 trilici:
998 1234 1170 1291 Secundum
1187 1232 1405 1288 mutitudinem
1423 1230 1535 1285 fractus
1551 1245 1599 1284 eiii
1626 1229 1821 1304 multiplicarit

120 1311 194 1361 Aren
209 1313 238 1361 et
253 1305 382 1361 torcular
396 1320 453 1360 non
469 1310 569 1376 pascet
584 1321 644 1373 eos,
1075 1305 1192 1373 altaria,

156 1383 184 1433 et
197 1378 296 1432 vinum
314 1376 470 1432 mentietur
484 1377 536 1432 eis.
1028 1378 1114 1449 juxta
1129 1377 1290 1431 ubertatem
1304 1378 1387 1430 terrae
1398 1388 1457 1427 sua
1468 1371 1645 1455 enuberavit
1656 1372 1821 1433 simulacris.

120 1448 183 1504 Non
200 1448 377 1504 habitabunt
392 1448 421 1503 in
438 1452 515 1503 terra
530 1447 665 1504 Domini:
999 1449 1135 1504 Divisum
1145 1451 1191 1503 est
1206 1462 1258 1502 eor
1272 1461 1385 1513 eorum,
1400 1460 1479 1500 nune
1493 1445 1677 1513 interibunt,

156 1537 290 1576 reversus
306 1526 350 1576 est
365 1519 501 1592 Ephraim
517 1521 547 1575 iii
561 1523 730 1592 AEgyptom,
1032 1520 1096 1593 ipse
1112 1517 1276 1589 confringet
1291 1515 1449 1574 simulacra
1463 1531 1580 1582 eorum,
1595 1515 1820 1589 depopulabitur

157 1598 186 1647 et
201 1592 229 1646 in
246 1592 374 1664 Assyriis
390 1591 535 1663 poliutum
551 1591 686 1648 eomedit.
1072 1607 1138 1647 aras
1153 1605 1265 1646 eorum.

123 1664 185 1719 Noii
201 1663 337 1719 libabunt
352 1663 474 1719 Domino
489 1663 602 1732 vinum,
616 1667 645 1718 et
660 1678 717 1718 non
734 1661 892 1734 placebunt
907 1663 943 1719 ei:
962 1663 987 1729 Β
1003 1663 1075 1727 Ouia
1091 1678 1168 1718 nunc
1184 1662 1299 1716 dicent:
1315 1658 1378 1715 Non
1395 1662 1440 1715 ast
1454 1674 1503 1714 rei
1519 1657 1633 1714 nohis:

159 1735 302 1790 sacrificia
317 1750 430 1803 eorum,
444 1733 529 1805 quasi
545 1734 630 1806 panis
644 1733 819 1806 lugentium.
1039 1751 1096 1791 aon
1112 1734 1191 1789 enim
1207 1733 1347 1788 timemus
1362 1729 1539 1786 Dominumz

123 1806 291 1878 tliiinesqui
304 1806 519 1876 comedentlitt.
532 1806 700 1877 comedunt)
711 1822 790 1873 eum,
802 1805 944 1862 contami·
1035 1810 1064 1862 et
1080 1822 1129 1861 rex
1145 1804 1215 1876 quid
1232 1800 1439 1885 faciet-nobis?
1471 1873 1476 1883 Ι
1494 1872 1500 1883 ο

160 1879 326 1933 nabuntur:
1000 1872 1811 1949 Loquiminiverbavisionisinutiiis,etferietiefoedua:

125 1950 198 2013 Ouia
213 1950 298 2021 panis
309 1964 410 2005 eorum
426 1948 529 2003 anima
545 1948 689 2019 ipsorum,
1036 1946 1336 2021 atgerminabitquasi
1345 1943 1510 2001 amaritudo
1516 1945 1665 2017 judicium
1673 1945 1810 2019 supersut-

161 2037 217 2076 non
235 2021 356 2075 intrabit
377 2020 430 2091 (it.
445 2019 610 2090 intrabunt)
627 2021 655 2074 in
673 2021 794 2074 domum
816 2018 946 2076 Domini.
1071 2036 1121 2075 cos
1136 2018 1210 2091 agri.

125 2093 199 2156 Quid
217 2092 328 2145 facialis
343 2091 373 2143 in
389 2091 436 2144 dia
451 2091 587 2155 automni,
1000 2092 1111 2148 Vaccae
1126 2089 1284 2146 tietb-Aren
1301 2085 1455 2143 coluerunt
1467 2086 1653 2145 habitatores
1668 2089 1806 2145 Samaria:

160 2163 189 2217 in
206 2162 253 2217 die
270 2161 436 2217 festivitatis
451 2160 593 2215 Domini?
1037 2163 1107 2235 quia
1120 2160 1196 2217 luxit
1208 2176 1297 2232 super
1311 2175 1376 2214 eum
1395 2158 1522 2230 populus
1537 2159 1616 2230 ejus,

125 2234 198 2288 Ecce
213 2232 290 2287 enim
308 2232 426 2304 profecti
443 2238 513 2286 sunt
527 2249 544 2286 a
558 2231 709 2287 vastitate:
1037 2240 1066 2291 et
1080 2233 1179 2289 editui
1194 2232 1258 2304 ejus
1273 2245 1441 2303 supereum
1457 2230 1683 2287 exsultaverunt
1693 2230 1722 2286 iii
1732 2229 1803 2303 gioria

160 2308 298 2375 AEgyptus
312 2303 502 2374 congregabit
517 2319 577 2371 eos,
1073 2306 1148 2377 ejus,

126 2375 269 2446 ttempbis
284 2375 405 2446 sepeliet
418 2390 484 2429 eoa:
1039 2382 1109 2448 quia
1124 2373 1261 2447 migravit
1272 2372 1307 2429 ab
1323 2389 1368 2428 eo.

127 2445 325 2501 Desiderabite
349 2450 503 2517 argentum
519 2460 619 2500 eorum
636 2445 731 2501 urtica
753 2444 948 2501 haereditabit.
1003 2448 1155 2520 Siquidem
1171 2450 1199 2501 et
1213 2445 1276 2517 ipse
1290 2444 1320 2499 iii
1335 2443 1555 2500 Assurdetatus
1570 2448 1628 2512 est,
1642 2459 1747 2500 munus
1760 2441 1802 2514 regi

161 2516 249 2588 lappa
266 2517 296 2571 in
311 2517 510 2573 tabernacutis
525 2532 637 2572 eorum.
1075 2518 1161 2574 ultori
1176 2534 1184 2572 ι

126 2591 277 2644 Venerunt
291 2589 353 2644 dies
377 2587 563 2656 visitationis,
579 2592 722 2644 venerunt
736 2588 800 2644 dies
823 2589 945 2644 retribu·
1040 2590 1173 2648 confusio
1191 2586 1326 2658 Ephraim
1337 2585 1441 2658 capiet,

198 2660 307 2715 tionis:
629 2694 631 2699 ·
1040 2668 1069 2718 et
1082 2660 1277 2718 confundetur
1289 2657 1378 2714 israel
1393 2658 1422 2714 in
1439 2656 1589 2714 voluntate
1605 2675 1670 2716 sua.

162 2732 265 2786 scitote
278 2729 368 2786 Israel
382 2728 507 2786 stultum
522 2730 844 2803 prophetam,insanum
855 2732 950 2787 virum
1005 2734 1143 2791 Transire
1158 2731 1225 2787 fecit
1240 2729 1373 2785 Samaria
1388 2745 1484 2803 regem
1502 2747 1593 2785 suum

201 2802 398 2874 spirituatem,
1040 2804 1125 2878 quasi
1141 2821 1155 2860 s
1178 2817 1278 2858 umam
1294 2817 1382 2872 anper
1398 2802 1501 2857 taciem
1519 2818 1613 2871 aquae.

165 2873 512 2955 proptermultitudiaem
523 2872 690 2946 iniquitatis
703 2877 807 2945 tumet
818 2871 950 2930 multitu·
1006 2878 1039 2933 di
1053 2821 1262 2948 dispergentur
1276 2870 1405 2929 exrcelsa
1416 2872 1497 2942 idoli,
1514 2879 1652 2943 pecatum
1668 2872 1760 2929 feriet:

200 2946 298 3001 dinem
316 2945 461 3000 ementior.
1043 2948 1131 3031 lappa
1146 2950 1174 3002 et
1188 2942 1317 3000 tributus
1331 2946 1468 3000 ascendet
1483 2960 1573 3016 super
1588 2961 1655 3001 arae
1669 2957 1770 3002 eorum:

125 3014 295 3088 Speculator
318 3015 455 3086 ilphraim
467 3032 533 3070 cum
550 3016 608 3072 Deo
623 3032 703 3073 meo:
967 3016 989 3083 G
1008 3023 1043 3077 til
1057 3020 1156 3075 dicent
1170 3015 1336 3072 montibus:
1353 3014 1471 3087 Dperite
1485 3032 1559 3085 nos;

163 3086 304 3159 propheta
320 3087 443 3158 iaqueus
453 3087 699 3144 ruinaefaetusest
713 3088 844 3160 (itt.tucet
855 3087 950 3143 factas
1039 3097 1068 3148 et
1081 3088 1204 3146 coitibus
1218 3104 1225 3143 :
1240 3088 1445 3158 caditesuper
1458 3104 1522 3143 nos.

198 3159 255 3229 est)
271 3174 361 3229 super
375 3174 476 3213 omnes
490 3158 553 3213 vias
568 3160 643 3230 ejus.
1004 3171 1040 3228 Ει
1053 3162 1158 3218 diebus
1172 3159 1281 3224 Gabris,
1295 3158 1424 3230 peccavit
1438 3158 1539 3225 Israel,
1554 3156 1597 3215 ibi
1613 3162 1760 3214 steterunt:

163 3227 280 3284 insania
295 3229 323 3284 iii
337 3230 424 3285 domo
438 3227 485 3284 Dei
503 3230 577 3299 ejus.
1040 3251 1097 3290 nen
1114 3229 1343 3302 comprehendet
1364 3246 1416 3286 eos
1431 3230 1461 3286 iii
1477 3229 1577 3287 Gabia
1592 3229 1718 3302 pralium
1731 3239 1790 3296 siptl

127 3301 275 3355 Profunda
290 3305 492 3371 peccaverunt,
508 3300 585 3356 sicut
599 3300 629 3356 in
646 3299 749 3356 diebus
764 3300 882 3358 Getica:
1076 3303 1153 3361 titios
1166 3301 1344 3372 iniquitatis,

164 3372 365 3426 recordabitur
389 3371 555 3441 iniquitatis
569 3388 681 3440 eorum,
692 3376 722 3428 et
734 3371 866 3427 visitabit
884 3389 950 3444 pec·
1003 3381 1090 3440 Juxta
1104 3374 1283 3430 desiderium
1300 3389 1399 3429 meum
1415 3373 1574 3446 corripiam
1590 3388 1659 3430 eos:

200 3446 265 3498 cata
279 3458 391 3498 eorum.
1041 3446 1298 3520 congregabuntur
1312 3461 1401 3516 super
1412 3460 1463 3501 eos
1479 3443 1592 3517 populi,
1771 3506 1776 3517 .

130 3513 218 3578 Quasi
235 3530 305 3569 uvas
321 3513 350 3568 in
367 3513 482 3568 deserto
501 3511 598 3567 inveni
616 3510 704 3569 israel
720 3531 727 3568 ε
1040 3536 1107 3576 eum
1120 3516 1314 3588 corripientur
1328 3520 1447 3590 propter
1459 3517 1513 3587 (At.
1525 3510 1785 3590 supanduasloiqu·

168 3584 252 3655 quasi
267 3584 453 3656 primapoma
464 3584 595 3639 ficulnea
605 3584 879 3656 ineacumineeius,
891 3583 950 3640 vidi
1076 3594 1152 3647 tates
1167 3603 1248 3650 sues,

202 3660 300 3728 patres
315 3671 438 3712 eorum:
1004 3661 1143 3737 Ephraim
1160 3658 1252 3714 vitula
1266 3658 1351 3714 docta
1366 3657 1485 3730 diligere
1500 3657 1650 3726 trituram,

130 3727 189 3800 Ipsi
205 3732 303 3783 eutem
325 3729 508 3784 intraverunt
526 3727 563 3782 ed
579 3725 787 3800 Bael-Pbegor,
802 3731 830 3783 et
844 3727 952 3785 abatic·
1039 3739 1070 3792 at
1083 3749 1135 3806 ago
1150 3730 1272 3786 transivi
1288 3746 1322 3786 sii
1346 3746 1377 3785 er
1391 3729 1643 3802 pulchritudinem
1658 3726 1716 3785 cotti
1728 3725 1783 3795 aja:

201 3799 261 3854 nati
277 3797 612 3868 suntinconfusionem,
1004 3806 1167 3864 Aaeendani
1184 3818 1271 3873 super
1284 3746 1434 3875 Ephraim,

166 3875 195 3925 ct
205 3870 350 3927 factisunl
361 3870 576 3927 abominabiles
587 3871 705 3927 sieutea
715 3870 952 3942 quaditexerunt
1041 3875 1136 3934 arabit
1149 3874 1252 3930 iudas.

130 3940 268 4013 ΕΡῙῚΝΙῘΠ1
284 3943 369 4013 <imi
384 3943 445 3999 atis
460 3942 595 4009 ⁸V⁰¹⁸Viii
1041 3947 1207 4018 eontringet
1220 3942 1275 4001 sibi
1293 3941 1390 3998 sulcos
1404 3942 1505 3999 iacob.

164 4011 256 4083 gioria
270 4030 371 4069 eorum
388 4018 511 4085 apertu,
526 4016 554 4068 et
564 4014 600 4069 ab
616 4015 709 4081 utero,
725 4017 753 4070 el
768 4017 949 4087 aconceptu.
1004 4019 1153 4077 Semiusta
1166 4017 1249 4073 vobis
1263 4014 1293 4070 in
1305 4013 1432 4086 Juslitia,

130 4082 211 4147 Quod
228 4085 252 4140 si
268 4090 298 4140 el
311 4086 487 4141 enutrierint
502 4084 578 4141 titios
591 4100 672 4154 suos,
1040 4096 1068 4147 et
1083 4088 1222 4146 melilota
1238 4102 1287 4144 ore
1303 4085 1507 4142 misericordiae

166 4157 278 4229 absque
292 4155 394 4214 tiberis
408 4174 457 4214 eos
472 4157 578 4212 faciam
594 4156 623 4211 in
640 4155 823 4212 bominibus:
1040 4159 1269 4218 innovatavobis
1284 4156 1405 4213 novato:

162 4228 212 4284 aed
228 4231 257 4284 et
272 4244 312 4282 vie
327 4229 380 4296 eis,
396 4245 463 4284 eum
479 4243 625 4283 recessero
640 4227 676 4282 ab
692 4227 754 4283 eis:
1004 4233 1133 4306 Tempus
1147 4236 1244 4288 autem
1260 4226 1428 4300 requirendi
1443 4226 1616 4293 Dominum,

129 4297 278 4368 Ephraim,
295 4304 327 4354 ut
342 4299 410 4368 vidi,
426 4300 519 4372 Tyrus
534 4305 596 4355 erat
610 4299 730 4354 tundata
744 4298 772 4353 iii
788 4297 952 4370 pulchritu·
1041 4321 1109 4362 cum
1125 4302 1236 4358 venerit
1250 4299 1299 4373 qui
1317 4298 1430 4356 docebit
1442 4315 1494 4355 vos
1506 4300 1665 4371 justitiam.

200 4369 285 4425 dine:
966 4376 989 4441 ll
1041 4376 1152 4431 Arantia
1165 4372 1359 4446 impietatem,

163 4444 192 4494 et
205 4440 346 4510 Ephraim
367 4443 471 4498 educet
487 4442 522 4497 ad
539 4439 752 4497 interfectorem
765 4439 841 4496 filice
867 4456 948 4498 suos.
1039 4445 1226 4518 iniquitatem
1241 4440 1417 4499 messuistis·

128 4513 169 4564 Da
182 4510 235 4577 eit,
253 4512 385 4580 Domine,
1002 4517 1180 4575 Comedistis
1196 4516 1309 4587 fragam
1327 4512 1492 4570 mendacii:

163 4581 236 4646 Quid
252 4583 336 4639 debis
352 4584 418 4640 eis?
1039 4590 1108 4661 quia
1120 4587 1249 4643 confisus
1263 4602 1295 4642 es
1310 4587 1339 4642 in
1355 4586 1409 4641 viis
1424 4585 1495 4651 tuis,

131 4654 171 4706 Da
185 4653 228 4706 eis
242 4652 356 4708 valvam
374 4655 438 4710 sine
452 4653 553 4710 liboris
569 4658 590 4726 ¹,
1040 4662 1068 4716 iii
1085 4657 1306 4715 multitudinem
1322 4656 1441 4713 fortium
1457 4662 1590 4712 tuorum.

162 4727 190 4777 et
205 4723 294 4779 ubera
309 4726 432 4781 aientia.
1002 4734 1166 4804 Consurget
1179 4728 1326 4785 tumuitus
1341 4727 1370 4783 iii
1387 4728 1494 4800 populo
1509 4732 1571 4793 tue,

128 4792 235 4849 Omnes
251 4795 494 4865 nequitiaeeorum
511 4796 540 4852 iii
552 4797 664 4870 GatgaI,
1038 4808 1068 4859 et
1078 4818 1182 4859 omnes
1198 4799 1405 4856 multitudines
1420 4803 1477 4854 tuae
1491 4799 1697 4866 vastabuntur,

158 4866 228 4938 quia
241 4864 281 4920 ibi
296 4882 399 4923 exosos
424 4867 513 4924 habui
530 4885 599 4927 eos:
1003 4876 1084 4933 Sicut
1097 4877 1231 4930 vastatus
1245 4875 1291 4929 est
1304 4871 1444 4928 Salmatia
1457 4887 1475 4927 a
1489 4871 1578 4927 domo
1592 4870 1683 4941 eias¹,

159 5063 166 5099 ¹
183 5060 365 5145 Exemplaria
381 5064 501 5147 canonis
517 5066 663 5137 duplicem
674 5066 806 5138 ejusdem
825 5066 948 5125 liebrae
1001 5069 1112 5125 riorum
1129 5067 1297 5140 hieronymi
1308 5066 1337 5123 in
1357 5066 1430 5124 Osee
1441 5067 1571 5124 mutuari
1583 5065 1756 5140 potuit,qaia
1768 5055 1797 5113 ibi

119 5136 201 5191 vocis
217 5134 349 5189 Latinam
361 5133 468 5191 habent
482 5138 766 5208 interpretationem.
784 5139 823 5193 Da
834 5139 874 5197 ets
884 5139 947 5194 uitt-
1001 5140 1148 5212 tegimus:
1164 5140 1196 5194 Et
1209 5142 1332 5195 amictus
1347 5142 1395 5203 est,
1420 5148 1451 5195 att
1466 5139 1497 5196 ia
1525 5140 1641 5199 tielraeo
1667 5136 1799 5197 continetur

122 5206 321 5263 comitantem
340 5204 401 5262 aine
415 5205 519 5274 tiberii,
542 5212 598 5263 etc.
614 5207 727 5264 Steritis
746 5208 824 5265 enim
850 5209 947 5282 vulva,
1000 5214 1036 5268 ab
1049 5227 1150 5281 aissa,
1167 5210 1195 5265 id
1210 5209 1488 5281 iprameipnifircnte
1500 5200 1798 5282 quodetirrolaated.

120 5283 149 5334 et
162 5279 249 5334 vulva
264 5277 328 5334 ains
342 5276 444 5333 liberis
460 5285 529 5333 eunt
543 5294 714 5351 synonyma.
735 5283 827 5335 Maian
1002 5282 1122 5340 breviori
1135 5281 1329 5354 disertiorique
1342 5297 1478 5339 sermone.
1495 5282 1588 5339 Miar.

154 5381 189 5392 —
204 5351 360 5417 Perperam
375 5348 586 5421 atiquotpenea
601 5351 735 5405 liertian.
751 5367 806 5408 ms.
819 5351 945 5407 intersa-
1035 5384 1070 5394 -
1086 5357 1142 5408 Pro
1156 5353 1253 5410 verbis
1267 5356 1326 5423 eius
1339 5352 1389 5427 pai
1398 5354 1537 5425 judicarat
1552 5354 1633 5421 Daci,
1649 5355 1756 5409 lantum
1768 5346 1800 5402 tlt

117 5420 948 5495 runteuntemglosaemaeubeequentisinterpretationis
999 5439 1029 5496 in
1039 5426 1216 5504 nathania
1232 5441 1282 5497 :in
1296 5443 1392 5498 Graeco
1406 5444 1461 5495 τῶν
1473 5439 1544 5497 ixx
1553 5445 1673 5498 tantum
1685 5429 1800 5516 'lapoiait

116 5494 177 5548 aine
194 5493 299 5563 tiberis,
316 5509 405 5565 quam
417 5494 504 5550 unice
519 5491 607 5548 refert
621 5491 740 5547 Hebraea
751 5509 814 5560 vox,
831 5501 946 5555 1131113.
1001 5512 1081 5584 qnod
1098 5529 1204 5569 nomen
1222 5514 1311 5569 Gnaei
1328 5514 1428 5570 itidem
1443 5529 1479 5570 aa
1494 5510 1640 5570 Hebraioa
1651 5505 1802 5588 etymologia

137 5579 164 5657 '²
178 5580 275 5638 Canon
291 5579 775 5638 San-Germanensisadditnomeu
788 5581 945 5639 hieroboal:
1000 5588 1158 5654 exponunt,
1173 5584 1368 5656 paijuda'ccot't
1388 5585 1469 5652 Doni,
1488 5588 1521 5638 ut
1534 5582 1637 5643 videre
1648 5594 1696 5644 est
1710 5586 1738 5642 in
1754 5583 1803 5666 ipat

116 5654 189 5729 picae
203 5657 372 5711 „asperima
382 5653 551 5711 &lemanna
563 5651 646 5707 domo
657 5654 718 5720 que
728 5652 884 5718 tiierotcal,
896 5655 947 5723 pai
1001 5653 1227 5727 hieronymiano
1236 5656 1385 5714 Nominum
1394 5656 1478 5712 libro.
1494 5653 1702 5715 Videturadeo
1713 5662 1803 5724 1111111

108 5717 247 5785 iudicarit
262 5725 341 5795 duct,
357 5729 411 5782 etc.
428 5726 510 5791 Quod
527 5721 630 5781 elibro
654 5721 739 5778 tertio
754 5720 941 5780 Commenta·
999 5725 1803 5805 Vereionisteotioae,etpervulgatancniiaiseigniflvliu
