3870 6120
100 185 156 243 ⁸⁸¹
728 201 1187 263 amaaraararrsoraaru.
1759 208 1815 267 aaa

101 330 139 389 Et
153 328 289 388 auditam
303 329 392 389 laniet
407 332 550 393 Dominus
563 337 688 410 gloriam
703 342 783 399 vocis
797 360 867 414 sua,
946 331 974 398 A
988 328 1178 416 Fflffldlllffllfi
1194 348 1264 389 vm
1274 331 1404 405 D⁰³⁸¹ffl⁸
1416 335 1488 391 ΝΜ
1502 349 1511 392 t

141 409 172 459 at
186 408 327 459 terrorem
341 404 456 461 brachii
466 408 512 464 sni
524 413 695 468 ostendetin
708 416 937 474 comminatione
1028 418 1183 484 ¹P⁸0,0⁰¹m
1200 404 1390 477 θῡὸῑῑῦῑῑθῦθθ
1403 406 1591 464 ⁰⁰⁰⁰⁵⁰¹¹⁸Vst
1601 408 1636 465 id
1649 408 1813 482 Wdissdffi

181 473 302 541 luroris,
1064 480 1150 531 mites
1166 476 1197 530 in
1212 494 1346 534 sermone
1362 479 1507 546 mendaci,

140 553 171 602 et
186 546 307 602 llamma
323 545 401 619 ignis
415 549 585 609 devorantis
599 571 606 610 :
1028 561 1095 601 cum
1112 546 1280 619 loqueretur
1291 566 1402 620 pauper
1412 550 1573 621 judicium.

141 618 244 675 allana
260 618 289 674 aa
308 619 428 676 turbina
441 627 472 679 ar
487 624 516 679 an
532 624 628 697 lapillo
642 629 811 699 granatus.
991 617 1132 700 Princeps
1149 635 1214 675 vero
1230 637 1274 691 es,
1287 637 1351 693 aue
1363 623 1452 693 agna
1464 628 1535 678 sunl
1547 623 1689 697 principa,
1700 623 1809 698 sagara-

101 692 213 748 Aroee
227 690 308 746 euim
324 692 441 749 Domini
455 698 572 768 parebit
595 702 689 756 Assur
710 703 793 776 virge
817 719 937 776 percus·
1065 689 1115 757 hrt,
1131 696 1160 746 02
1173 691 1236 764 59⁸⁰
1250 709 1337 764 ⁸⁰90?
1351 694 1443 750 d¹¹⁰⁸³
1458 695 1561 751 mbil-

177 778 241 817 sus.
991 759 1127 817 Mulieres
1141 763 1298 835 opulenta,
1315 766 1439 837 surgite,

102 837 139 890 Bt
158 835 217 890 erit
231 832 376 890 transitus
390 834 479 909 virgas
492 838 648 910 fundatus,
1028 836 1056 889 el
1071 834 1171 890 audite
1186 851 1285 892 vocem
1303 853 1397 893 meam
1415 855 1423 892 ε

138 921 230 978 quarn
247 905 432 989 requiescam
445 910 530 967 laniet
544 912 689 970 Dominus
704 932 882 989 supereum,
1028 903 1093 960 lilia
1126 908 1318 976 confidentes,
1346 909 1486 982 percipite
1514 909 1636 967 auribus
1663 909 1812 983 eloquium

103 978 137 1034 ln
155 986 305 1050 tympanis
322 985 351 1033 et
364 979 495 1049 clibanis,
512 990 541 1039 et
570 985 599 1040 in
617 986 702 1044 bellis
718 991 874 1063 praecipuis
888 1008 937 1048 ex·
1064 992 1173 1033 mium·

178 1050 324 1119 pugnabit
338 1066 400 1107 eos.
992 1047 1061 1104 Post
1076 1049 1138 1105 dies
1157 1055 1186 1106 et
1200 1067 1324 1118 annum,
1340 1055 1369 1108 et
1383 1067 1433 1108 vos
1448 1052 1696 1110 conturbabimini
1719 1054 1811 1111 contl-

103 1125 273 1194 Prasparata
287 1127 333 1178 est
347 1124 426 1180 enim
440 1124 476 1179 ab
493 1123 556 1182 beri
572 1128 739 1199 Tbopbeth,
1063 1122 1166 1178 denies
1182 1137 1189 1178 :

139 1213 156 1248 a
173 1208 242 1264 rege
259 1207 430 1265 praeparata,
447 1200 592 1268 protunda
602 1202 774 1261 etdilatnta.
1027 1198 1234 1249 ⁰⁰ss⁸¹¹¹1¹¹¹¹¹¹lst
1248 1197 1293 1248 0⁵l
1307 1194 1386 1250 essim
1401 1195 1561 1267 vindemiar

104 1265 295 1321 Nutriurentn
309 1269 387 1336 ejus,
400 1267 479 1339 ignis
493 1274 523 1325 el
538 1270 617 1340 ligna
627 1273 718 1330 multa
732 1293 739 1332 :
1028 1262 1159 1321 0⁰¹¹00U⁰
1176 1265 1250 1321 ultra
1265 1281 1322 1321 ⁰⁰¹¹
1334 1266 1440 1324 veniel·

139 1336 233 1394 ssatus
248 1338 363 1394 Domini
373 1339 452 1396 sicul
463 1336 578 1400 torrens
589 1345 742 1418 sulphuris
753 1349 935 1405 succendens
991 1334 1208 1408 Οὗθῑῦρθθθῑίθ,
1229 1336 1384 1409 opulettlaet

140 1425 220 1465 eam.
1026 1410 1254 1478 conturbamini,
1270 1411 1463 1467 conduentes:

106 1480 184 1554 (Cap.
202 1478 319 1545 XXXI.)
337 1484 384 1537 Va
399 1483 449 1553 qui
465 1483 649 1543 descendunt
665 1488 694 1546 in
718 1490 874 1564 ⁴hlgyptum
899 1494 934 1550 nd
1026 1481 1122 1535 θωῑῑθ
1135 1497 1196 1548 νοῦ,
1213 1487 1240 1536 Pl
1255 1482 1483 1548 ⁰⁰ssf⁰ndiml⁰b

177 1550 335 1620 auxilium,
354 1553 383 1609 in
399 1556 483 1626 equis
499 1565 664 1630 sperantes,
1026 1552 1169 1624 accingite
1184 1552 1301 1609 lumbos
1317 1559 1438 1610 vestros.
1451 1559 1545 1627 Super
1560 1554 1651 1610 ubera
1669 1551 1812 1627 plangite,

140 1629 170 1680 et
181 1624 325 1679 babentes
341 1625 480 1683 fiduciam
497 1645 586 1701 super
601 1633 763 1707 quadrigis,
778 1634 849 1706 quia
860 1635 937 1692 mul·
1026 1640 1116 1695 flulti
1131 1625 1249 1697 ‘085000
1260 1624 1459 1697 deflidfflbssb

177 1702 311 1758 toesunt,
949 1708 974 1774 Β
1024 1696 1327 1767 superviueaiertili.

141 1771 173 1821 et
190 1782 282 1838 super
297 1766 456 1838 equitibus,
473 1772 543 1843 quia
559 1774 708 1845 praevalidi
725 1775 814 1833 nimis
832 1795 839 1834 :
989 1766 1083 1840 Super
1097 1767 1222 1824 humum
1239 1768 1337 1840 populi
1354 1767 1410 1825 mel
1425 1767 1517 1841 spinas
1532 1771 1561 1824 et
1576 1783 1679 1841 vepres
1706 1781 1813 1825 moen·

106 1838 140 1895 Et
157 1855 218 1894 non
236 1843 308 1894 suut
324 1842 426 1896 conlisi
442 1859 531 1915 super
546 1852 682 1903 sanctum
701 1848 799 1921 lsrael,
1060 1842 1153 1897 debit

140 1915 172 1965 et
190 1909 349 1967 Dominum
366 1929 424 1969 non
441 1918 650 1989 requisierunt,
1023 1910 1235 1983 quantomagis
1246 1927 1335 1983 super
1346 1912 1562 1969 omnesdcmos
1572 1910 1671 1982 gaudii
1681 1910 1810 1969 civitatis

104 1981 175 2055 lpse
191 1986 292 2038 autem
308 1985 427 2055 sapiens
442 1989 566 2045 adduxit
584 1991 707 2061 malum,
1058 1982 1252 2039 exsultantis!
1478 2050 1481 2058 Ι

141 2057 175 2109 et
189 2054 279 2109 verba
293 2071 346 2112 sua
363 2073 419 2112 uon
436 2058 560 2117 abstulit
575 2079 582 2118 ς
988 2054 1099 2112 Domus
1114 2056 1191 2112 enim
1208 2054 1332 2110 dimissa
1346 2058 1401 2120 est·

100 2124 137 2182 Et
151 2132 313 2197 consurget
328 2135 429 2185 contra
443 2131 564 2188 domum
582 2136 789 2217 pessimorum,
1024 2126 1180 2184 multllutl⁰
1196 2124 1277 2181 urb5⁸
1289 2125 1388 2181 felicia
1398 2129 1454 2196 ⁰⁸¹,

137 2204 170 2253 et
185 2203 288 2253 contre
303 2200 444 2259 auxilium
460 2212 645 2276 operantium
661 2208 860 2280 imquitatem,
987 2197 1124 2256 Taoebrae
1139 2202 1167 2255 et
1184 2197 1312 2271 palpetis
1327 2198 1405 2256 lacta
1433 2201 1506 2254 suat
1534 2213 1626 2270 super
1651 2196 1810 2270 speluncas

100 2273 265 2342 aegyptus,
279 2269 376 2341 bomo,
392 2278 421 2328 et
437 2292 493 2331 non
509 2276 606 2334 Deus:
1059 2288 1154 2354 usque
1169 2271 1198 2326 ln
1211 2276 1364 2326 eternum·

136 2346 170 2398 et
184 2341 252 2412 equi
268 2357 379 2410 eorum,
396 2362 473 2416 nmo,
490 2355 519 2404 el
534 2366 590 2405 non
608 2349 749 2422 spiritus:
1022 2342 1167 2399 Gaudium
1185 2357 1362 2413 onagrorum
1381 2356 1491 2412 pascua
1505 2356 1640 2423 gregum,

98 2412 301 2470 aenomaus
317 2414 472 2474 inclinabit
487 2436 607 2477 manum
622 2438 718 2492 suam,
1023 2416 1114 2471 donec
1129 2414 1297 2471 effundatur
1312 2428 1402 2485 super
1417 2429 1471 2470 nos
1494 2413 1617 2485 spiritns
1631 2412 1667 2468 da
1681 2409 1808 2480 excelso,

138 2492 173 2542 et
187 2492 305 2542 corruet
319 2487 484 2562 auxiliator,
986 2487 1022 2544 br
1036 2487 1091 2543 erit
1104 2487 1254 2542 desertum
1269 2485 1300 2541 ia
1315 2483 1459 2550 chermel,

137 2562 169 2612 et
185 2557 272 2613 cadet
291 2560 337 2615 cui
352 2567 507 2632 prestatur
521 2562 674 2633 auxillum,
1021 2564 1050 2615 et
1063 2558 1198 2616 chermel
1216 2560 1243 2613 in
1257 2555 1366 2612 saltum
1383 2552 1578 2627 reputabitur.

138 2629 295 2700 simulque
310 2648 413 2690 omnes
423 2641 646 2692 consumentur.
936 2694 938 2699 ,
985 2637 1023 2690 nt
1038 2627 1230 2687 habitabilia
1246 2627 1406 2685 solitudine
1417 2628 1577 2697 judicium,

95 2701 185 2765 Quia
197 2699 260 2757 beo
275 2702 346 2758 dicit
360 2708 503 2762 Dominus
517 2711 551 2763 ad
568 2724 635 2764 ma:
1021 2709 1049 2758 et
1059 2701 1153 2771 J'ustia
1167 2701 1197 2756 in
1212 2699 1345 2758 chermel
1361 2699 1473 2756 sedebit

95 2772 260 2838 Quomodo
276 2774 301 2830 si
316 2778 415 2848 rugiat
424 2777 478 2847 leo,
491 2783 520 2835 et
530 2779 646 2836 catulus
658 2778 752 2836 leonis
763 2797 852 2853 super
862 2798 932 2853 proe-
986 2776 1020 2832 br
1030 2775 1086 2830 erit
1100 2790 1175 2845 opus
1186 2772 1311 2856 justitia
1323 2788 1407 2855 pax„

179 2845 250 2899 dam
267 2863 363 2915 suam,
375 2866 441 2908 cum
453 2853 614 2908 occurrerit
624 2853 649 2909 ei
661 2852 822 2910 multitudo
833 2860 931 2926 pasto·
1022 2851 1050 2902 el
1063 2845 1161 2902 cultus
1171 2846 1293 2916 justiti&
1309 2843 1474 2925 Stltnlfflfflg

180 2932 260 2981 rum,
1021 2923 1050 2974 et
1065 2916 1208 2975 securitas
1225 2932 1319 2987 usque
1335 2916 1364 2970 in
1381 2917 1608 2985 sempiternum.
1770 2979 1776 2993 .

139 3003 244 3044 avoco
268 3004 368 3047 aarum
389 3009 447 3049 non
473 2994 652 3065 formidabit,
667 2999 696 3051 et
710 3013 727 3053 a
742 2995 931 3054 multitudine
987 2996 1020 3048 Et
1033 2990 1146 3046 sedebit
1162 2989 1288 3060 populus
1315 3003 1399 3042 meus
1414 2985 1444 3042 in
1465 2981 1686 3057 pulchritudine
1714 2996 1806 3054 pacis,

175 3075 279 3116 eorum
292 3079 349 3119 aon
366 3066 481 3134 parebit
496 3083 504 3123 ι
1022 3067 1052 3119 el
1064 3063 1093 3118 in
1109 3060 1307 3118 tabernaculis
1322 3058 1446 3129 fiduciae,

139 3130 183 3187 sic
196 3132 357 3190 descendet
369 3136 512 3194 Dominus
527 3139 720 3212 exercituum,
737 3145 770 3196 ut
781 3139 930 3214 pratiatur
1023 3139 1051 3190 el
1066 3134 1095 3189 in
1111 3130 1371 3205 requieopulenta.
1399 3200 1405 3215 ⁸

138 3210 379 3274 supermontem
395 3209 473 3275 Sion,
489 3215 518 3266 et
532 3210 637 3267 collem
653 3212 727 3282 ejus.
983 3207 1100 3264 tiraudo
1116 3209 1213 3262 autem
1230 3206 1259 3260 in
1275 3206 1464 3262 descansrcne
1479 3199 1584 3283 saltus,

94 3274 190 3332 Siout
207 3291 277 3334 aues
296 3279 440 3348 volantes,
456 3282 499 3339 sic
512 3290 645 3358 proteget
663 3283 808 3340 Dominus
821 3286 929 3342 exerci-
1019 3282 1049 3335 ct
1062 3276 1230 3335 humilitate
1245 3275 1450 3332 humiliabitur
1465 3272 1581 3329 oivrtas.

175 3351 262 3405 tuum
277 3349 453 3422 Jerusalem,
984 3351 1075 3417 Beati,
1090 3349 1142 3422 qui
1158 3348 1311 3406 seminatis
1325 3363 1415 3420 super
1429 3359 1532 3402 ornnes
1546 3358 1650 3416 aquas,

136 3424 298 3502 protegens
313 3429 341 3479 et
355 3422 496 3493 liberans,
1019 3422 1211 3479 immittentes
1223 3423 1330 3546 pedem
1346 3417 1430 3477 bovis
1443 3422 1472 3502 et
1484 3415 1571 3475 asini.

135 3496 288 3547 transiens
303 3500 331 3550 et
346 3495 474 3553 salvans.
984 3494 1060 3567 (Cap.
1076 3492 1209 3564 Xh'lllll.)
1247 3510 1271 3549 re
1285 3492 1336 3564 qui
1352 3491 1503 3564 praedaris,

88 3557 314 3690 Conlrlertinlrini
330 3567 406 3624 sicut
423 3569 451 3624 in
468 3568 648 3641 profundum
663 3571 862 3640 recesseratis,
876 3572 927 3628 lilii
982 3637 1003 3693 Ε
1019 3583 1116 3623 nonae
1130 3571 1160 3622 et
1172 3565 1237 3635 ipse
1252 3562 1449 3637 praedaberis?

187 3650 278 3691 snae.
1006 3642 1018 3695 l
1053 3642 1112 3693 uis
1135 3637 1225 3704 ernis,

94 3703 136 3759 ln
151 3705 199 3762 die
215 3708 295 3764 enim
311 3708 804 3786 illaabjicietviridolaargentlsui,
816 3714 929 3773 etidoln
1019 3654 1155 3766 abnnebt
1170 3709 1233 3780 ipse
1243 3705 1415 3779 sperneris?

174 3779 240 3834 auri
256 3780 314 3846 sui,
982 3784 1053 3837 cum
1068 3779 1321 3837 consummaveris
1337 3776 1596 3850 depredationem,

140 3863 202 3917 qum
218 3851 347 3908 lecerunt
363 3852 446 3909 vobis
462 3869 569 3909 manus
586 3860 687 3911 vestra
708 3855 738 3912 in
763 3861 927 3929 peccatum.
1018 3851 1251 3924 depraedaberis:

105 3918 141 3971 Bt
157 3923 346 3980 caoerossar
360 3923 388 3979 in
401 3924 499 3996 gladio
515 3943 573 3981 uon
589 3927 653 3993 viri,
982 3925 1056 3982 Cum
1072 3926 1211 3995 fatigatus
1226 3919 1348 3978 desieris
1363 3924 1561 3985 contemnere,

143 3997 167 4047 el
181 3995 300 4059 gladius
317 4012 373 4052 non
384 3996 513 4052 hominis
525 3999 641 4056 vorabit
654 4014 732 4068 auur,
1018 3997 1225 4053 contemneris.

142 4070 168 4120 et
185 4067 280 4137 lugiet
295 4085 353 4125 non
370 4086 386 4125 a
401 4069 474 4126 lacie
489 4068 578 4141 gladii
596 4087 602 4124 :
982 4070 1115 4135 Domine,
1132 4067 1267 4123 miserere
1283 4062 1372 4118 nostri
1385 4078 1391 4117 :
1403 4065 1432 4117 te
1443 4060 1521 4118 enim
1532 4057 1777 4143 exspectavlmus.

143 4142 167 4192 et
178 4139 308 4204 ‚irruenes
323 4140 387 4207 ejus
403 4139 558 4212 vectigales
572 4149 676 4198 erunt:
1017 4148 1080 4196 esto
1096 4139 1248 4196 brachium
1264 4140 1398 4191 nostrum
1415 4133 1468 4206 [At.
1484 4133 1598 4216 eorum]
1614 4147 1643 4215 an
1654 4143 1751 4198 mane,

140 4213 163 4262 et
179 4208 324 4267 tortitudo
339 4214 404 4281 ejus
420 4229 437 4267 a
453 4218 563 4269 terrore
578 4213 726 4282 transibit,
946 4228 950 4237 ·
1018 4220 1046 4267 et
1060 4212 1141 4268 salus
1157 4216 1259 4266 nostro
1275 4208 1446 4277 intempore
1461 4204 1670 4261 tribulationis.

130 4286 167 4353 'ot
183 4282 337 4354 pavebunt
349 4285 495 4355 lugientes
512 4284 658 4357 principes
673 4287 749 4355 ejns.
980 4287 1004 4342 Α
1020 4301 1088 4340 voce
1101 4282 1196 4353 angeli
1216 4284 1355 4351 ingerunt
1372 4277 1483 4348 populi,

100 4334 180 4407 Dixin
198 4354 352 4419 nominas,
365 4359 451 4427 cajus
468 4356 546 4429 ignis
560 4363 606 4412 est
619 4358 648 4413 in
666 4358 748 4424 Sion,
1017 4363 1046 4412 ct
1061 4357 1096 4412 ab
1112 4354 1286 4411 exaltatione
1303 4357 1353 4406 tun
1368 4351 1508 4422 dispersas
1523 4351 1593 4403 sunt
1627 4350 1723 4429 eptas.

130 4429 161 4479 et
176 4425 315 4482 caminus
330 4427 395 4492 ejus
409 4428 438 4483 in
453 4427 627 4485 Jerusalem.
944 4456 967 4521 D
982 4429 1015 4486 bt
1030 4421 1388 4501 congregabunturspolia
1398 4362 1806 4489 vestrasicatcobrgrtarbru·

91 4477 178 4561 (cop.
197 4496 320 4567 xxxll.)
334 4500 405 4554 sscce
421 4500 450 4554 in
464 4500 583 4570 justitia
599 4500 732 4569 reguabit
746 4516 807 4569 rex,
1018 4500 1111 4556 chus:
1471 4562 1477 4574 ,

124 4574 162 4622 et
180 4569 331 4638 principes
348 4571 376 4625 in
388 4571 503 4640 judicio
515 4577 672 4643 praeerunt.
1017 4571 1097 4626 velut
1111 4585 1179 4626 cum
1196 4568 1280 4624 losse
1297 4565 1389 4637 plenae
1404 4562 1514 4620 luerint
1528 4562 1564 4619 de
1579 4577 1624 4619 eo.

89 4614 124 4680 Εἴ
142 4642 206 4695 erit
223 4641 268 4695 vir
282 4642 359 4696 sicut
372 4642 422 4712 qui
438 4644 630 4701 absconditur
644 4661 662 4700 a
685 4649 784 4713 vento,
805 4648 833 4701 et
852 4643 928 4702 celat
981 4644 1186 4715 llagnibcatus
1202 4645 1246 4722 est
1259 4636 1413 4720 Dominus,

151 4728 206 4771 ‚se
222 4728 239 4766 a
254 4717 442 4784 tempestate,
1016 4715 1157 4787 quoniam
1175 4711 1317 4765 habitavit
1332 4724 1361 4763 ru
1372 4706 1504 4763 excelso:

122 4780 217 4839 sicat
236 4784 288 4837 rivi
303 4800 448 4856 uquarum
466 4786 495 4840 in
510 4785 570 4854 siti,
1016 4786 1148 4858 implevit
1163 4783 1231 4839 Sion
1248 4780 1356 4853 jndicio
1371 4784 1401 4835 et
1411 4778 1539 4849 justitia.

89 4899 99 4915 ‚
121 4860 163 4908 et
183 4855 291 4910 umbra
308 4862 396 4928 petrae
413 4858 623 4930 praeminentis
640 4857 668 4913 in
687 4863 767 4914 terra
781 4858 905 4914 deserto.
981 4859 1016 4915 lit
1031 4863 1087 4914 erit
1102 4858 1174 4912 lldes
1190 4856 1218 4909 in
1235 4850 1418 4923 temporibus
1433 4849 1512 4906 tuis:
1559 4920 1566 4934 ι

89 4920 163 4981 '011
179 4925 355 5000 caligabunt
370 4928 446 4986 oculi
463 4929 640 4993 videntium,
1016 4929 1123 4986 divitiae
1140 4926 1246 4984 salutis
1260 4923 1405 4994 sapientia
1420 4926 1449 4978 et
1463 4922 1587 4979 scientia

117 5002 163 5052 et
178 5015 269 5055 aures
282 4999 470 5058 audientium
485 5000 643 5074 diligenter
654 5000 875 5058 auscultabunt.
1016 5003 1105 5057 timor
1120 4997 1235 5056 Domini
1252 4994 1315 5067 lpse
1330 4995 1488 5077 thesaurus
1500 4994 1576 5065 ejus.

89 5053 117 5106 ⁴·
142 5085 202 5125 cor
216 5070 375 5128 stultorum
393 5072 538 5144 intelliget
552 5071 718 5139 scientiam,
981 5073 1197 5130 &arridentes
1212 5066 1386 5126 clamabunt
1399 5064 1483 5134 ioris,

89 5184 95 5197 .
116 5145 162 5196 st
178 5141 284 5215 lingua
300 5144 457 5200 balborum
473 5144 610 5202 velociter
624 5144 802 5216 laquetnret
827 5142 924 5228 plene.
1016 5144 1112 5217 angeli
1130 5140 1208 5215 pacis
1224 5154 1323 5196 amare
1339 5138 1463 5196 llebuut.

98 5210 160 5269 ⁰¹1
178 5215 334 5271 uocabitur
348 5215 426 5272 ultra
439 5216 474 5284 is,
491 5216 542 5287 qui
560 5216 702 5281 insipiens
719 5221 773 5279 est,
790 5232 926 5289 princeps
980 5215 1134 5288 Discipulo
1150 5217 1220 5271 sunt
1235 5212 1302 5294 nie,
1452 5279 1458 5291 ι

119 5291 234 5359 neque
249 5286 457 5345 fraudulentus
477 5288 676 5362 appellabitur
691 5288 785 5359 major
801 5288 855 5360 (lt.
868 5305 927 5344 rua·
1014 5289 1140 5346 cessavit
1154 5292 1303 5342 transiens
1320 5298 1371 5354 per
1385 5285 1539 5346 semitam,

168 5360 282 5428 limi?
1016 5360 1131 5416 irritum
1149 5359 1257 5414 iactum
1273 5361 1316 5412 est
1332 5360 1464 5426 pactum,

89 5412 219 5487 'lutras
234 5431 313 5486 enirn
332 5431 412 5487 latua
427 5427 575 5499 loquatur,
981 5431 1108 5503 Projecit
1122 5431 1267 5491 civitates,
1328 5495 1333 5505 ,

125 5506 162 5556 et
176 5518 231 5557 ror
244 5504 310 5572 ejus
325 5502 412 5559 lactet
428 5502 626 5575 iniquitatem,
641 5509 673 5559 ut
684 5503 815 5575 perllciat
832 5502 925 5560 simu·
1015 5522 1074 5562 noa
1090 5499 1239 5576 reputavit
1254 5498 1400 5555 homines.

171 5574 327 5639 ¹⁸150n0m·
980 5577 1077 5641 Duxit,
1094 5581 1122 5631 et
1134 5570 1267 5644 elanguit
1282 5573 1378 5623 terra:
1555 5633 1562 5645 .

131 5647 164 5700 et
179 5644 322 5717 loquatur
335 5645 371 5701 ad
388 5644 544 5701 Dominum
560 5645 774 5718 fraudulenter,
1014 5650 1157 5705 contusus
1171 5650 1217 5701 est
1232 5641 1369 5719 libanus,
1383 5643 1412 5694 et
1425 5633 1587 5700 obsorduit,

135 5720 166 5771 ct
180 5734 303 5777 caruem
319 5716 408 5775 iaciat
419 5718 549 5774 animam
565 5718 734 5786 esurientis,
1014 5726 1045 5778 et
1060 5722 1155 5778 lactus
1166 5721 1212 5774 est
1227 5714 1319 5771 Saron
1332 5714 1410 5769 elcut
1423 5710 1592 5765 desertum:

136 5793 165 5844 ⁸¹
181 5796 287 5865 Dolum
301 5788 412 5848 ῦίῐῑθῦῦ
428 5789 552 5846 tulerat·
1015 5798 1045 5850 et
1058 5784 1257 5850 concusserat
1268 5782 1376 5852 Basan,
1390 5783 1420 5837 et
1434 5776 1601 5837 Carmelus.
