3870 6120
83 233 155 298 ilbi

800 245 924 305 mana
941 245 1094 305 DIERUM·

1717 240 1789 304 1⁴38

121 359 417 438 Maetavitigitorrox
428 359 693 440 Salomonhosties,
710 365 913 500 boumviffinti
926 379 955 448 Α
968 368 1145 437 interiorem,
1161 366 1294 428 civitates
1309 369 1441 427 muratas
1463 366 1606 428 habentes
1633 372 1745 445 portas,
1760 371 1789 429 et
1845 352 1848 359 ¹

84 440 146 497 duo
158 436 262 506 millia,
274 435 401 493 arietum
418 443 537 495 eentum
545 437 651 512 viginti
665 440 758 498 millia
771 458 778 497 ε
790 447 819 499 ot
854 443 912 500 odi·
969 448 1065 501 veotes
1079 447 1109 499 et
1123 457 1204 498 seras
1221 457 1228 497 :

84 510 163 569 eavit
177 509 299 566 domum
315 507 367 564 Dei
384 524 443 578 rex,
460 514 489 565 et
505 511 661 568 universas
675 513 813 596 populus.

1001 513 1120 570 Balaatb
1136 513 1225 569 eliam
1237 516 1266 570 et
1279 528 1379 570 omues
1394 512 1481 569 urbes
1502 511 1699 584 firmissimas,
1724 530 1788 587 que

104 581 411 667 ‘Saoerdoteslautem
428 581 546 664 stabant
560 581 590 637 in
606 584 713 640 otholia
728 585 792 642 suia
804 602 811 642 ε
824 588 853 641 et
863 589 913 641 Le·
966 587 1085 642 luerunt
1096 584 1272 655 Solomonia,
1285 583 1789 656 cunctosqueurbesquadrigarum,

83 657 151 711 vitas
165 670 197 710 m
208 668 328 780 οιῇοοιι
343 667 509 736 carminum
521 652 809 755 Delminium-lecit
822 657 912 713 David
965 663 995 714 et
1011 659 1097 740 urbes
1110 656 1244 741 equitum
1259 673 1269 739 ‚²
1286 655 1386 739 omnia
1401 672 1465 729 qua
1481 656 1572 711 voluit
1586 656 1787 740 Salomon'at·

85 742 137 784 rex
148 724 184 781 ad
197 722 245 780 lau
268 724 379 780 andum
390 722 548 781 Dominum
558 728 714 793 Dauniam
728 743 757 783 vn
771 733 911 784 aternum
966 746 1023 803 quo
1038 730 1196 801 disposuit,
1212 727 1366 785 edificavit
1381 744 1409 783 ιιι
1424 726 1598 792 Jerusalem,
1614 733 1643 784 et
1657 744 1686 783 ιιι
1703 728 1789 785 Laba·

85 795 290 855 misericordia
300 795 375 867 ejus,
387 794 514 868 hymnos
525 796 615 854 David
630 803 770 856 canentes
784 816 837 874 per
848 816 913 858 ma·

84 884 143 926 nus
157 883 240 925 81188.

121 945 212 996 Porro
228 937 396 995 saeerdotes
414 939 562 995 oanehout
576 940 657 997 tubis
681 945 748 998 aute
763 958 824 1014 eos,
840 959 913 999 eun·

86 1014 213 1083 utusque
229 1009 318 1066 lsrael
334 1010 443 1065 stabat.
513 1053 515 1056 ,

966 817 1014 868 no,
1030 804 1059 857 et
1074 800 1104 856 in
1118 799 1255 855 universa
1269 803 1347 855 terra
1361 797 1515 870 potestatis
1528 815 1597 855 aum.

1002 874 1126 928 Omnem
1142 888 1178 938 po
1203 870 1297 940 ulum,
1333 871 1362 925 ui
1378 869 1533 926 derelictus
1548 871 1639 926 luerat
1665 870 1701 926 de
1721 870 1790 927 ilat-

967 943 1061 1014 thais‚
1077 889 1267 1012 amessian,
1283 945 1312 998 et
1346 941 1493 1009 herensis,
1507 946 1536 996 et
1545 941 1681 1005 Dvaia,et
1694 942 1787 998 Jebu·

967 1016 1042 1085 amis,
1060 1015 1110 1087 qui
1127 1031 1184 1070 non
1200 1020 1282 1070 arant
1296 1014 1331 1070 da
1347 1012 1440 1085 stirpe
1454 1011 1543 1069 Israel
1561 1028 1568 1069 :
1584 1016 1620 1069 de
1644 1013 1712 1069 liliis
1740 1029 1787 1070 eo·

123 1080 602 1208 Sanotiiloavit'quequeSalomon
617 1084 747 1167 medium
763 1084 828 1140 atrii
846 1089 914 1143 aute
966 1104 1044 1155 rum,
1059 1091 1088 1143 et
1102 1087 1137 1142 da
1147 1086 1365 1169 posteris,quoa
1377 1101 1435 1168 nou
1450 1083 1659 1168 interfecerant
1676 1084 1728 1140 lilii
1745 1085 1788 1168 Is·

88 1153 236 1237 templum
251 1152 401 1237 Dominio
424 1152 533 1235 tulerat
548 1169 626 1211 euim
644 1156 683 1211 rbi
700 1156 872 1213 holocausta
887 1161 916 1215 et
966 1159 1054 1226 srael,
1070 1158 1240 1231 subjugavit
1253 1155 1390 1213 Salomon
1407 1172 1436 1211 in
1453 1156 1636 1222 tributarios,
1651 1171 1746 1228 usque
1757 1173 1787 1212 ιιι

87 1227 192 1299 adapes
210 1223 416 1297 paerlioorum;
433 1224 821 1300 quraaltareaeaeum,quod
839 1228 915 1285 leoe-
967 1230 1044 1286 diem
1060 1229 1147 1285 bano.

88 1303 146 1368 rat,
163 1312 221 1353 noo
237 1299 351 1370 potarat
367 1295 514 1353 sustinere
533 1296 705 1354 holocausta
720 1304 749 1356 et
770 1300 915 1356 saorilioia
1002 1302 1090 1358 Porro
1103 1302 1139 1356 de
1150 1299 1219 1355 filiis
1231 1297 1320 1355 Israel
1337 1314 1393 1355 uon
1407 1298 1557 1371 posuit,ut
1571 1299 1791 1371 servirentope-

89 1375 119 1427 at
135 1367 248 1441 adipes.

966 1374 1050 1431 ribus
1064 1373 1153 1445 regim
1164 1371 1221 1443 ipsi
1234 1371 1312 1426 enim
1326 1369 1469 1426 erantviri
1485 1369 1650 1440 bellatores,
1660 1374 1691 1426 et
1701 1371 1790 1427 duces

124 1440 206 1497 Feoit
219 1453 289 1510 ergo
304 1438 441 1494 Salomon
453 1436 671 1497 solemnitatem
683 1439 713 1497 iu
723 1440 914 1515 temporeillo
967 1444 1067 1519 primi,
1084 1449 1113 1501 at
1126 1441 1274 1525 prinsipes
1298 1441 1510 1514 quadrigarum
1526 1446 1554 1498 et
1568 1443 1700 1525 equitum
1714 1444 1789 1515 eJ’us.

89 1515 204 1585 septam
219 1510 336 1577 diebus,
350 1515 380 1566 et
395 1509 493 1566 omnis
517 1510 606 1568 lsrael
627 1527 694 1568 oum
720 1528 766 1584 eo,
791 1511 915 1570 ecelesia

90 1599 201 1655 magna
213 1579 310 1652 valde,
325 1581 362 1638 ab
377 1580 501 1637 introitu
516 1581 622 1639 limath
641 1598 735 1657 nsque
749 1585 785 1641 ad
799 1588 914 1642 torreo·

90 1661 151 1712 tam
167 1653 294 1728 AEgypti.

1002 1517 1111 1573 Omnes
1120 1519 1216 1571 autem
1227 1513 1375 1586 prinoipes
1384 1513 1528 1570 exereitus
1540 1529 1617 1586 regis
1626 1513 1791 1571 Salomonis

968 1585 1222 1734 ιξιιιιῗξιιιιξιι(ιιιοοιιῐι
1239 1585 1465 1657 quinquaginta,
1483 1584 1533 1658 qui
1549 1585 1723 1643 erudiebant
1738 1602 1792 1660 po·

124 1725 260 1799 Deoitque
274 1723 321 1781 die
336 1727 436 1808 octavo
448 1722 612 1790 eolleotom,
633 1742 666 1809 eo
682 1727 758 1799 quod
776 1727 952 1819 dodiau-B
969 1803 975 1816 .
1004 1726 1352 1810 FiliamveroPharaonis
1362 1725 1513 1811 transtulit
1523 1727 1558 1811 de
1571 1727 1791 1812 eivitateDavid,
1859 1794 1874 1809 ,-

89 1803 134 1855 set
148 1797 238 1856 altare
252 1801 364 1869 septem
375 1796 528 1864 diebus,et
537 1795 754 1855 solemnitatem
766 1799 912 1857 salebras·
968 1819 998 1861 ru
1014 1803 1136 1859 domum
1153 1814 1241 1871 quam
1257 1798 1450 1854 edificaverat
1464 1813 1501 1855 et.
1517 1799 1701 1855 Drxrtenvm:

89 1875 135 1927 set
149 1868 254 1926 diebus
267 1871 393 1952 septem.

126 1941 137 1999 l
161 1940 220 1997 itur
233 1939 264 1995 in
280 1939 328 1995 dre
343 1937 483 1997 vicesimo
501 1939 587 1996 tertio
602 1940 714 1997 mensis
729 1941 848 2015 septimi
869 1941 912 1998 di·

1002 1875 1066 1931 Non
1080 1871 1226 1929 habitabit
1241 1885 1315 1926 uxor
1330 1886 1395 1926 mee
1411 1869 1440 1925 in
1456 1870 1544 1927 domo
1558 1871 1646 1928 David
1657 1871 1733 1944 regia
1749 1872 1792 1927 Is·

967 1944 1027 2002 rael
1043 1962 1077 2002 eo
1101 1941 1180 2018 quod
1208 1941 1393 1998 sanctificata
1421 1941 1461 1998 sit
1477 1959 1484 1998 :
1501 1941 1570 2014 quia
1598 1943 1734 2015 ingressa
1747 1946 1792 2000 ast

91 2012 174 2070 misit
188 2009 313 2086 populea
329 2010 364 2067 ad
380 2009 570 2068 tabernacula
585 2027 648 2079 sua,
670 2011 804 2070 latentes
823 2017 913 2142 οιῧοο
967 2034 1032 2075 earn
1049 2032 1128 2081 aron,
1145 2012 1273 2070 Domini.

89 2085 255 2158 gaudentes
269 2081 449 2154 superbene
465 2082 542 2155 quod
560 2082 668 2139 isserat
692 2085 833 2141 Dominus

91 2155 163 2224 vidi,
178 2159 207 2213 et
221 2152 382 2221 Salomoni,
397 2156 426 2208 et
441 2152 540 2210 israeli
557 2154 663 2228 populo
679 2171 743 2212 suo.

126 2226 346 2301 Complevitque
361 2222 498 2281 Salomon
515 2224 635 2282 domum
656 2227 784 2293 Domini,
808 2231 838 2284 et
861 2227 912 2284 do·

92 2315 174 2356 mom
191 2296 438 2427 rapiaatomnia
467 2312 531 2369 que
561 2297 749 2382 disposuerat
772 2297 802 2354 in
826 2299 913 2356 eorde

91 2386 157 2439 suo,
173 2373 206 2427 ut
233 2371 329 2426 aeeret
342 2383 371 2422 an
387 2366 474 2424 domo
488 2372 617 2441 Domina,
644 2374 674 2426 et
698 2387 727 2425 ιο
743 2370 831 2427 domo
846 2387 912 2444 sua,

91 2446 122 2499 st
157 2444 329 2514 resperatus
343 2443 398 2496 eat.

1003 2091 1087 2146 'iuno
1101 2084 1209 2144 obtulit
1223 2084 1363 2141 Salomon
1379 2083 1551 2140 holocausta
1570 2085 1687 2141 Domini
1702 2101 1792 2158 super

968 2159 1061 2217 altare
1077 2156 1202 2223 Domini,
1217 2155 1293 2227 quod
1310 2159 1491 2212 exstruxerat
1501 2161 1569 2212 ante
1585 2156 1742 2230 porticum,
1758 2160 1793 2213 nt

988 2249 1020 2290 er
1033 2229 1167 2303 singulos
1181 2226 1245 2284 dies
1255 2227 1408 2283 offerretur
1421 2226 1451 2282 in
1466 2243 1501 2283 ea
1512 2229 1597 2299 juxta
1611 2234 1790 2301 praeceptum

998 2305 1042 2361 osi
1057 2303 1087 2358 in
1102 2298 1237 2356 sabbatis
1252 2302 1281 2354 et
1296 2298 1325 2353 in
1340 2297 1486 2367 kalendis,
1498 2299 1566 2355 etin
1578 2299 1661 2355 lastis
1677 2298 1790 2371 diebus,

966 2379 1013 2433 ter
1028 2391 1079 2449 per
1093 2386 1214 2437 annum,
1229 2370 1258 2426 id
1273 2373 1329 2435 est,
1345 2370 1375 2426 in
1396 2368 1581 2426 solemnitate
1599 2371 1791 2442 Aaymorum,

968 2453 998 2504 at
1012 2447 1042 2503 in
1056 2442 1241 2502 solemnitate
1252 2441 1524 2511 Hebdomadarum,
1543 2445 1574 2499 et
1597 2443 1626 2499 iu
1647 2441 1790 2499 solemni·

153 2514 272 2597 pparuit
285 2515 380 2568 autem
396 2511 421 2568 ei
431 2510 572 2568 Dominus
584 2515 678 2582 nocte,
691 2515 720 2568 et
734 2513 775 2568 ait
787 2528 794 2569 :
807 2511 913 2569 audivi
967 2523 1026 2575 tate
1047 2513 1328 2574 Taberuaoulorum.

91 2587 359 2651 orationamtuom,
372 2581 480 2656 etelegi
493 2582 590 2640 loeom
611 2581 702 2639 istum
716 2583 788 2641 mihi
813 2584 843 2640 in
859 2585 912 2640 do·

93 2673 177 2714 mum
193 2654 342 2714 saerilleii.

1002 2592 1037 2644 Et
1064 2584 1218 2644 constituit
1245 2585 1329 2655 juxta
1354 2583 1579 2655 dispositionem
1594 2583 1684 2640 David
1697 2584 1791 2657 patris

967 2658 1126 2721 suiotliola
1141 2655 1327 2713 saeerdotum
1339 2653 1369 2710 in
1385 2654 1558 2711 ministeriis
1574 2655 1636 2710 auis
1653 2672 1660 2711 ε

131 2728 162 2785 Si
177 2726 313 2784 elausere
333 2724 451 2795 omium,
479 2728 509 2781 at
529 2722 630 2797 pluvia
654 2742 712 2782 non
736 2725 863 2793 fluxerit,
885 2730 914 2783 el
1003 2727 1208 2789 lithevitesiu
1224 2726 1326 2784 ordine
1341 2742 1406 2793 suo,
1422 2729 1456 2780 ut
1477 2725 1631 2782 laudarent
1656 2729 1685 2783 et
1704 2725 1792 2781 mini·

97 2800 275 2858 mandavero
295 2800 325 2854 ei
339 2812 503 2870 precepero
519 2795 651 2864 locutive.
666 2802 700 2853 ut
725 2797 842 2855 devorti
857 2807 915 2855 ter·
966 2807 1093 2861 strarant
1112 2814 1210 2858 eoram
1225 2797 1438 2867 sacerdotibus,
1463 2797 1550 2868 juxta
1572 2797 1663 2854 ritum
1689 2795 1792 2854 unios·

92 2888 167 2941 ram,
182 2875 212 2927 et
226 2869 333 2927 misero
347 2867 545 2942 pestilentiam
557 2868 587 2923 in
604 2870 744 2941 populum
761 2886 858 2927 meum
877 2886 884 2926 :

127 2942 291 2999 Conversus
306 2946 404 2997 autem
421 2938 547 3013 populus
563 2956 657 3010 meus,
679 2956 768 3013 super
783 2939 913 3014 quosin-

93 3018 228 3071 voeatum
245 3017 290 3068 est
305 3027 410 3069 nomen
427 3028 536 3078 meum,
553 3011 726 3084 deprecatus
741 3028 789 3069 mo
814 3012 913 3082 tuerit,

94 3091 125 3142 et
139 3083 310 3158 exquisierit
324 3084 429 3139 leolam
442 3099 549 3154 menan,
562 3088 590 3138 et
605 3083 697 3155 egerit
711 3084 913 3157 penitentiam
930 3117 953 3186 C

94 3175 113 3214 a
126 3156 181 3214 viis
195 3154 258 3214 suia
274 3155 411 3227 pessimas
427 3170 434 3209 :

129 3229 164 3285 lit
178 3243 232 3301 ego
246 3226 401 3284 exaudiam
417 3226 453 3281 de
468 3224 552 3291 ooelo,
574 3232 601 3282 et
616 3225 761 3297 propitius
783 3242 832 3284 ero
849 3241 917 3298 pee-

94 3298 168 3358 oatis
182 3315 296 3367 eorum,
311 3303 341 3354 et
355 3297 465 3356 sanabo
481 3299 590 3352 terram
606 3311 721 3367 eorum,

93 3447 195 3501 ereata
209 3459 225 3498 a

968 2876 1113 2946 ouJusque
1128 2871 1185 2928 diei
1202 2885 1210 2928 :

1009 2947 1046 3004 Et
1065 2943 1209 3017 janitores
1225 2940 1254 2997 in
1269 2938 1465 2996 divisionibus
1478 2938 1542 2995 suis
1558 2953 1609 3011 per
1632 2941 1747 3012 portam
1761 2945 1791 2996 st

968 3023 1086 3091 portam
1103 3033 1111 3073 ι
1127 3013 1169 3072 ιιο
1184 3012 1263 3069 enim
1278 3016 1455 3084 praeceperat
1467 3010 1558 3068 David
1574 3011 1661 3067 bomo
1678 3010 1737 3067 Dei.
1873 3020 1877 3029 ’

1006 3089 1064 3145 Νοο
1079 3084 1280 3159 pretergressi
1307 3087 1379 3140 aunt
1404 3082 1440 3139 de
1465 3082 1613 3139 mandatis
1628 3082 1716 3154 regis,
1729 3085 1791 3138 tam

971 3160 1138 3218 sacerdotes
1152 3172 1242 3228 quam
1260 3155 1373 3224 navita,
1388 3169 1424 3210 ex
1438 3152 1576 3211 omnihus
1597 3170 1663 3227 qus
1684 3169 1792 3226 prooe-

971 3236 1064 3306 perat,
1079 3234 1109 3287 et
1123 3230 1154 3285 in
1166 3226 1310 3286 eustodiis
1325 3225 1542 3282 thesaurorum.

1007 3303 1114 3360 Omnes
1127 3300 1461 3372 impensosproeparatas
1477 3296 1581 3353 babuit
1596 3296 1746 3363 Salomon,
1758 3311 1794 3351 ex

130 3370 213 3428 Oouli
227 3385 345 3497 Ἆοοοιιο
371 3367 427 3425 mei
455 3370 542 3454 erunt
570 3368 674 3451 aperti,
690 3373 722 3451 et
740 3384 828 3424 aures
845 3384 920 3425 mon
971 3389 1005 3430 eo
1020 3373 1068 3429 dio
1078 3388 1136 3445 quo
1151 3368 1415 3427 fundavitdomum
1427 3367 1554 3435 Domini,
1564 3384 1657 3441 usqae
1671 3366 1702 3424 in
1715 3366 1794 3424 diem

261 3446 423 3498 orationem
437 3455 513 3524 epos,
528 3455 579 3520 qur
595 3456 625 3494 in
642 3441 704 3497 loeo
715 3443 772 3496 isto
780 3440 917 3497 oraverit.

973 3461 1032 3519 quo
1048 3442 1170 3518 perieoit
1182 3458 1259 3499 eam.

131 3513 211 3587 megi
225 3512 314 3579 enim,
329 3511 544 3568 etsanotrdeavi
559 3510 655 3567 loeum
671 3511 762 3568 istum
777 3510 919 3569 utsitno-
1007 3516 1089 3574 Tune
1103 3514 1176 3571 abiit
1190 3511 1327 3570 Salomon
1344 3509 1374 3567 in
1392 3509 1583 3583 asiongaber,
1599 3514 1628 3569 et
1652 3510 1681 3567 iu
1695 3509 1794 3567 attath

95 3601 163 3643 men
181 3599 279 3640 meum
305 3584 346 3639 ibi
375 3584 406 3639 in
434 3582 703 3709 sempiternumffit
724 3585 918 3710 Kermaneanl
972 3588 1007 3645 ad
1025 3603 1106 3643 oram
1122 3584 1213 3642 maris
1228 3582 1331 3649 Rubri,
1346 3598 1410 3654 quae
1426 3587 1471 3639 est
1485 3588 1562 3639 tarra
1575 3583 1678 3638 lidom.

94 3655 173 3715 oouli
188 3657 257 3723 mei,
273 3659 301 3712 et
311 3671 362 3712 eor
376 3670 475 3711 meum
489 3653 498 3710 i
522 3653 531 3708 i
546 3654 661 3710 eunetis
675 3655 722 3712 dia
745 3671 790 3711 us.

130 3729 175 3785 Tu
192 3742 311 3800 quoque
325 3726 349 3782 si
365 3725 562 3782 ambulaveris
577 3742 674 3781 eoram
692 3743 749 3796 me,
765 3726 915 3782 aientem-

1006 3658 1088 3714 Miait
1102 3661 1200 3713 autem
1215 3655 1242 3711 ei
1255 3658 1367 3710 Duram
1384 3670 1436 3726 per
1446 3669 1552 3710 manus
1563 3667 1713 3709 servorum
1726 3669 1794 3710 suo-

970 3744 1036 3786 rum
1047 3731 1179 3798 naves‚et
1191 3729 1298 3781 nautas
1308 3741 1416 3793 gnaros
1427 3724 1528 3793 maris,
1539 3727 1568 3779 et
1579 3724 1715 3780 abierunt
1724 3739 1793 3780 eum

90 3798 205 3856 bulavlt
220 3798 307 3855 David
334 3802 417 3871 pater
444 3800 524 3864 tuus,
540 3802 570 3853 et
591 3797 694 3853 leceris
714 3797 800 3869 juxta
814 3799 916 3853 omnia
969 3800 1061 3857 servis
1077 3797 1242 3855 Salomonis
1263 3794 1293 3850 in
1307 3794 1408 3867 Ophir,
1424 3793 1614 3866 tuleruntque
1629 3793 1697 3850 inde
1720 3810 1794 3867 qua-

90 3888 155 3945 qua
182 3870 306 3954 praecopi
337 3869 387 3926 tibi
405 3885 412 3924 :
428 3872 457 3925 et
481 3867 611 3939 justitias
641 3884 721 3924 meas
741 3867 914 3941 Judieiaque

85 3959 273 4000 servaveras:

122 4013 277 4072 Susoitabo
306 4010 446 4067 thronum
477 4010 560 4082 regni
585 4008 734 4076 tui,sioat
764 4009 914 4083 pollicitus

88 4102 155 4143 snm
176 4085 266 4141 David
283 4082 357 4154 patri
379 4086 441 4151 tuo,
467 4081 567 4138 dicens
584 4098 591 4138 τ
608 4081 670 4137 Νοο
700 4081 850 4138 auferetur
877 4081 913 4137 de

86 4157 181 4241 stirpe
194 4161 245 4213 tua
259 4154 313 4222 vir,
329 4153 380 4226 qui
396 4154 436 4208 sit
450 4152 586 4225 princeps
602 4153 631 4208 in
648 4154 749 4211 lsrael.

123 4231 263 4286 Stantem
277 4224 370 4282 aversi
382 4224 506 4292 fueritis,
517 4229 546 4281 et
557 4223 770 4297 dereliqueritis
776 4223 912 4307 justitias

87 4316 179 4367 meas,
196 4303 225 4357 st
240 4301 385 4381 praerepta
399 4313 475 4366 mea,
491 4311 555 4368 qua
571 4297 710 4369 proposui
725 4295 913 4363 vobis,etab·

85 4377 190 4428 euntes
204 4368 365 4428 servieritis
379 4368 437 4425 diis
458 4366 574 4436 alienis,
589 4373 618 4423 et
645 4366 836 4424 adoraveritis
850 4382 911 4436 eos,

85 4443 210 4500 evellam
227 4457 277 4498 vos
291 4440 327 4497 da
343 4443 420 4495 terra
437 4455 513 4510 mea,
526 4455 615 4510 quam
632 4438 698 4495 dedi
714 4437 798 4495 vobis
814 4454 822 4493 z

123 4515 157 4571 nt
172 4515 294 4570 domum
310 4511 397 4579 hano,
415 4527 503 4584 quam
517 4510 697 4567 sanetilioavi
710 4509 822 4567 nomini
834 4525 911 4579 meo,

85 4582 347 4660 projioiamaiaoie
359 4597 433 4649 mea,
445 4585 473 4637 et
487 4581 601 4637 tradam
614 4598 678 4638 eam
689 4581 719 4638 in
731 4579 913 4655 parabolam,

85 4662 117 4714 et
131 4657 160 4714 in
176 4655 344 4726 exemplum
360 4654 475 4710 cunetis
489 4651 616 4727 populis.

122 4729 157 4785 st
171 4729 279 4785 domus
294 4726 352 4783 ista
365 4725 422 4781 erit
434 4724 465 4780 in
476 4724 664 4796 proverbium
674 4722 914 4781 universistrau·

87 4799 255 4868 senatibus,
271 4801 300 4854 et
314 4796 412 4854 dioenl
433 4800 605 4869 stupentes:
619 4796 712 4862 Quare
727 4795 796 4854 lecit
813 4793 914 4851 Domi·

86 4889 144 4929 uns
159 4871 203 4929 sio
219 4875 302 4926 terras
318 4866 386 4924 huie
401 4871 429 4923 et
444 4866 544 4924 domui
560 4867 658 4923 huie‘l

121 4941 427 5018 despondebantque:
441 4939 514 5003 Quia
526 4937 914 5010 dereliqueruntDominum

84 5021 180 5075 Deum
196 5017 314 5087 patrum
329 5026 462 5077 suorum,
479 5010 530 5084 qai
543 5010 644 5067 eduxit
657 5025 708 5066 eos
723 5010 759 5067 de
773 5014 850 5066 terra
864 5009 914 5064 AE·

84 5086 178 5162 gypti,
193 5090 224 5144 et
237 5083 497 5159 apprehenderunt
515 5083 585 5140 deos
596 5081 718 5150 alienos,
734 5085 764 5139 et
777 5081 916 5138 adorave-

84 5164 155 5216 runt
170 5174 233 5227 eos,
251 5162 339 5227 atque
353 5157 509 5211 coluerunt
525 5169 532 5208 :

121 5231 234 5286 ideireo
249 5231 394 5286 venerant
409 5241 499 5298 super
511 5241 562 5282 sos
577 5225 713 5281 universa
737 5224 799 5281 hae
823 5221 914 5292 molo,

121 5301 202 5375 [Cup.
218 5299 308 5372 vnn]
335 5296 465 5370 Expletis
479 5301 576 5353 autem
600 5296 704 5361 viuinti
720 5296 817 5362 annis,
834 5299 913 5367 post·

88 5389 178 5444 quam
187 5367 488 5428 edificavitSalomou
498 5367 742 5425 domumDomiui
756 5369 913 5424 etdomurn

85 5461 171 5501 suam
189 5461 197 5500 :
214 5442 358 5506 civitates,
373 5456 447 5513 quos
460 5440 581 5497 dederat
595 5439 695 5496 iliram
710 5438 913 5505 Salomonis·

87 5515 232 5583 dibeavit,
247 5518 277 5570 et
291 5511 425 5570 babitare
440 5510 480 5568 ibi
498 5512 565 5568 feeit
580 5511 656 5569 illios
669 5510 770 5567 Israel.

125 5586 207 5645 abiit
243 5600 340 5658 uoque
354 5582 384 5640 in
399 5587 485 5639 limat
500 5583 590 5649 Suba,
606 5586 635 5639 et
649 5582 777 5640 obtinuit
791 5598 867 5637 eam.

121 5660 155 5716 Dt
169 5603 324 5715 adiiroavit
348 5653 506 5711 Palmiram
521 5655 550 5710 in
568 5656 694 5723 deserto,
710 5658 738 5711 et
753 5654 826 5710 alias
842 5652 913 5709 civi·

88 5734 166 5788 tatas
181 5727 399 5786 munitissimas
414 5726 568 5783 edificavit
582 5726 611 5780 in
627 5727 744 5784 limatb.

120 5801 329 5875 iixstruaitque
340 5796 489 5857 Bethoron
509 5798 752 5873 superiorem,[et
766 5796 912 5855 Dethoron

968 3870 1124 3944 dringenta
1139 3866 1354 3942 quinquaginta
1369 3864 1481 3921 talenta
1495 3864 1571 3938 auri,
1587 3870 1615 3922 et
1630 3863 1794 3922 attulerunt

968 3943 1003 3999 ad
1022 3958 1118 4014 regem
1129 3940 1328 3999 Salomonem.

1002 4013 1080 4085 [Cep.
1098 4012 1160 4085 lit]
1175 4009 1287 4083 Regina
1297 4022 1413 4081 quoque
1423 4006 1509 4076 Saba,
1522 4007 1730 4064 eumaudisset
1750 4007 1790 4065 la·

969 4101 1047 4141 mam
1062 4082 1237 4150 Salomonis,
1258 4080 1337 4136 vonit
1353 4084 1386 4135 ut
1408 4082 1535 4135 tentaret
1558 4094 1623 4135 eum
1649 4077 1678 4135 in
1695 4079 1791 4152 enig-

968 4156 1109 4224 matibus,
1121 4156 1149 4211 iu
1164 4153 1340 4219 Jerusalem,
1360 4165 1428 4207 eum
1445 4149 1558 4220 magnis
1568 4149 1685 4223 opibus,
1699 4155 1728 4207 et
1742 4167 1790 4208 oa·

967 4226 1053 4283 melis
1063 4227 1113 4299 qui
1125 4225 1432 4308 portabantaromata,
1443 4225 1471 4278 et
1482 4222 1543 4278 auri
1555 4221 1696 4293 plurium,
1707 4236 1791 4294 gem-

967 4301 1284 4442 milstilalrlreaqgeetigriiasseat
1307 4365 1343 4421 ad
1369 4363 1556 4431 salomonen,
1580 4361 1678 4419 locuta
1701 4367 1747 4421 est
1762 4362 1790 4420 ei
1871 4422 1876 4427 ,

995 4443 1251 4514 uaeounqueeraat
1264 4437 1294 4493 in
1309 4435 1396 4492 eorde
1407 4451 1471 4492 suo.

1002 4512 1036 4568 ut
1050 4510 1219 4584 exposuitoi
1235 4508 1369 4566 Salomon
1380 4505 1481 4563 omnia
1494 4521 1558 4578 qua
1577 4509 1770 4579 proposuerat
1786 4520 1794 4560 :

968 4600 1021 4640 neo
1036 4584 1199 4657 quidquam
1212 4579 1357 4650 luit,quod
1367 4578 1392 4635 ei
1409 4593 1466 4633 non
1478 4576 1666 4649 perspieunm
1679 4576 1789 4635 leserit.

1002 4655 1083 4720 Quod
1101 4656 1259 4727 postquam
1275 4651 1359 4721 vidit,
1379 4647 1554 4775 sapientiam
1578 4647 1690 4705 seilicet
1712 4648 1793 4706 Salo·

968 4728 1064 4782 monis
1080 4724 1242 4783 etdomum
1273 4737 1361 4795 quam
1387 4737 1410 4777 a
1433 4719 1588 4789 alieavarat,
1614 4735 1668 4777 neo
1692 4735 1793 4777 nona·

968 4797 1080 4855 cibaria
1095 4812 1201 4853 mensa
1215 4795 1289 4867 ejus,
1305 4797 1334 4849 et
1349 4789 1516 4848 habitacula
1528 4806 1692 4859 servorum,
1703 4796 1732 4847 et
1745 4790 1792 4848 ol·

969 4868 1035 4925 boia
1050 4868 1256 4925 ministrorum
1281 4864 1306 4936 ej
1312 4880 1359 4932 us,
1374 4867 1404 4920 et
1418 4863 1596 4919 vestimenta
1611 4876 1711 4918 eorum
1726 4862 1793 4934 piut

968 4957 1071 4997 eernas
1086 4955 1205 5013 quoqne
1219 4944 1248 4994 et
1261 4940 1356 4993 vestes
1370 4951 1484 5005 eorum,
1499 4934 1634 4991 victimas
1647 4949 1720 5006 quas
1736 4933 1792 4988 im·

969 5010 1099 5069 molebat
1111 5011 1141 5068 ia
1157 5013 1245 5066 domo
1274 5007 1388 5063 Domini
1404 5023 1411 5062 :
1426 5023 1485 5063 non
1509 5009 1572 5062 erat
1586 5020 1646 5077 prae
1671 5009 1791 5076 stupore

969 5081 1046 5141 ultra
1060 5084 1090 5140 ln
1105 5099 1139 5140 ea
1154 5081 1287 5154 spiritus.

1004 5156 1140 5226 Dixitque
1154 5153 1190 5210 ad
1207 5167 1305 5225 regem
1323 5166 1330 5206 ι
1346 5148 1442 5206 Varus
1457 5163 1555 5205 sermo
1574 5161 1662 5229 quem
1687 5142 1792 5202 audie·

969 5243 1031 5282 ram
1049 5226 1078 5283 in
1094 5234 1171 5283 terra
1186 5240 1251 5280 mea
1266 5224 1301 5280 de
1315 5219 1476 5277 virtutibus
1490 5223 1518 5275 et
1534 5215 1678 5290 sapientia
1692 5220 1752 5272 tua.

1004 5298 1065 5354 Nou
1081 5297 1235 5353 credebam
1262 5293 1462 5361 narrantibus,
1483 5290 1575 5346 donea
1603 5289 1668 5359 ipsa
1692 5286 1789 5344 venis·

968 5385 1042 5439 aem,
1058 5374 1087 5424 et
1101 5367 1243 5424 vidissent
1258 5364 1333 5423 oculi
1349 5363 1419 5431 mei,
1434 5366 1463 5419 et
1479 5374 1658 5433 probassem,
1675 5359 1790 5416 virme-

968 5440 1106 5497 dietatem
1125 5439 1277 5513 sapientia·
1291 5442 1348 5493 tua
1365 5434 1436 5494 mihi
1453 5431 1544 5489 luisse
1558 5435 1706 5488 narratam
1723 5447 1730 5486 ε
1749 5430 1791 5486 ιι-

968 5512 1034 5568 oisti
1049 5511 1158 5567 lamam
1173 5510 1334 5566 virtutibus
1347 5506 1417 5563 tuis.

1004 5583 1083 5640 Beati
1099 5582 1152 5638 viri
1168 5582 1222 5652 tui,
1238 5584 1266 5636 ot
1280 5579 1358 5638 beati
1374 5574 1501 5633 servitui
1519 5591 1526 5629 ι
1541 5573 1570 5630 bi
1587 5572 1792 5645 quiassistunt
1900 5560 1904 5565 ⁵

968 5670 1066 5783 fferam
1083 5660 1110 5711 te
1123 5654 1154 5711 in
1170 5653 1250 5711 omni
1266 5659 1406 5726 tempore,
1428 5653 1457 5706 et
1471 5646 1596 5702 audiunt
1614 5646 1793 5719 sapientiam

986 5743 1065 5782 narn.

1003 5797 1050 5856 stt
1063 5797 1207 5856 Dominus
1222 5797 1301 5854 Deus
1318 5798 1388 5853 tuus
1402 5788 1587 5862 henediotus,
1602 5787 1652 5862 qai
1666 5787 1796 5847 voluitte
1901 5824 1910 5843 ,
