3870 6120
103 203 175 261 ieir
274 190 275 195 '
744 210 852 269 uasa
871 210 1167 270 raovaasioanu.
1217 253 1220 256 .
1736 220 1807 280 iris

141 331 267 388 necdum
283 330 378 388 lentes
394 334 539 417 equar'iim
554 338 733 405 eruperant:
827 328 830 333 ’
943 338 973 408 Α
988 337 1153 411 ligeriatem
1168 339 1288 411 operata
1303 341 1349 395 est
1363 356 1469 398 manos
1484 343 1608 402 remissa
1624 362 1631 403 ε

140 407 266 460 necdum
282 408 399 460 montes
413 419 495 476 gravi
512 405 588 463 mole
604 409 808 466 constiterant.
1030 415 1178 474 ÷mauus
1193 416 1291 467 eutem
1305 411 1427 468 sortium
1443 414 1562 472 divitias
1578 421 1672 489 parat.

107 479 180 532 Ante
195 473 287 532 colles
302 490 355 548 ego
370 475 554 549 parturiebar
569 496 576 537 :
987 481 1043 546 Qui
1058 487 1215 555 congregat
1228 482 1259 538 in
1275 498 1380 552 messe,
1397 483 1476 542 filius
1491 489 1610 560 sapiens
1625 496 1670 546 eat
1685 507 1692 546 :

144 547 242 604 adbuc
256 551 366 604 terram
382 564 440 604 uon
456 547 574 620 lecerat,
590 552 620 607 ct
634 550 768 622 flumina,
1023 553 1073 624 qui
1089 558 1188 609 autem
1204 555 1301 610 stertit
1315 562 1427 623 astate,
1443 557 1523 614 tilius
1538 561 1731 621 contusionis.

143 626 172 676 et
187 619 323 675 cardines
339 620 418 676 orbis
435 624 530 676 terre.
988 624 1157 680 Benedictio
1172 625 1288 681 Domini
1305 643 1394 700 super
1408 634 1496 700 caput
1507 631 1602 700 justi:

108 690 232 758 Quando
246 691 430 763 preparabat
443 691 542 759 coeloe,
559 694 678 750 ederam
694 711 701 752 :
1024 711 1057 751 os
1073 702 1170 752 autem
1187 697 1346 769 impiorum
1363 700 1457 781 operit
1469 702 1669 775 iniquitatem,

144 763 263 835 quando
278 769 358 819 certa
373 763 448 834 lege,
464 768 492 820 at
506 778 577 837 gyro
591 765 717 823 vallabat
732 766 856 841 abyssos
871 781 879 821 t
988 767 1128 824 Memoria
1140 768 1213 838 justi
1228 784 1296 824 cum
1312 768 1462 838 laudibus,

109 837 230 903 Quando
246 833 353 891 athara
369 835 506 891 firmabat
518 852 649 905 sursum,
807 862 809 866 ¹
1024 845 1053 894 et
1068 854 1174 896 nomen
1189 839 1350 913 impiorum
1367 846 1524 913 putrescet.

144 911 173 963 et
188 906 315 990 librabat
330 908 424 963 ionias
440 923 596 978 aquarum.
988 910 1111 980 Sapiens
1126 911 1214 967 corde
1228 927 1373 985 praeapte
1388 915 1553 988 suscipiat:

109 979 232 1044 Quando
245 977 447 1034 circumdabat
461 977 536 1035 mari
551 980 713 1037 terminum
728 997 827 1051 suum,
1025 982 1135 1039 stultus
1150 983 1271 1039 ceditur
1286 983 1384 1040 labiis.
1761 1031 1764 1035 ,

145 1055 175 1107 et
203 1050 297 1122 legem
327 1050 455 1124 ponebat
481 1049 581 1125 aquia,
608 1068 645 1109 ue
672 1052 834 1111 transirent
862 1050 936 1108 llues
990 1053 1044 1118 Qui
1061 1052 1192 1110 ambulat
1207 1055 1391 1128 simpliciter,
1407 1055 1541 1114 ambulat
1555 1058 1760 1116 confidenter:

183 1137 255 1178 suos
270 1136 277 1178 :
1026 1127 1077 1208 qui
1092 1132 1191 1182 sutem
1206 1129 1344 1198 depravet
1359 1129 1419 1184 vies
1434 1144 1515 1195 suaa,
1532 1131 1708 1188 manifestus
1722 1134 1788 1189 erit.

111 1194 235 1259 Quando
251 1192 435 1265 appendebat
448 1191 644 1252 fundamenta
658 1198 754 1268 tarra,
990 1196 1045 1261 Qui
1061 1198 1166 1253 annuit
1181 1198 1276 1267 oculo,
1289 1200 1372 1255 dubit
1392 1199 1523 1256 dolorem
1540 1217 1547 1256 ε

147 1281 215 1320 oum
231 1279 264 1320 eo
279 1279 360 1320 eram
377 1268 485 1320 eunote
500 1280 680 1338 componens
698 1284 705 1325 :
1027 1269 1136 1325 stultus
1152 1269 1239 1326 labiis
1254 1270 1468 1329 verberabitur.

148 1341 177 1392 et
192 1335 361 1392 delectabar
376 1350 428 1406 par
443 1335 576 1409 singulos
591 1338 665 1411 dies,
991 1342 1074 1396 Vena
1088 1341 1165 1411 vita,
1181 1357 1214 1397 os
1230 1341 1302 1412 lusti
1320 1358 1326 1396 :

111 1409 230 1466 Ludens
245 1423 343 1463 eoram
360 1422 393 1462 ao
409 1409 490 1463 omni
504 1414 647 1482 tempora,
1026 1417 1055 1468 et
1070 1428 1101 1468 os
1116 1412 1276 1485 impiorum
1292 1413 1402 1485 operiet
1417 1412 1617 1486 iniquitatem.

148 1479 256 1536 ludens
271 1484 301 1534 in
317 1479 387 1534 orbe
403 1483 550 1536 terrarum
567 1496 573 1537 :
991 1484 1098 1541 Odium
1114 1485 1238 1541 suscitat
1253 1485 1331 1541 rixas
1348 1501 1355 1541 z

149 1555 178 1608 et
191 1550 301 1608 delicie
317 1567 386 1607 mea
402 1567 468 1608 essa
483 1568 550 1608 cum
566 1551 635 1610 liliis
649 1553 816 1611 hominum.
1027 1560 1057 1611 ct
1072 1555 1209 1613 universa
1223 1556 1332 1613 delicta
1346 1555 1457 1629 oporiet
1471 1555 1612 1614 charitas.

113 1624 198 1680 Nune
212 1638 296 1707 ergo,
309 1622 374 1688 sslii,
390 1625 490 1707 audite
506 1640 553 1680 ma
570 1641 577 1679 :
992 1627 1024 1684 ln
1039 1626 1126 1683 leoiie
1141 1627 1285 1700 sapientis
1301 1630 1448 1685 invenitur
1462 1642 1494 1683 sa
1518 1627 1608 1685 ieutia
1625 1646 1632 1686 :

151 1700 231 1751 Beati
246 1695 487 1776 quineastodiunt
501 1694 563 1751 vias
579 1712 669 1752 meas.
952 1709 978 1779 Β
1027 1702 1056 1754 at
1069 1697 1151 1771 virga
1164 1700 1195 1756 in
1211 1700 1297 1755 dorso
1312 1701 1377 1771 ejus
1392 1699 1442 1771 qni
1457 1645 1571 1772 inligat
1585 1700 1683 1757 corda.

114 1768 221 1823 Audite
236 1765 436 1847 disciplinam,
451 1772 481 1822 et
495 1770 588 1823 estote
603 1769 761 1840 sepientes,
993 1770 1145 1843 Sapientes
1160 1772 1346 1828 abscondunt
1360 1771 1511 1828 seientiam
1529 1787 1535 1827 :

151 1844 180 1893 et
196 1838 286 1893 nolite
300 1839 426 1908 abjicere
441 1853 516 1894 cam.
1028 1858 1061 1897 os
1077 1846 1174 1898 autem
1189 1843 1273 1898 stulti
1288 1843 1455 1899 confusioni
1470 1842 1636 1915 proximum
1652 1846 1708 1901 cst.

114 1914 222 1966 Beatus
237 1908 325 1966 bomo
339 1908 390 1980 qui
405 1910 489 1967 audit
503 1925 560 1981 me,
993 1913 1165 1970 Substantia
1180 1913 1288 1983 divitis,
1305 1915 1375 1971 urba
1391 1913 1572 1971 fortitudinis
1587 1915 1652 1987 ejus
1670 1931 1677 1972 τ

152 1980 201 2054 qui
216 1979 319 2055 vigilat
332 1981 369 2036 ad
385 1981 461 2038 iores
478 1997 559 2038 meaa
574 1981 717 2056 quotidie,
1030 2000 1119 2058 pavor
1134 2001 1190 2057 peu
1214 2001 1308 2051 erum,
1323 1992 1438 2059 egestas
1453 2001 1567 2044 eorum.

151 2059 181 2110 et
195 2053 330 2109 observat
344 2053 380 2108 ad
396 2058 494 2126 postes
510 2054 578 2111 ostii
594 2055 663 2110 mei.
994 2056 1075 2129 Opus
1085 2057 1158 2127 justi
1174 2002 1212 2114 ag
1226 2058 1314 2114 vitam
1332 2075 1339 2113 :

115 2125 171 2193 Qui
187 2140 234 2181 me
250 2124 403 2192 invenerit,
419 2124 547 2182 inveniet
571 2125 672 2195 vllam,
1030 2128 1143 2184 fruetus
1158 2134 1257 2184 aulem
1272 2129 1353 2211 impii
1370 2128 1406 2184 ed
1423 2131 1586 2200 peceatum.

152 2202 181 2252 at
196 2197 312 2253 hauriet
326 2196 451 2253 salutem
467 2214 484 2252 a
499 2197 623 2254 Domino
640 2213 647 2254 ι
994 2199 1048 2255 Via
1063 2201 1136 2266 vita,
1153 2200 1330 2256 custodienti
1345 2198 1532 2272 disciplinam
1548 2215 1556 2256 τ

115 2269 171 2333 Oui
186 2274 284 2325 autem
300 2269 330 2322 in
345 2284 391 2324 me
407 2270 578 2341 peccaverit,
595 2269 681 2324 ledet
695 2266 826 2323 animam
842 2281 938 2323 suam.
1030 2271 1080 2342 qui
1096 2275 1195 2327 eutem
1211 2271 1430 2345 increpationes
1446 2270 1594 2355 relinquit,
1610 2275 1699 2331 errat.

152 2340 271 2407 Omnes,
308 2340 338 2394 ui
355 2356 401 2396 me
416 2341 549 2411 oderunt,
565 2338 694 2413 diligunt
709 2345 843 2396 mortem.
994 2342 1185 2400 Abscondunt
1199 2344 1299 2399 odium
1316 2342 1393 2399 labia
1409 2342 1582 2399 mendacia:

114 2411 195 2495 [Cap.
206 2413 274 2495 lid]
287 2354 437 2483 gapieutia
451 2411 605 2468 edificavit
619 2411 676 2469 sibi
691 2412 824 2482 domam,
1030 2415 1079 2484 qui
1095 2414 1205 2540 profert
1223 2413 1445 2485 contumeliam,
1461 2413 1605 2496 insipiens
1619 2419 1674 2472 est.

152 2485 260 2539 excidit
274 2482 428 2539 columnas
442 2491 565 2555 sepiem.
996 2488 1028 2543 lu
1044 2503 1094 2542 inii
1111 2485 1231 2558 titoquio
1245 2493 1397 2559 peccatum
1412 2501 1471 2541 non
1487 2487 1579 2542 deerit
1594 2502 1602 2543 t

115 2554 285 2611 immolavit
299 2554 435 2611 victimas
451 2571 533 2624 suas,
549 2553 671 2612 miscuit
684 2553 796 2622 vinum,
1030 2558 1081 2630 qui
1097 2562 1196 2614 autem
1212 2559 1382 2614 moderatur
1396 2556 1474 2613 labia
1489 2573 1553 2624 sua,
1567 2556 1818 2630 prudentissimus

151 2632 182 2683 et
197 2626 349 2700 proposuit
362 2642 494 2684 mansam
508 2642 605 2684 suam.
1065 2635 1121 2685 est.

114 2699 196 2755 Misit
211 2698 333 2754 ancillas
346 2715 426 2770 sues,
440 2703 473 2755 ut
487 2702 622 2756 vocarant
636 2698 673 2755 ad
688 2713 797 2767 aream,
994 2702 1154 2772 Argentum
1171 2698 1310 2765 electum,
1326 2697 1429 2771 lingua
1441 2697 1515 2766 iusti
1532 2714 1539 2752 :

151 2775 181 2826 et
196 2773 230 2826 ad
247 2771 355 2826 maenia
369 2771 495 2827 civitatis
512 2787 520 2826 r
1030 2787 1081 2828 eor
1094 2776 1192 2827 autem
1208 2774 1248 2826 im
1272 2773 1367 2827 iorum
1382 2768 1553 2842 pronihilo.

115 2842 145 2898 si
163 2841 231 2913 quis
246 2845 291 2899 est
308 2842 457 2915 parvulus,
473 2841 572 2898 veniet
586 2840 622 2898 ed
637 2857 695 2898 me.
899 2851 901 2856 '
996 2842 1088 2900 Labie
1097 2842 1172 2914 justi
1188 2856 1240 2899 eru
1263 2842 1329 2898 iant
1342 2841 1487 2916 plurimos
1504 2857 1511 2896 τ

153 2913 186 2969 lit
201 2913 410 2986 insipientibus
425 2913 523 2971 locuta
537 2917 583 2970 est
600 2929 606 2968 :
1031 2915 1082 2986 qui
1097 2917 1196 2970 nutam
1217 2914 1325 2973 indocti
1350 2917 1433 2980 suut,
1448 2914 1478 2969 in
1493 2909 1592 2971 cordis
1612 2913 1741 2983 egestate
1755 2926 1818 2968 mo-

116 2984 226 3054 lenite,
241 2985 385 3043 comedite
399 3001 506 3059 panem
522 3000 633 3054 meum,
1066 2987 1189 3042 riantur.

152 3063 182 3114 et
195 3057 285 3114 bibita
300 3058 400 3114 vinum
414 3058 490 3129 quod
507 3055 613 3115 miscui
627 3055 708 3113 robis
955 3082 977 3150 c
996 3055 1163 3114 Benedictio
1178 3055 1296 3114 Domini
1310 3054 1415 3112 divites
1430 3054 1511 3124 iecit,

117 3129 284 3201 deliaquite
299 3129 465 3200 infantiam,
481 3133 510 3185 et
523 3128 619 3197 vivite,
1032 3145 1085 3185 uec
1100 3129 1263 3184 sociabitur
1276 3128 1320 3184 eis
1334 3126 1467 3183 aillictio.

153 3205 183 3258 et
198 3200 350 3258 ambulate
365 3215 416 3273 par
429 3201 492 3257 vius
507 3197 680 3273 prudentie.
996 3201 1083 3266 Quasi
1100 3216 1152 3272 per
1167 3199 1258 3256 risum
1275 3199 1386 3256 stultus
1400 3201 1540 3271 operetur
1553 3195 1672 3255 scelus:

115 3271 171 3335 Oui
187 3275 285 3329 erudit
298 3273 470 3341 derisorem,
485 3272 548 3345 ipse
564 3271 620 3328 sibi
639 3269 707 3326 iecit
721 3268 861 3342 injuriam
878 3284 885 3324 :
972 3291 979 3306 ’
1032 3288 1065 3329 sa
1088 3271 1177 3327 lentie
1193 3276 1291 3327 sutem
1307 3275 1353 3327 est
1364 3269 1427 3326 viro
1442 3269 1610 3343 prudentia.

151 3352 181 3400 et
209 3346 259 3416 qni
275 3344 373 3417 arguit
386 3343 525 3416 impium,
541 3343 597 3400 sibi
613 3341 761 3399 maculem
776 3344 906 3414 generet.
996 3289 1177 3409 odorftimat
1189 3343 1309 3416 impius,
1325 3340 1423 3398 veniet
1437 3357 1526 3468 ειεξιτ
1541 3355 1631 3398 eum:

114 3414 181 3473 Noli
198 3431 320 3488 arguere
335 3415 507 3481 derisorem,
524 3431 561 3472 ne
579 3414 674 3471 oderit
688 3419 727 3473 te.
1031 3415 1212 3473 desiderium
1228 3431 1316 3471 suum
1329 3414 1421 3487 justis
1435 3414 1473 3470 da
1495 3417 1565 3469 itur.

152 3495 251 3558 Argus
266 3487 439 3561 sapientem,
456 3492 485 3544 et
498 3487 596 3560 diligit
611 3491 649 3543 te.
996 3486 1085 3551 Quasi
1101 3490 1262 3559 tempesias
1277 3486 1438 3552 transiens,
1452 3501 1511 3541 nou
1527 3484 1583 3541 erit
1598 3482 1709 3557 impius
1724 3498 1733 3539 t

116 3560 160 3617 Da
175 3560 301 3631 sapienti
316 3558 551 3628 occasionem,et
570 3559 694 3615 addetur
706 3554 732 3613 ei
748 3555 904 3629 sapientie.
1028 3561 1130 3632 justus
1162 3564 1260 3615 autem
1289 3558 1375 3630 quasi
1408 3557 1636 3614 fundamentum
1665 3552 1822 3628 sempitsr·
1923 3540 1928 3557 '

153 3635 229 3687 Doce
245 3632 368 3703 justum,
384 3634 412 3686 et
426 3629 579 3687 testinablt
593 3630 735 3701 accipere.
1066 3647 1149 3686 num.

118 3703 299 3776 Principium
314 3701 475 3774 sapientie,
490 3702 581 3758 timor
596 3701 709 3759 lioniini
726 3716 734 3756 τ
996 3700 1079 3756 Siout
1095 3699 1372 3782 acetumldentibus,
1387 3701 1416 3752 et
1431 3697 1530 3754 furnus
1545 3696 1649 3770 oeulis,

152 3781 181 3831 et
196 3775 319 3830 scicntia
335 3778 518 3839 sanctorum,
530 3773 697 3846 prudentia.
1032 3772 1074 3827 sic
1089 3772 1171 3843 piger
1185 3770 1232 3825 his
1248 3786 1300 3841 qui
1315 3773 1461 3852 miserunt
1474 3784 1553 3825 eum.

112 3845 169 3901 Per
184 3862 231 3901 rue
245 3847 322 3902 enim
339 3845 618 3919 multiplicabuntur
631 3845 693 3901 dies
706 3841 760 3912 tul,
994 3843 1094 3899 Timor
1108 3841 1223 3898 Domini
1239 3845 1367 3912 apponet
1382 3839 1445 3895 dies
1462 3855 1468 3893 :

150 3922 179 3973 et
194 3917 340 3974 addentur
355 3916 408 3974 tibi
424 3917 493 3973 enni
509 3917 587 3973 vitae.
1030 3918 1060 3970 et
1075 3913 1145 3970 anni
1158 3912 1318 3985 impiorum
1333 3910 1554 3995 breviabuntur.

113 3987 144 4044 si
161 3989 281 4061 sapiens
294 3988 398 4056 lucris,
413 3987 590 4062 tibimetipsi
607 3986 667 4044 eris
682 4002 690 4041 τ
995 3984 1182 4057 Exspectatio
1196 3987 1345 4056 justorum
1360 3981 1462 4038 latitia
1478 3999 1485 4037 :

151 4061 177 4117 si
191 4065 291 4118 autem
306 4061 421 4128 illusor,
436 4059 518 4117 solus
535 4060 666 4133 portabis
681 4055 802 4115 malum.
1032 4073 1099 4130 spes
1114 4062 1213 4112 autem
1229 4056 1390 4128 impiorum
1406 4052 1524 4136 peribit,

116 4131 221 4189 Mulier
235 4131 326 4189 stulta
340 4137 370 4189 et
384 4131 526 4201 clamose,
995 4128 1150 4186 Fortitudo
1165 4127 1310 4200 simplicis
1324 4125 1371 4182 vie
1385 4125 1504 4182 Domini

154 4203 300 4276 plenaque
315 4202 472 4272 illecebris,
488 4207 517 4260 st
532 4201 605 4258 nibil
621 4200 741 4259 omniuo
756 4197 863 4267 sciens,
1031 4204 1061 4256 et
1076 4216 1163 4271 pavor
1177 4199 1235 4267 liis,
1250 4199 1301 4271 qui
1316 4202 1477 4270 operentur
1492 4195 1616 4279 malum.

116 4275 198 4332 Sedit
213 4276 242 4332 iu
257 4275 368 4332 loribus
385 4275 491 4332 domus
507 4290 578 4340 aue,
975 4279 978 4283 ’
995 4273 1101 4329 luctus
1116 4271 1146 4327 iu
1161 4276 1303 4327 aeteruum
1319 4285 1377 4325 nou
1393 4268 1650 4325 commovebitur:

115 4417 138 4475 U
153 4363 241 4419 super
257 4345 358 4404 sallem
372 4347 402 4402 iu
418 4346 531 4404 excelso
546 4344 630 4429 urbis
644 4342 719 4412 loco,
996 4342 1119 4473 Oimpiti·
1132 4350 1229 4469 sutram
1241 4358 1304 4469 rign
1321 4339 1499 4468 ὴιὶὺίῑῧὴιῐιὲιι
1510 4354 1601 4413 super
1614 4341 1736 4409 terram,

143 4422 656 4573 ².l⁰i.”.‘,⁰lli.t⁰iittit⁸.it”⁸⁰⁰⁹
955 4451 980 4519 Ι)
1021 4415 1499 4571 idistendisset‚·

115 4563 188 4627 Quia
204 4567 248 4619 ast
263 4560 427 4634 parvulus?
441 4560 568 4619 declinat
582 4560 618 4617 ad
634 4574 691 4614 me.
997 4558 1087 4614 Labia
1097 4558 1173 4628 justi
1188 4557 1377 4639 considerant
1393 4554 1522 4627 placita:

154 4633 518 4690 Etvecordilocutaest:
1024 4629 1281 4699 atesimpiorum
1299 4640 1445 4699 perversa.
1514 4694 1521 4706 ι
1578 4694 1583 4705 ,

117 4707 208 4779 Aque
225 4706 338 4761 furtiva
352 4703 500 4761 dulciores
513 4706 593 4787 suut²
996 4700 1074 4774 [top.
1092 4699 1152 4773 xi}
1166 4703 1281 4757 statera
1300 4697 1411 4770 dolosa,
1425 4697 1604 4753 abominatio
1626 4694 1704 4769 apud
1721 4690 1823 4750 Domi·

154 4780 184 4833 et
198 4776 284 4849 penis
300 4775 494 4833 absconditus
511 4789 640 4833 suavior.
1069 4787 1139 4827 num
1158 4788 1165 4826 ε

117 4851 155 4907 iti
169 4846 313 4919 ignoravit
327 4848 405 4921 quod
420 4847 460 4902 ibi
475 4847 610 4931 gigantes
625 4844 693 4912 sint,
1032 4849 1060 4926 et
1095 4844 1190 4926 ondus
1203 4856 1318 4925 equum
1336 4839 1486 4923 'voluntas
1502 4838 1578 4909 ejus.
1656 4908 1664 4923 .

153 4924 183 4975 et
197 4919 227 4976 in
243 4919 399 4992 profundis
413 4918 520 4977 inferni
535 4916 660 4974 conviva
676 4915 751 4986 alus.
997 4914 1051 4972 Ubi
1067 4861 1155 4999 lirant
1169 4913 1317 5041 superbis,
1334 4910 1376 4968 ibl
1390 4916 1446 4995 erit
1462 4912 1491 4965 et
1505 4906 1684 4995 eoptnmalia
1701 4923 1708 4962 :

314 5032 514 5089 ΡᾸΗΑΒΜ
530 5028 746 5088 ΒΑΒΟΜΟΝῙΒ·
997 4982 1646 5129 sigilliiffiuiiffilffiissl'gel‘silpffnm'

116 5130 198 5204 [Cep.
215 5131 262 5205 it]
276 5132 368 5189 Filius
384 5131 504 5204 sepiens
519 5131 647 5187 letificat
662 5133 774 5202 patrem
793 5145 800 5183 :
1032 5134 1061 5185 et
1075 5127 1277 5200 supplantatio
1293 5138 1496 5198 perversorum
1510 5120 1640 5205 vastabit
1654 5118 1732 5175 illos.

153 5203 234 5261 tilius
247 5220 315 5260 vero
330 5204 441 5260 stultus
457 5202 596 5259 moestitia
610 5207 656 5257 est
670 5200 775 5258 matris
789 5214 860 5257 sua.
998 5201 1060 5258 Nou
1078 5202 1238 5272 proderunt
1252 5196 1359 5254 divitiis
1375 5197 1405 5251 in
1418 5193 1466 5250 dis
1480 5192 1602 5248 ultionis
1616 5209 1624 5249 ε

118 5275 185 5334 Non
201 5276 361 5348 proderunt
377 5275 507 5332 thesauri
522 5271 682 5347 impietatis
698 5288 705 5326 :
1029 5270 1146 5343 justitia
1161 5274 1261 5325 autem
1276 5267 1414 5327 liberabit
1427 5282 1445 5322 a
1460 5267 1565 5320 morte.

149 5346 269 5419 justitia
283 5362 351 5403 vero
365 5345 504 5403 liberabit
520 5363 536 5402 a
552 5350 654 5401 morte.
996 5342 1118 5400 lustitia
1133 5338 1275 5414 simplicis
1289 5338 1397 5411 diriget
1410 5337 1486 5394 viem
1502 5336 1567 5407 alus
1583 5349 1590 5390 :

119 5416 185 5476 Nou
200 5417 312 5546 affliget
325 5419 468 5476 Dominus
482 5417 559 5474 ieme
573 5416 704 5472 animam
714 5413 801 5486 J'osti.
1033 5418 1062 5471 st
1076 5416 1105 5471 iu
1120 5413 1269 5487 impietate
1283 5427 1339 5495 sue
1355 5412 1472 5493 corruet
1486 5405 1607 5480 impius.

153 5494 182 5547 et
198 5490 256 5547 iusi
278 5488 323 5547 lae
337 5489 497 5563 impiorum
513 5488 665 5546 subvertet
676 5488 698 5542 ¹.
997 5486 1013 5544 J
1018 5486 1119 5544 ustitia
1134 5489 1281 5542 rectorum
1296 5481 1434 5539 liberabit
1448 5494 1498 5536 sos
1514 5495 1522 5537 r

154 5633 301 5689 iuduunt
320 5632 454 5705 Vulgata
480 5630 607 5697 codices,
623 5628 677 5700 Qui
698 5629 802 5686 nititur
823 5625 944 5684 mando·
998 5627 1128 5684 melioris
1144 5630 1219 5683 note
1233 5620 1471 5697 Hieronymianis
1491 5616 1643 5675 codicibus
1658 5613 1821 5687 atquslm·

116 5700 184 5772 elie,
199 5703 244 5760 ie
256 5706 345 5777 poerit
358 5708 467 5767 ventor:
482 5703 556 5761 idem
566 5710 657 5759 ocum
672 5702 728 5773 ipre
741 5699 869 5771 sequitur
881 5713 946 5757 ceca
999 5700 1109 5774 pressis
1124 5697 1224 5773 Regiis
1238 5694 1339 5753 bibliis
1354 5708 1412 5751 uon
1427 5695 1510 5751 aaut.

114 5773 263 5841 cebetis:
277 5791 341 5850 qua
356 5776 466 5835 nedum
482 5775 512 5832 in
535 5773 665 5845 Bebase,
678 5773 730 5832 red
746 5770 901 5845 atiliaco,
916 5770 945 5828 et
