3870 6120
707 166 813 221 LIBER
833 167 938 224 isam
958 168 1168 227 unorum.

1734 191 1789 251 sau

116 288 384 366 ingenerationem
401 293 431 347 et
446 289 666 364 generationem
681 287 858 345 habitabunt
876 289 906 345 in
921 295 947 362 g
999 307 1051 347 nee
1068 292 1175 363 poteris
1190 310 1223 349 eii
1239 299 1267 351 te
1282 298 1411 369 probaro
1426 319 1597 366 ascensores
1612 326 1714 370 eorum
1733 332 1740 372 :

116 379 163 421 ea.
719 403 722 409 .

92 437 162 509 Cup.
178 433 304 502 XXXV.)
318 434 476 490 Laetabitur
490 434 606 489 deserte
620 436 649 488 et
663 430 751 499 invia,

117 513 149 564 et
162 506 324 563 exsultabit
336 505 478 575 solitudo,
493 511 522 562 et
537 504 653 561 llorebit
666 504 751 577 quasi
767 503 873 561 lilium.

90 579 259 638 terminans
292 577 463 643 erminahit,

116 659 147 709 et
163 593 324 707 exsultabit
337 648 507 707 letabunda
523 652 552 705 et
567 645 696 705 laudans
714 664 721 703 :

89 721 182 781 {loris
194 722 299 778 Libani
316 723 386 779 data
397 727 443 779 est
458 721 496 787 ei,

118 796 208 852 deror
222 792 380 862 charmeli,
396 799 425 850 et
439 793 543 850 Saron.

89 868 147 995 {peit
157 866 301 995 agdebunt
315 862 584 994 ssloriamtDomini,

117 954 135 996 e
184 954 299 994 acorem
340 952 503 994 einosri:

89 1010 253 1068 luniortate
266 1026 375 1066 manus
390 1008 563 1079 dissolutas,

117 1088 148 1139 et
161 1099 260 1168 genua
274 1081 385 1138 debilia
399 1081 546 1150 roborate,

117 1155 213 1213 Dioite
229 1152 426 1226 pusillanimis
443 1169 450 1208 ε

89 1225 307 1296 loulurtomini,
322 1225 413 1281 nolite
427 1224 532 1279 timere
548 1239 556 1278 ι

119 1315 188 1355 ecoe
202 1297 280 1354 Deus
295 1301 393 1354 vester
407 1295 550 1351 ultionem
562 1294 690 1350 adducet
702 1293 914 1353 retributionis:

120 1375 198 1426 Deus
214 1369 279 1442 ipse
295 1369 403 1438 veniet,
420 1373 448 1423 et
464 1362 591 1423 salvabit
604 1382 666 1423 vos.

89 1443 168 1501 luno
184 1441 355 1513 aperientur
369 1439 447 1496 oeuli
462 1454 617 1507 nauoruin,
667 1466 671 1474 -

119 1520 152 1571 et
168 1529 257 1570 aures
272 1513 432 1570 surdorum
448 1512 601 1584 patebunt.

89 1587 168 1644 lune
185 1584 271 1642 saliet
287 1584 365 1641 siout
379 1598 483 1641 nervus
498 1582 633 1650 claudus,

121 1666 152 1714 et
167 1662 270 1728 aperta
285 1658 340 1712 erit
356 1655 457 1727 lingua
471 1659 634 1724 mutorum,

88 1731 162 1798 Quia
178 1730 277 1785 scissa
293 1732 363 1784 sunt
378 1727 406 1782 in
424 1727 540 1781 deserto
556 1742 650 1798 aqua,

123 1808 153 1858 et
168 1805 326 1869 torrentes,
342 1800 372 1854 in
388 1796 557 1855 solitudine.

88 1874 123 1930 lit
137 1888 205 1945 quas
219 1875 281 1928 erat
295 1870 388 1939 arida,
404 1870 460 1925 erit
475 1869 504 1924 in
518 1874 668 1942 stagnum,

124 1951 154 2000 et
169 1945 274 2000 sitiens
289 1943 317 1998 in
334 1944 428 1998 innisa
444 1956 596 2013 uquarum.

89 2018 123 2073 ln
137 2015 335 2085 cubilibus,iu
352 2013 461 2086 quibus
478 2013 560 2085 priua
576 2013 717 2068 drooonei
732 2010 916 2082 habitabant,

125 2088 238 2143 orietur
251 2087 331 2143 viror
345 2084 450 2141 aelami
467 2089 495 2140 et
506 2084 602 2155 janui.

90 2161 125 2216 iit
141 2159 181 2214 ibi
197 2160 251 2215 erit
266 2159 305 2214 ibi
322 2158 429 2214 semita
444 2161 473 2211 et
487 2158 545 2227 via,

124 2236 154 2286 et
170 2230 217 2287 iiia
232 2235 334 2286 saneta
350 2227 501 2285 vocabitur
518 2244 524 2282 :

90 2302 154 2360 lion
172 2301 312 2358 transibit
328 2317 379 2374 per
394 2317 456 2356 eain
494 2298 616 2366 ollutus,

126 2379 155 2429 et
171 2374 231 2430 haeo
247 2373 303 2429 erit
318 2371 402 2428 nobis
418 2317 508 2443 (lurp.
524 2369 607 2426 vohis
624 2369 644 2441 ⁸)
658 2366 770 2428 directa
784 2370 841 2440 vie,

126 2446 169 2502 its
184 2450 216 2501 ut
231 2445 314 2502 stulti
331 2461 388 2500 uon
405 2449 504 2502 errent
521 2459 572 2515 per
587 2458 663 2497 sam.

91 2517 156 2575 Non
172 2518 228 2574 erit
242 2516 282 2572 ibi
297 2516 353 2582 leo,

126 2595 155 2648 et
170 2588 247 2645 mala
262 2588 357 2644 bestia
372 2602 430 2642 non
446 2584 585 2642 aseendet
599 2601 651 2656 per
664 2600 741 2653 eam,

127 2677 182 2719 neo
198 2661 363 2716 inuenietur
378 2658 418 2714 ibi
435 2673 441 2711 :
881 2706 884 2711 .

94 2733 127 2790 lit
141 2733 339 2789 ambulabunt
353 2730 407 2800 (At.
424 2727 490 2784 odd.
508 2741 559 2799 per
573 2728 651 2799 eam)
665 2727 717 2802 qui
732 2726 847 2786 liberati

127 2805 249 2870 luerint,
265 2811 294 2859 et
309 2801 452 2874 redempti
469 2816 486 2855 a
502 2799 633 2855 Domino.

95 2875 318 2942 Convertuntur,
335 2878 364 2929 et
378 2870 534 2928 venientia
549 2870 618 2927 Sion
634 2886 701 2927 oum
717 2871 805 2929 laudo

127 2954 157 3006 et
172 2947 275 3003 letitia
289 2945 469 3018 sempiterna
481 2959 570 3013 super
585 2949 673 3016 eaput
688 2959 789 3000 sorum
807 2961 814 2999 :

97 3019 243 3079 (laudium
260 3024 288 3076 et
303 3017 433 3073 letitiam
451 3015 635 3082 obtinebunt,

127 3099 159 3151 et
174 3092 267 3161 lugiet
281 3089 365 3146 dolor
380 3094 409 3144 et
422 3087 561 3160 gemitus.

97 3163 175 3239 (Cup.
187 3161 372 3289 Angli?
388 3161 494 3216 loetum
511 3164 557 3214 est
568 3158 596 3213 iii
610 3161 712 3231 quarto
723 3157 836 3215 decimo
847 3174 924 3215 anno

168 3250 198 3291 re
222 3251 247 3290 is
282 3249 331 3289 aeo
354 3249 398 3298 iae,

130 3251 267 3364 asoegdit
280 3301 479 3361 Sennacherib
495 3317 542 3357 rei
557 3300 744 3373 Assyriorum
760 3318 849 3375 super
863 3318 924 3358 om·

169 3394 222 3434 nes
237 3377 370 3433 civitates
385 3375 460 3431 ludo
476 3372 649 3437 munitas,st
664 3373 740 3444 oepit
754 3389 813 3430 eas.

93 3452 128 3507 Bt
145 3447 227 3506 misit
243 3465 292 3504 rex
305 3446 489 3520 Assyriorum
507 3444 656 3500 Rahsacen
672 3446 708 3500 de
724 3444 829 3501 Lochis
845 3446 874 3501 in

170 3520 381 3588 ierusalem,ad
399 3534 494 3590 regem
512 3516 662 3572 insoniam
680 3517 707 3570 in
726 3533 814 3573 inanu
831 3517 922 3591 gravi,

132 3598 164 3651 et
179 3594 261 3649 statii
276 3593 303 3647 in
320 3592 496 3662 aqueductu
512 3588 631 3661 pisoinae
646 3588 807 3661 superioris
823 3590 854 3646 in
876 3592 924 3647 iiia

172 3664 241 3736 Agri
260 3661 389 3720 lullonis.

93 3736 134 3793 Et
150 3752 287 3810 egressus
302 3740 347 3792 est
362 3735 398 3790 ad
415 3748 482 3788 euin
497 3730 616 3786 illiaeim
632 3730 711 3786 iilius
727 3730 830 3788 Heleia
846 3731 897 3805 qui

171 3812 232 3864 erat
249 3825 282 3864 au
306 3824 338 3863 er
352 3807 485 3869 dumont,
502 3805 530 3858 et
544 3803 642 3858 Subna
657 3803 763 3873 scriba,

133 3883 165 3935 et
178 3877 268 3936 loahe
283 3824 361 3934 illius
376 3874 470 3948 Asaph
487 3892 504 3930 a
519 3874 752 3933 Commentariis.

94 3953 131 4006 Et
147 3950 221 4007 dixit
235 3952 270 4006 ad
288 3967 338 4007 eos
353 3950 500 4006 Rabsaces
517 3962 524 4003 :

133 4022 226 4079 Dioita
242 4022 369 4079 Daechia
386 4039 393 4078 :

93 4098 165 4151 Here
181 4095 254 4150 dioit
269 4110 317 4150 rex
334 4107 458 4166 maguus
475 4106 524 4145 rex
537 4088 724 4161 Assyriorum
742 4107 749 4145 :

131 4167 202 4233 Qua
218 4171 263 4222 ost
275 4166 334 4222 ista
347 4164 465 4228 ilduoia,
481 4178 541 4234 qua
555 4159 702 4244 oonlldis?

133 4242 185 4294 aut
198 4254 259 4364 qo?o
283 4236 406 4295 oonsilio
427 4234 471 4291 vel
497 4233 669 4289 tortitudine
693 4230 834 4291 rebellare
858 4231 920 4291 dis·

133 4326 222 4381 punio

96 4380 193 4453 Super
207 4396 294 4452 quern
309 4379 401 4436 habes
415 4376 566 4439 fluorisin,
582 4374 650 4446 quia
665 4375 815 4433 recessisti
829 4394 847 4433 a
862 4377 924 4434 mel
938 4390 962 4455 Ι)

964 363 1788 504 l‘tietantiaillitati*”⁰¹⁰⁸'⁰⁰i0‘

999 507 1262 651 Queqlduiatiitlossiilidis
1276 512 1306 568 in
1322 514 1453 589 AEgypto,
1470 520 1499 576 in
1516 495 1670 601 quadriga,
1702 534 1731 587 et
1756 531 1786 589 lii

1000 656 1123 777 etiisipaiire¹
1136 623 1270 780 ndsndssid
1296 657 1493 782 {inritamina
1507 667 1665 726 ascendiad
1680 675 1788 733 terram

966 792 1109 849 Dominus
1123 764 1198 850 dixit
1212 741 1398 855 adpgeemm
1413 734 1502 790 eum?

966 866 1473 1004 anitienslntitttllttti
1490 883 1519 1005 l
1534 881 1669 1011 ‘'llil''de
1684 902 1760 944 ⁰⁰¹⁸·

966 1008 1096 1091 Loquere
1111 1010 1146 1092 ad
1163 983 1262 1095 seruos
1277 1020 1344 1071 tuos
1357 987 1428 1090 S’yra
1443 966 1566 1095 linagsna:
1609 957 1735 1016 ahman

1003 1080 1197 1164 intelligimus
1212 1100 1290 1139 enim
1309 1101 1315 1138 :

966 1150 1283 1299 Neqluoiqeusitrisz131(qung?¹
1289 1156 1412 1285 mim
1428 1163 1456 1218 in
1474 1166 1597 1226 auribus
1612 1170 1730 1243 populi,

968 1296 1002 1351 hi
1015 1294 1088 1350 dixit
1103 1296 1137 1349 ad
1155 1314 1205 1354 eos
1221 1301 1367 1359 Rahsaoes
1384 1319 1391 1358 :

1003 1368 1142 1451 Nunquid
1160 1369 1195 1424 od
1211 1370 1369 1429 Dominum
1386 1379 1470 1433 tuum
1487 1384 1516 1436 et
1531 1382 1566 1437 ad
1582 1387 1611 1440 te
1637 1385 1719 1443 misit
1745 1403 1793 1445 me

1041 1441 1179 1494 dominus
1193 1457 1288 1514 meus,
1304 1450 1335 1500 ut
1351 1446 1486 1518 loquerer
1500 1455 1601 1510 omniu
1616 1458 1703 1513 varha
1718 1458 1792 1529 isla3

1005 1515 1033 1567 et
1048 1526 1106 1565 non
1122 1513 1220 1582 potius
1235 1516 1270 1570 ad
1288 1517 1365 1574 viros
1380 1524 1429 1591 qui
1445 1523 1547 1580 sedent
1576 1527 1606 1582 in
1637 1546 1724 1587 muro
1760 1538 1793 1589 ut

1041 1586 1337 1645 comedantsteraora
1353 1607 1417 1659 suo,
1726 1575 1735 1604 ’

933 1666 957 1733 B
1008 1653 1150 1710 ethibant
1166 1658 1282 1713 urinam
1299 1662 1404 1732 pedum
1421 1680 1544 1723 suorum
1559 1669 1735 1729 robisouml

977 1725 1442 1853 Εῑθιῐῑιὲίὲξιὶιιιςιοεεμιιιιιιιιιιίι
1454 1752 1522 1794 vooe
1542 1756 1647 1815 inagna
1665 1746 1797 1820 ludulae,

971 1868 1078 1950 Audite
1090 1841 1178 1925 verba
1192 1871 1271 1953 ¹reglis
1287 1875 1385 1946 magni

972 1945 1296 2070 adibilili'l'ffll

972 2083 1173 2211 Nizizsseduoat
1186 2102 1236 2141 vos
1253 2087 1398 2157 ilaeohias,
1415 2092 1485 2165 quia
1500 2111 1559 2153 non
1570 2101 1679 2171 poterit
1692 2118 1794 2164 eruere

1009 2228 1043 2284 m
1058 2227 1213 2310 nounvohis
1238 2228 1348 2289 tribuat
1376 2232 1516 2295 flduoiam
1543 2240 1680 2302 Dzeohiaa
1703 2262 1795 2321 super

1045 2307 1179 2363 Domino,
1195 2300 1316 2358 dioens:

972 2370 1084 2427 llrueiis
1100 2369 1237 2428 liberabit
1250 2391 1303 2430 nos
1319 2375 1484 2436 Dominus:

1010 2459 1066 2498 non
1083 2443 1203 2499 dabitur
1216 2445 1318 2501 civitas
1331 2445 1389 2504 ista
1404 2448 1432 2505 in
1452 2468 1542 2511 manu
1559 2458 1637 2530 regis
1663 2461 1797 2536 Assyrio·

1045 2529 1121 2570 rum.

972 2583 1066 2642 Nolite
1080 2586 1181 2642 audire
1197 2587 1348 2645 Ezechiam
1365 2606 1373 2646 :

1009 2657 1069 2713 hac
1084 2657 1162 2712 enim
1178 2660 1249 2715 dioit
1265 2676 1313 2715 rex
1329 2663 1515 2735 Assyriorum
1534 2684 1541 2723 :

973 2728 1070 2785 l'soite
1087 2745 1201 2784 mecum
1211 2733 1452 2802 benedictionem,
1464 2744 1493 2791 et
1505 2741 1678 2811 egredimini
1689 2746 1725 2802 ad
1737 2763 1785 2805 me

1009 2807 1038 2855 et
1052 2803 1196 2856 comedite
1212 2804 1416 2878 unusquisque
1436 2809 1549 2867 vineam
1565 2829 1662 2885 suam,
1788 2791 1797 2818 ’

1009 2874 1256 2945 etunusquiaque
1272 2874 1358 2931 sicam
1375 2894 1457 2933 suain
1475 2896 1482 2935 ε

975 2944 1010 3000 Et
1025 2946 1115 3000 bibite
1131 2948 1335 3018 unusquisque
1350 2965 1457 3020 aquarn
1473 2952 1607 3012 cisternas
1623 2974 1694 3028 auo,

937 3034 958 3100 C
1012 3017 1104 3073 donno
1120 3017 1275 3071 ventumst
1291 3020 1391 3075 tollam
1410 3038 1459 3078 vos
1475 3025 1510 3080 ad
1526 3031 1645 3097 terram,
1663 3047 1727 3103 que
1751 3037 1798 3090 est
1879 3072 1886 3091 .

1049 3094 1082 3143 ut
1096 3094 1173 3173 terra
1184 3094 1279 3172 vestra
1293 3092 1472 3174 (assimilis
1488 3100 1570 3154 terra
1586 3105 1711 3176 vestre),

1012 3164 1121 3215 terram
1138 3163 1276 3215 immenti
1291 3169 1319 3218 et
1334 3167 1404 3231 viiii,

1012 3236 1120 3288 terrain
1137 3248 1246 3302 panum
1262 3240 1291 3288 et
1305 3235 1467 3293 vinearum.

979 3304 1036 3363 Neu
1051 3305 1206 3359 conturbet
1220 3321 1271 3360 vos
1285 3307 1431 3379 Eusebiae,
1446 3310 1547 3369 diuons
1564 3329 1570 3369 :

1014 3375 1155 3431 Dominus
1172 3376 1306 3433 liberabit
1322 3395 1385 3435 nos.

977 3447 1116 3518 Nunquid
1129 3447 1326 3504 liberaverunt
1336 3451 1514 3523 dilgeutium
1527 3458 1735 3533 unusquisque
1744 3465 1800 3519 ter·

1025 3590 1030 3601 Ι
1049 3535 1112 3574 ram
1128 3535 1213 3575 suain
1226 3521 1262 3575 de
1276 3537 1364 3579 manu
1380 3540 1411 3579 re
1432 3524 1457 3580 is
1471 3529 1684 3601 Assyriorum?

978 3589 1030 3647 Ubi
1044 3596 1088 3646 est
1098 3591 1170 3646 deus
1183 3591 1298 3657 Emath,
1315 3604 1341 3649 et
1357 3539 1501 3666 Arpffiadi

1015 3663 1064 3718 ubi
1080 3670 1125 3718 est
1139 3664 1425 3735 deusSepharvaim‘l

1015 3734 1147 3806 nunquid
1162 3734 1359 3792 liberaverunt
1374 3740 1538 3796 Samarium
1555 3743 1591 3797 do
1604 3761 1693 3800 manu
1711 3746 1799 3803 mea?

979 3806 1050 3872 Ouia
1066 3807 1311 3863 ostoxuninlbus
1335 3809 1391 3865 diis
1421 3816 1564 3868 terrarum
1588 3815 1725 3885 istarum,
1748 3818 1798 3890 qul
1892 3860 1896 3869 .

1049 3877 1158 3932 eruerit
1172 3884 1277 3934 terram
1293 3897 1377 3936 suam
1393 3881 1428 3937 de
1444 3900 1532 3938 manu
1554 3887 1641 3942 meai

978 3952 1013 4005 Bt
1026 3948 1184 4019 siluerunt,
1199 3956 1227 4007 et
1241 3951 1475 4011 uruatDnminua
1489 3955 1652 4015 Jerusalem
1664 3959 1797 4017 demauu

1012 4037 1114 4149 :allegari
1131 4093 1345 4164 responderunt
1360 4095 1385 4151 el
1402 4097 1533 4154 verbum.

978 4163 1166 4220 Mandaverat
1181 4165 1258 4220 enini
1273 4182 1333 4231 rex,
1349 4168 1451 4225 diosna
1466 4186 1473 4226 :

1012 4236 1054 4293 Ne
1065 4238 1269 4307 respondeatis
1283 4238 1320 4293 si.

976 4307 1227 4447 Eti⁰ffssfflf⁸⁸
1236 4308 1355 4366 ls'liaeim
1368 4308 1571 4381 filiuslleloia,
1583 4314 1700 4388 quierat
1709 4332 1800 4391 super
1886 4328 1889 4333 '

96 4453 170 4510 Eece
195 4453 320 4509 conssdis
348 4466 439 4522 saper
466 4446 603 4504 haeulum
629 4448 826 4506 arundineum
850 4465 921 4506 uon·
1011 4454 1047 4507 Et
1061 4452 1159 4508 Soboa
1173 4451 1281 4516 sariba,
1296 4457 1324 4509 et
1338 4453 1430 4511 Joahe
1447 4453 1526 4512 illius
1546 4457 1644 4530 Asaph
1672 4460 1798 4517 acom-

169 4524 294 4581 irautum
311 4523 415 4589 istum,
429 4537 517 4593 super
532 4518 687 4593 AEgyptum
704 4535 711 4575 :

133 4595 222 4679 euilsi
238 4595 355 4652 innisus
377 4593 464 4677 luerit
489 4593 587 4662 homo,
612 4591 734 4648 introbit
757 4591 921 4650 inmauum

97 4683 184 4795 sisi?
200 4665 463 4810 flssygtffigsslss
477 4680 619 4793 illisa

132 4811 184 4882 qui
200 4811 354 4868 oonildunt
369 4811 398 4866 ln
413 4825 457 4865 eo.

97 4882 178 4949 Quod
195 4883 220 4939 si
237 4880 421 4956 responderis
438 4878 531 4936 inihi:
550 4878 582 4936 ln
600 4878 722 4935 Domino

134 4955 192 5013 Deo
207 4959 308 5011 nostro
322 4952 499 5010 conlidimur
515 4966 522 5005 :

134 5042 232 5154 ιιοιιΙιιιὲ
247 5025 309 5112 lpse
319 5030 374 5094 eet,
391 5026 478 5097 eujus
488 5020 610 5079 obstulit
620 5020 880 5079 Dzeohiasexoelsa
895 5025 924 5078 st

169 5116 186 5152 a
232 5114 285 5166 ria,

133 5173 163 5224 et
175 5169 249 5226 dixit
263 5169 348 5227 Judie
361 5170 389 5224 et
401 5164 564 5222 Jerusalem
584 5181 591 5220 :

132 5241 235 5297 Coram
251 5240 335 5297 altari
352 5240 409 5296 isto
426 5235 611 5294 adorabitis?

98 5308 133 5367 Bt
147 5329 226 5369 nunu
241 5314 324 5368 trade
339 5316 369 5368 te
384 5310 508 5367 Domino
524 5326 589 5364 ineo
604 5310 664 5378 regi
678 5307 875 5381 Assyriorum,

132 5388 162 5440 et
177 5385 252 5442 daho
267 5385 319 5441 tibi
336 5384 395 5440 duo
412 5382 505 5438 millis
518 5396 673 5453 equorum,

133 5528 203 5583 ¹lta
218 5543 290 5584 mss.
306 5525 355 5583 uui
370 5523 488 5582 leotioni
504 5524 579 5581 iavet
595 5522 738 5593 expositio
764 5522 795 5579 S.
822 5522 922 5579 lliero·

96 5612 116 5653 n
167 5598 175 5651 i
196 5598 247 5654 lib.
265 5616 282 5655 i
302 5598 500 5656 Commentar.
519 5597 550 5652 ln
567 5595 687 5651 threo
702 5599 747 5650 est
761 5577 921 5665 inhians,

96 5669 106 5726 i
141 5672 278 5743 estigiis.
296 5670 382 5729 l'orte
403 5686 455 5742 pro
479 5652 533 5737 ιώ,
550 5666 676 5741 Vulgata
691 5666 775 5723 uotis.
787 5666 885 5749 ⁸ltiisir.

131 5740 144 5778 ¹
158 5739 257 5803 Canon
273 5740 559 5802 Seu-Gormauensia
573 5740 616 5799 sie
630 5738 720 5797 habet
735 5754 742 5796 ε
759 5738 822 5797 Dies
835 5738 923 5796 triba·

1048 4521 1210 4588 montariis,
1226 4525 1262 4579 ad
1279 4524 1429 4582 Ezechiam
1447 4527 1549 4584 abisaia
1564 4530 1709 4601 vestibus,

1011 4599 1041 4651 et
1055 4595 1263 4651 nuntiaverunt
1277 4597 1303 4653 ei
1319 4598 1406 4653 verbo
1423 4598 1572 4657 Rabsaois.

976 4664 1230 4795 (Cupkzlxglvss.)
1246 4667 1280 4725 hi
1295 4669 1405 4727 iactum
1420 4677 1476 4738 sat,
1500 4687 1568 4729 oum
1594 4674 1727 4732 audisset
1748 4691 1799 4733 rex

1087 4755 1119 4795 ee
1142 4755 1196 4806 ias,

1013 4810 1101 4867 soidit
1115 4811 1289 4867 vestimenta
1302 4828 1366 4879 sua,
1383 4816 1411 4869 et
1426 4814 1582 4872 obvolutus
1597 4821 1643 4874 est
1657 4835 1753 4887 saeco,

1012 4886 1041 4938 et
1056 4883 1175 4939 intrant
1189 4882 1219 4938 in
1234 4883 1354 4940 domuin
1370 4884 1485 4943 Domini
1497 4888 1551 4959 (At.
1568 4889 1654 4959 Deli:

977 4953 1104 5036 Dimisit
1115 4953 1300 5027 Elinoim,qui
1311 4960 1374 5012 erat
1384 4961 1657 5029 superdomum,et
1671 4960 1798 5017 sobnam

1048 5027 1187 5091 scribam,
1201 5030 1230 5082 et
1244 5026 1373 5084 seniores
1396 5030 1432 5086 de
1447 5033 1662 5100 souerdntibus,
1682 5035 1799 5104 opertos

1048 5097 1154 5162 sarcis,
1165 5097 1201 5154 ad
1214 5097 1320 5156 iselam
1333 5100 1427 5158 illium
1439 5108 1530 5161 Amos
1546 5105 1718 5178 prophetam
1739 5100 1799 5172 (it.

1013 5168 1245 5298 st‘driiffiljhd
1262 5258 1329 5300 eum
1347 5260 1356 5302 ι

979 5312 1043 5369 llere
1060 5314 1133 5370 droit
1147 5313 1286 5369 Ezechias
1302 5333 1310 5371 ε

932 5464 939 5475 Ι
1013 5382 1080 5442 Dies
1095 5385 1297 5443 tribulationis
1306 5388 1327 5454 ²,

978 5527 1090 5585 lotionis
1103 5538 1128 5584 et
1144 5530 1294 5613 anamiim,
1309 5537 1337 5585 et
1349 5529 1547 5601 corruptionis,
1562 5536 1596 5615 et.
1605 5529 1798 5615 blasphemiam

977 5600 1028 5656 aad
1054 5616 1113 5685 vni·
1132 5605 1263 5671 nequitae
1289 5601 1444 5670 redundat,
1467 5619 1519 5660 neu
1542 5602 1650 5678 legitur
1664 5620 1694 5661 iii
1710 5604 1797 5664 Gom·

977 5676 1142 5731 mentonis.
1159 5678 1251 5731 misr.
