3870 6120
777 283 1085 351 raonnnounns.
1744 293 1783 354 34

1305 425 1782 446 -1—-n—-n

562 559 1048 656 PROLEGOMENON
1077 562 1296 656 PRIMUM

369 739 413 799 De
427 736 555 799 nominc
568 733 773 797 Eibliotbecae
784 731 920 807 Divina,
936 735 966 792 et
980 731 1018 792 de
1032 729 1127 793 modo
1143 750 1207 812 qno
1228 731 1318 795 nobis
1333 733 1418 797 edita
1433 734 1484 797 sit.

66 1024 91 1084 l.
112 1019 209 1099 Quid
222 1015 390 1099 significet
399 1013 597 1076 Bibliotheca
608 1011 741 1073 Divina.
762 1010 802 1071 ΙΙ.
823 1004 1006 1070 Consilium
1021 1005 1211 1084 Hieronymi
1225 1009 1259 1070 in
1279 1012 1436 1074 vertendis
1462 1013 1638 1097 Scripturis
1666 1018 1779 1081 sacris.

109 1103 168 1164 111.
185 1098 342 1173 Ejusdem
367 1095 508 1157 studium
539 1095 572 1155 in
596 1093 712 1174 lingua
737 1088 898 1150 Hebraico
909 1087 1130 1169 perdiscenda.
1147 1092 1198 1151 IV.
1219 1089 1309 1169 Quos
1328 1090 1474 1154 habuerit
1502 1093 1688 1175 hortatores,
1705 1118 1782 1178 quos

113 1184 360 1263 oppugnatores,
375 1196 506 1237 suarum
521 1174 766 1235 translationum
781 1190 818 1229 ex
832 1166 977 1230 Hebraeo.
995 1169 1031 1229 V.
1047 1167 1087 1229 In
1102 1169 1171 1229 suis
1182 1170 1447 1234 translationibus
1462 1174 1591 1236 nimiam
1602 1176 1721 1238 uitabat
1733 1198 1785 1240 no-

112 1255 252 1338 vitatem,
269 1262 299 1319 et
314 1255 583 1339 interpretationis
598 1257 778 1331 κακοζηλίαν.

114 1394 209 1475 Apud
232 1395 362 1456 Veteres
397 1389 604 1453 Bibliotheca
631 1387 752 1451 Divinas
791 1400 906 1446 nomen
921 1381 949 1451 A
964 1388 1121 1466 totumque
1168 1385 1262 1448 Vetus
1309 1386 1534 1452 Testamentum
1565 1391 1599 1451 in
1628 1408 1669 1454 xx
1703 1392 1784 1455 duos

75 1493 265 1555 obtinebant
289 1508 379 1552 sacra
407 1488 589 1563 Volumina,
615 1505 687 1568 qum
712 1501 797 1546 nune
820 1488 901 1544 tem·
962 1478 1253 1564 libroscoustituit,
1285 1492 1320 1547 ut
1347 1493 1393 1549 tot
1416 1487 1495 1549 libri
1518 1494 1620 1549 essent
1631 1488 1664 1549 in
1690 1490 1784 1573 Lege,
1907 1532 1912 1543 ·

77 1592 161 1672 poris
187 1589 292 1651 Biblia
318 1605 480 1649 vocamus.
512 1585 590 1648 Ideo
624 1582 711 1664 apud
748 1581 905 1660 Hierony·
962 1586 1037 1661 quot
1063 1580 1256 1644 habebantur
1283 1590 1313 1644 et
1340 1585 1465 1648 littere.
1495 1586 1601 1648 ltaibi
1630 1589 1787 1653 vetusitle

78 1707 161 1750 mum
200 1688 233 1749 in
267 1686 418 1764 catalogo
449 1684 645 1763 Scriptorum
675 1678 905 1742 ecclesiastico·
963 1683 1109 1758 scriptor,
1139 1681 1281 1761 quisquis
1308 1682 1414 1746 inerit.
1443 1684 1563 1747 Eodem
1593 1703 1687 1748 sensu
1715 1687 1787 1750 Hie-

79 1805 159 1856 rum,
189 1785 344 1846 Eusebius
384 1781 581 1845 Caetericnsis
618 1776 823 1841 Bibliotheca
851 1774 906 1835 di·
961 1795 1119 1857 nonymus
1161 1779 1294 1858 epistole
1334 1781 1376 1842 ad
1421 1782 1644 1862 angustinum,
1688 1786 1785 1849 Vetus

83 1885 157 1945 sinn
175 1901 249 1944 cnm
277 1880 454 1961 Pamphylo
483 1885 621 1959 martyre
635 1873 907 1958 diligentissimus
960 1876 1220 1949 lustramentum,
1251 1896 1305 1939 eeu
1334 1878 1495 1940 volumina
1523 1879 1665 1959 ejusdem
1689 1890 1784 1946 vocat

80 1982 310 2065 pervestigator
336 1979 505 2041 laudatur:
536 1981 627 2039 erant
653 1976 737 2038 enim
766 1973 861 2034 ambo
874 1972 907 2032 in
961 1972 1171 2034 Ecclesiarum
1221 1974 1434 2038 Bibliothecae
1481 1995 1489 2037 :
1550 1976 1616 2057 Vis,
1667 1979 1780 2059 inquit,

81 2080 250 2159 scripturis
264 2077 379 2139 dinnis
398 2075 630 2150 studiosissimi,
661 2074 707 2135 ita
735 2076 771 2134 nt
803 2069 907 2132 Pata·
960 2076 1082 2131 amator
1108 2090 1173 2131 esse
1201 2092 1291 2133 verus
1321 2073 1532 2156 Septuaginta
1554 2077 1784 2158 Interpretare?

80 2179 172 2238 sinos
200 2176 377 2238 Bibliornm
408 2175 542 2245 codices,
571 2173 611 2234 ab
640 2171 774 2249 Origene
789 2167 904 2230 elabo·
960 2168 1033 2229 Non
1060 2167 1150 2250 legas
1177 2190 1212 2230 ea
1237 2190 1305 2251 quse
1332 2170 1391 2233 sub
1417 2172 1580 2233 asteriscis
1609 2180 1695 2247 sunt,
1721 2175 1783 2237 imo

82 2283 172 2346 ratos,
193 2275 227 2335 in
256 2272 403 2335 Ecclesiis
431 2270 568 2333 Orientis
595 2267 771 2348 vulgandas
800 2282 906 2327 susce·
960 2268 1037 2328 rade
1052 2267 1089 2328 de
1113 2268 1336 2344 uoluminibus,
1367 2275 1403 2330 ut
1425 2275 1558 2332 veterum
1583 2282 1611 2332 te
1621 2273 1784 2349 fautorem

82 2374 193 2452 perint.
221 2374 291 2434 Nec
319 2368 514 2450 exemplaria
556 2367 658 2430 solum
699 2362 906 2427 Instrumenti
951 2363 1078 2446 probes.
1113 2363 1208 2442 Quod
1228 2366 1259 2427 si
1279 2367 1405 2444 seceris,
1432 2388 1536 2429 omnes
1568 2368 1784 2432 Ecclesiarum
1893 2350 1917 2449 ,'

83 2472 198 2531 Veteris
213 2488 252 2531 ac
275 2469 370 2541 Novi,
393 2487 465 2547 qum
489 2466 740 2528 Christianorum
756 2461 905 2523 manibus
958 2460 1176 2523 Bibliothecae
1203 2463 1353 2526 damnare
1381 2466 1526 2547 cogeris:
1544 2467 1784 2530 oixenimunus

85 2569 277 2644 terebantur,
316 2565 522 2629 bibliotheca
559 2564 687 2625 nomine
723 2560 907 2640 gaudebant
959 2560 1109 2621 autalter
1125 2561 1453 2645 inveniturliber,que
1483 2564 1545 2625 ista
1569 2584 1630 2627 non
1659 2565 1782 2629 habeat.
1847 2573 1851 2577 “
1920 2598 1922 2605 ·

86 2666 288 2746 antiquitus:
322 2663 378 2726 sed
415 2663 620 2725 Hebraeorum
638 2725 641 2731 ,
659 2677 785 2739 quoque
812 2657 904 2719 volu·
960 2659 1160 2739 Exemplaria
1187 2660 1283 2721 etiam
1313 2664 1391 2724 Novi
1419 2664 1614 2725 'testamenti
1640 2663 1702 2727 boc
1722 2684 1781 2728 no·

88 2764 167 2824 mina
218 2762 330 2824 eadem
374 2759 587 2841 appellatione
629 2757 764 2819 efferunt
805 2752 1043 2818 sanctibmine
1072 2756 1166 2817 tuisse
1195 2764 1318 2832 vocata,
1350 2760 1437 2822 testis
1464 2766 1511 2821 est
1538 2762 1630 2841 epist.
1660 2763 1709 2837 bi,
1739 2761 1784 2823 ad
1863 2790 1866 2795 ·

91 2863 204 2923 Patres.
221 2860 434 2939 Hieronymus
459 2857 502 2919 ad
528 2854 662 2920 Paulam
687 2853 847 2934 juniorem
875 2855 907 2914 et
961 2851 1219 2931 Pammachium;
1248 2853 1303 2916 ubi
1330 2858 1362 2917 S.
1394 2859 1519 2930 Ductor,
1538 2875 1712 2937 provocans
1740 2859 1782 2921 ad

90 2957 124 3019 ad
140 2957 346 3019 Eustochium
373 2955 488 3019 Christi
516 2953 664 3032 virgines,
686 2952 730 3013 sic
744 2951 774 3012 in
790 2950 906 3012 librum
960 2952 1048 3014 illam
1076 2951 1218 3033 Apostoli
1245 2951 1409 3034 ereptionis,
1438 2955 1471 3015 in
1500 2973 1563 3033 qua
1591 2956 1629 3016 de
1652 2954 1784 3036 virgini.
1907 2956 1912 2971 ·

92 3054 198 3116 Esther
222 3055 373 3134 praetatus
401 3058 481 3114 est:
519 3050 579 3112 Vos
603 3055 716 3129 aretem,
745 3048 907 3128 inquit,o
962 3056 1026 3111 tate
1041 3055 1072 3110 et
1086 3050 1204 3130 nuptiis
1218 3050 1360 3131 disputat
1374 3051 1408 3132 (I
1423 3051 1501 3114 Cor.
1528 3053 1593 3133 vn),
1627 3071 1786 3116 commen·
1895 3098 1900 3107 .

91 3151 186 3211 Paula
211 3157 242 3210 et
269 3148 484 3225 Eustochium,
515 3149 661 3230 quoniam
684 3143 908 3207 etBibliothe-
963 3146 1059 3208 tarios
1089 3149 1217 3208 Patrem
1242 3147 1447 3211 revolvendos
1476 3156 1595 3223 monet,
1623 3155 1653 3210 et
1675 3148 1785 3212 Eccle-

91 3270 136 3309 cas
154 3248 361 3310 Hebraeorum
389 3246 563 3309 studuistis
595 3246 726 3321 intrare,
751 3249 781 3305 et
809 3245 908 3304 iuter·
963 3244 1083 3305 siarum
1112 3243 1321 3305 Bibliothecis
1349 3246 1528 3320 fruendum,
1571 3253 1606 3309 ut
1642 3246 1787 3309 conside·

86 3354 204 3428 pretam
255 3346 428 3408 certamina
485 3344 720 3426 comprobastis,
773 3346 908 3402 tenentes
963 3345 1040 3406 ratis
1088 3345 1254 3424 diligenter
1311 3347 1412 3408 verbis
1459 3347 1611 3426 Apostoli,
1666 3346 1787 3426 liquido

92 3444 198 3506 Esther
212 3445 407 3507 Hebraicum
432 3443 561 3523 librum,
574 3452 630 3526 per
656 3440 789 3523 singula
804 3438 907 3518 verba,
964 3448 1117 3524 appareat
1156 3443 1261 3523 ipsum
1295 3451 1424 3525 propter
1462 3443 1654 3506 calumniam
1688 3444 1788 3506 decli-

94 3551 224 3606 nostram
252 3544 492 3605 translationem
521 3542 651 3625 aspicite
682 3563 689 3603 :
721 3545 756 3601 ut
770 3539 909 3623 possitis
964 3539 1114 3613 nandum,
1145 3541 1244 3603 multo
1275 3543 1357 3623 plus,
1387 3561 1481 3622 quam
1497 3542 1615 3604 Paulus
1638 3541 1787 3615 voluerit,
1849 3594 1853 3599 .

91 3662 251 3722 agnoscere
277 3661 324 3701 me
353 3640 438 3702 nihil
466 3640 559 3701 etiarn
587 3643 807 3720 augmentasse
849 3637 909 3697 ad·
963 3639 994 3700 in
1025 3638 1155 3699 maritos
1183 3640 1276 3701 tuisse
1300 3641 1500 3702 clementem.
1529 3640 1650 3702 Dicitur
1676 3639 1786 3721 igitur,
1873 3630 1913 3719 '‚

92 3741 197 3818 dendo,
214 3738 272 3800 sed
276 3738 381 3818 fideli
401 3739 579 3799 testimonio
598 3736 798 3818 simpliciter,
827 3735 910 3795 sicut
965 3734 1098 3798 Revoloe
1138 3737 1287 3817 omnium,
1334 3757 1412 3817 quos
1460 3746 1555 3821 supra
1607 3737 1786 3818 memorari,

93 3839 122 3897 in
148 3837 283 3899 Hebraeo
324 3835 465 3907 habetur,
509 3834 676 3896 historiam
718 3833 910 3894 Hebraicam
964 3835 1212 3914 commentarios,
1253 3841 1283 3894 et
1320 3834 1534 3897 Ecclesiarum
1578 3834 1786 3897 bibliothecis

92 3935 341 4015 Latinrelinguee
358 3933 544 3994 tradidisse.
561 3932 775 3995 Bibliothecae
803 3932 910 4010 itaque
955 3936 1089 4012 fruere;
1115 3938 1144 3991 et
1171 3932 1276 4013 magis
1304 3933 1424 3994 concito
1460 3934 1568 4014 gradu
1604 3932 1647 3992 ad
1680 3937 1786 4015 optata
1862 3972 1867 3977 -

90 4035 292 4095 flebraeorum
338 4033 399 4094 troc
440 4031 511 4093 loco
565 4031 707 4111 appellat
748 4028 911 4091 volumina
965 4038 1118 4114 ceptoque
1147 4031 1322 4114 pervenies.
1361 4031 1503 4111 Denique
1540 4030 1706 4111 epistolam
1753 4033 1787 4093 S.

88 4131 217 4194 Hebraea
244 4128 368 4192 Veteris
401 4128 606 4202 Testamenti,
647 4145 719 4206 quus
747 4114 947 4188 voluminec
966 4130 1151 4209 Hieronymi
1180 4130 1220 4191 ad
1247 4128 1427 4201 Paulinum,
1445 4128 1477 4189 in
1493 4129 1596 4189 fronte
1623 4129 1787 4189 sacrorum

88 4229 184 4290 Paula
226 4233 259 4290 et
298 4226 486 4289 Eutochium
528 4226 648 4288 edocta
692 4224 817 4286 fuerant
852 4224 911 4284 sub
964 4228 1138 4289 bibliorum
1167 4226 1356 4307 appositam,
1386 4225 1431 4286 sic
1462 4225 1638 4288 inscribunt
1676 4243 1789 4287 manu·

86 4327 197 4388 eodem
214 4325 367 4404 magistro
382 4325 584 4404 Hieronymo.
603 4327 671 4385 Hac
694 4322 769 4383 item
799 4321 911 4401 appel·
965 4324 1073 4404 scripti
1100 4325 1224 4387 codices
1251 4324 1384 4403 aliquot,
1415 4323 1469 4404 qui
1498 4323 1582 4403 apud
1606 4323 1790 4385 Coelestinos
1906 4336 1911 4345 ·

84 4425 235 4487 lationem
253 4423 448 4484 manifestius
476 4420 580 4482 adhuc
607 4419 787 4481 declaratur
814 4421 913 4480 Vetus
966 4427 998 4483 et
1023 4421 1250 4483 Praedicatores
1277 4421 1510 4484 avenionenses
1551 4426 1786 4482 asservantur:

83 4527 323 4584 Testamentum
352 4520 406 4582 lib.
436 4537 467 4582 vt
502 4517 681 4600 Originum
708 4536 737 4579 c.
765 4518 797 4592 3,
827 4516 912 4597 apud
966 4519 1084 4602 Incipit
1112 4518 1275 4600 Prologus
1304 4518 1494 4597 Hieronymi
1507 4526 1600 4600 super
1615 4515 1791 4579 Bibliothe-

83 4620 254 4694 laidorurn,
285 4617 377 4680 et'in
405 4617 621 4697 manuscripto
658 4614 766 4677 codice
802 4614 914 4676 biblio-
966 4617 1260 4680 cam'l'otanobis
1288 4618 1539 4698 praemissasunt
1561 4615 1791 4678 testimoniacx

86 4718 187 4780 meuse
216 4716 418 4789 Golbertinae,
448 4715 504 4794 qui
532 4714 652 4795 glossas
680 4711 912 4773 divinornmli·
966 4716 1036 4797 ipso
1072 4714 1245 4795 prasertim
1280 4714 1472 4795 Hieronymo
1514 4713 1715 4793 deprompta,
1754 4718 1791 4774 nt

86 4816 218 4877 brorum
249 4813 480 4893 complectitur,
516 4811 675 4892 habetque
716 4816 824 4872 notam
852 4829 913 4870 nu·
967 4813 1115 4876 omnibus
1139 4812 1270 4892 planum
1304 4811 1391 4874 fleret
1418 4811 1538 4873 Veteris
1567 4829 1605 4871 ac
1633 4809 1789 4871 Novi'l'e·

88 4914 238 4976 maricam
255 4913 346 4973 2852.
363 4912 443 4972 Nam
466 4909 548 4971 circa
576 4907 714 4970 medinm
744 4907 814 4968 libri
846 4907 914 4968 bac
968 4910 1116 4972 stamenti
1145 4910 1307 4972 volumina
1334 4910 1374 4971 ab
1404 4909 1516 4971 eodem
1556 4909 1728 4989 interprete
1757 4906 1790 4968 in

87 5009 202 5072 indari
227 5008 326 5070 rerba
354 5008 394 5068 ab
421 5024 579 5086 anonymo
608 5005 726 5085 scripta
744 5003 912 5083 leguntur:
967 5010 1111 5070 Latinum
1143 5025 1320 5070 sermonem
1349 5024 1510 5082 conversa,
1528 5025 1591 5067 non
1616 5006 1791 5086 incongrue

87 5105 320 5169 Bibliothecam
343 5102 463 5165 Veteris
479 5101 667 5165 Testamenti
676 5100 801 5163 Esdras
811 5100 915 5162 scriba
968 5105 1075 5166 vocari
1115 5105 1268 5166 Divinam
1309 5103 1499 5180 Hieronymi
1547 5101 1790 5165 Bibliothecam.

87 5212 157 5270 bost
172 5205 334 5265 incensam
361 5200 472 5281 Legem
501 5198 794 5262 aChaldaeisdum
812 5197 917 5266 laedet
969 5203 1058 5272 Quod
1093 5203 1216 5265 facilius
1242 5203 1334 5265 nobis
1362 5203 1536 5264 concedent
1563 5201 1693 5263 litterati
1720 5196 1790 5271 viri,

87 5301 231 5382 ingressi
245 5304 322 5360 sunt
347 5298 512 5380 (isidorus,
540 5295 682 5378 regressi
695 5296 854 5376 fuissent)
882 5296 915 5355 in
970 5319 1041 5362 cum
1062 5301 1207 5363 noverint
1232 5299 1437 5361 Bibliotheca
1462 5297 1654 5374 Hieronymi
1678 5312 1794 5356 nomen

86 5397 272 5477 Jerusalem,
287 5396 398 5459 diuino
426 5397 561 5476 afflatus
589 5394 713 5477 Spiritu
737 5393 913 5475 reparavit:
971 5397 1173 5477 abantiquis
1200 5398 1406 5478 scriptoribus
1430 5401 1618 5477 usurpatum
1644 5391 1739 5453 tuisse
1753 5392 1796 5454 ad

84 5502 259 5579 cunctaque
286 5493 383 5577 Legis
412 5513 448 5554 ac
470 5491 699 5575 Prophetarum
741 5489 913 5572 volumina,
930 5481 954 5546 ll
969 5494 1180 5575 designandas
1221 5495 1362 5574 ejusdem
1392 5494 1520 5556 Latinas
1548 5505 1710 5550 sacrorum
1739 5488 1794 5552 Bi·

84 5615 153 5679 qua
168 5597 307 5674 fuerant
333 5614 352 5655 a
376 5590 526 5675 gentibus
563 5595 721 5672 corrupta,
758 5589 912 5652 correxit:
969 5593 1106 5655 bliornm
1122 5593 1353 5655 translationes.
1369 5593 1479 5653 Exstat
1494 5589 1525 5649 in
1541 5592 1650 5651 nostra
1675 5586 1793 5651 biblio-
