3870 6120
133 197 204 273 tace
665 205 694 257 s.
716 200 919 257 arenosum
936 198 1064 255 namna
1081 196 1327 257 amarornuca.
1478 196 1501 219 ’·
1770 204 1834 265 eser

168 326 221 380 sut
234 321 309 381 tales
323 327 394 382 aunt
408 322 598 396 cogitationes
613 324 701 396 ejus?
971 324 999 391 Α
1014 319 1192 396 prepterhea
1213 336 1303 379 eausa
1313 323 1412 390 vestri,
1423 323 1492 382 Sion
1504 326 1592 398 quasi
1604 342 1677 401 eger
1687 328 1834 391 arabitur:

19 464 22 469 .
133 393 237 478 lienes
250 395 338 453 verba
353 395 505 454 meaboaa
516 399 587 453 suat
606 412 727 464 eumne,
739 396 877 470 quireete
887 410 956 468 gra·
1048 399 1077 450 et
1089 391 1195 449 Jerusa
1207 409 1253 449 em
1269 394 1353 520 paesi
1366 411 1486 454 acervus
1500 396 1638 472 lapidum
1653 400 1725 458 erit.

208 465 310 523 ditari
1046 470 1075 522 et
1090 480 1176 521 mona
1187 468 1274 548 temp
1288 465 1297 522 i
1312 465 1343 523 ia
1358 466 1471 526 excelsa
1486 467 1643 529 silvarum.

135 540 169 593 Bt
183 537 357 622 econtrario
381 538 508 613 populas
525 554 609 597 meus
624 539 653 596 ia
669 539 871 597 adversarium
886 554 957 595 cea·
1010 536 1089 664 ‘Cep
1104 536 1166 619 lv.)
1176 535 1210 591 tlt
1224 541 1299 619 arat:

206 613 351 666 surrexit:
1024 626 1042 664 n
1058 623 1218 664 novissimo
1233 608 1348 665 dierum
1359 610 1511 670 eritmoas
1522 613 1631 672 demus
1643 613 1761 672 Domini
1769 632 1836 691 prs·

169 679 296 753 desuper
309 680 411 737 tunica
425 680 548 754 pallium
563 681 751 739 sustulistis:
1082 682 1202 751 paratus
1217 677 1247 735 in
1261 680 1368 737 vertice
1382 684 1538 754 montium,

167 755 197 808 et
219 767 280 820 eos,
296 751 347 825 qui
371 751 546 826 simpliciter
567 755 745 823 transibant,
770 751 956 811 convertistis
1045 753 1074 806 et
1088 748 1225 806 sublimis
1240 767 1330 823 super
1344 751 1453 811 colles:

202 821 233 878 ln
248 821 370 880 bellum.
1045 825 1074 877 et
1090 821 1182 877 duent
1196 821 1232 877 ad
1247 838 1315 879 eum
1331 823 1443 897 populi.

129 892 266 951 Halieres
291 893 392 969 populi
409 894 465 952 mci
480 894 611 968 ejecistis
623 896 660 954 ds
678 896 765 953 deme
781 894 955 953 deliciarum
1010 892 1044 949 ut
1076 893 1254 976 reparabunt
1267 899 1368 964 gentes
1382 895 1494 967 malta,
1508 900 1538 954 et
1550 898 1675 957 dicent:

203 981 343 1024 suarum:
1069 969 1157 1034 emta,
1174 967 1368 1023 ascendamus
1382 969 1418 1023 ad
1435 974 1564 1027 mentem
1574 972 1713 1041 Domini,

166 1035 328 1110 sparvulis
352 1052 453 1094 aarum
468 1036 580 1095 tulistis
594 1038 711 1096 laudem
724 1055 820 1096 meam
841 1038 871 1095 in
887 1052 954 1113 per·
1044 1040 1074 1092 et
1087 1035 1123 1092 ad
1139 1035 1260 1092 domum
1277 1037 1326 1094 Dei
1340 1038 1449 1097 Jacob:

201 1112 337 1192 petuam.
1008 1107 1041 1164 lta
1054 1106 1169 1164 docebit
1185 1124 1239 1164 nes
1253 1108 1289 1165 de
1299 1109 1354 1166 viis
1368 1111 1442 1180 suis,

16 1240 19 1247 ,
128 1179 258 1264 surgite,
274 1186 304 1237 et
317 1179 365 1245 ite,
1044 1182 1072 1235 et
1082 1178 1192 1234 ibimus
1208 1179 1237 1235 in
1253 1179 1367 1237 semitis
1381 1182 1465 1254 ejus:

164 1267 305 1323 quianon
320 1251 436 1309 habetis
451 1251 499 1308 hic
514 1251 665 1324 requiem:
1008 1252 1082 1317 Quia
1096 1251 1132 1305 de
1148 1249 1216 1305 Sion
1230 1251 1397 1323 egredietur
1410 1253 1466 1320 lex,

127 1325 249 1396 Propter
263 1323 484 1380 immunditiam
500 1325 565 1395 ejus
578 1327 783 1398 corrumpetur
798 1324 954 1398 putredine
1043 1326 1072 1378 et
1085 1321 1207 1378 verbum
1225 1323 1339 1378 Domini
1355 1324 1390 1380 de
1404 1324 1579 1384 Jerusalem.

201 1394 339 1467 passIma.
1008 1395 1043 1449 ur
1052 1393 1200 1464 judicabit
1215 1393 1293 1449 inter
1305 1395 1428 1467 populos
1451 1397 1564 1454 multos

130 1464 246 1523 Utinam
261 1483 320 1523 nea
335 1482 430 1523 essem
446 1465 491 1521 vir
505 1465 617 1522 habeus
632 1464 784 1540 spiritam,
1043 1469 1072 1520 et
1086 1463 1225 1535 corripiet
1239 1469 1341 1590 gentes
1357 1467 1447 1524 tertes
1461 1485 1556 1541 usque
1571 1469 1600 1525 ia
1616 1469 1830 1545 longinquum:

163 1542 191 1595 et
206 1539 392 1595 mendacium
409 1536 506 1610 petius
522 1536 667 1609 loquerer,
1007 1537 1043 1593 ut
1057 1534 1210 1591 concident
1224 1552 1241 1607 g
1254 1538 1337 1593 adies
1351 1554 1421 1595 suos
1436 1538 1466 1594 in
1480 1556 1625 1610 vomeres,

126 1609 250 1667 stillabo
267 1611 318 1666 tihi
335 1610 365 1666 in
380 1609 481 1666 vinum
495 1616 521 1665 at
537 1610 566 1665 io
581 1610 773 1666 ebrietatem:
1042 1611 1071 1664 et
1086 1607 1185 1663 hastas
1196 1623 1267 1664 suas
1282 1608 1312 1664 ia
1328 1608 1439 1683 ligones
1454 1627 1461 1666 :

160 1688 190 1741 et
203 1682 259 1741 erit
273 1698 363 1755 super
376 1697 464 1753 quem
480 1680 609 1737 stillatur
623 1682 750 1754 populus
764 1682 831 1738 iste.
966 1695 991 1762 Β
1007 1678 1070 1737 Noa
1086 1683 1184 1734 sumet
1197 1694 1268 1751 gens
1285 1680 1425 1739 adversus
1440 1687 1559 1766 gentem
1574 1683 1736 1757 gladium:

124 1752 358 1829 Gongregatioae
373 1754 566 1826 congregabo,
582 1751 683 1823 Jacob,
699 1757 793 1809 totum
809 1757 857 1809 te:
1040 1755 1070 1807 et
1085 1766 1142 1806 nea
1158 1750 1271 1807 discent
1291 1750 1367 1809 ultra
1383 1754 1567 1826 belligerare.

160 1829 190 1884 in
207 1843 298 1883 unum
314 1825 476 1881 conducam
493 1823 631 1894 reliquias
649 1823 746 1893 lsrael,
1003 1823 1036 1877 st
1062 1820 1176 1878 sedebit
1189 1822 1234 1878 vir
1261 1823 1365 1881 subtus
1378 1825 1493 1883 vineam
1509 1842 1609 1896 sunm,
1626 1832 1657 1885 et
1671 1829 1778 1886 subtus
1796 1829 1826 1885 ll·

159 1898 271 1975 pariter
282 1912 390 1969 penam
407 1895 490 1951 illum
502 1895 586 1968 quasi
598 1911 716 1968 gregem
732 1895 760 1951 in
771 1894 851 1962 ovili,
863 1892 949 1967 quasi
1074 1908 1142 1949 eum
1157 1909 1253 1959 suum,

159 1986 250 2043 pecus
266 1968 295 2024 in
313 1966 409 2024 medio
420 1965 584 2032 caularum,
1038 1969 1067 2020 et
1082 1981 1140 2020 aon
1155 1964 1211 2021 erit
1227 1963 1277 2048 qui
1293 1965 1437 2023 deterreat
1451 1968 1506 2039 (Al.
1520 1973 1702 2038 exterreat):

158 2040 422 2098 tumultuabuntur
436 2054 453 2093 a
468 2035 656 2093 multitudine
670 2036 835 2093 hominum.
1039 2035 1110 2119 quia
1124 2036 1279 2093 osDomrni
1294 2038 1476 2095 exercituum
1492 2038 1625 2097 locutum
1639 2048 1695 2098 est.

123 2114 271 2169 Ascendet
285 2111 363 2166 enim
380 2109 512 2180 pandens
526 2107 581 2164 iter
596 2113 662 2163 ante
675 2124 743 2165 eos:
1004 2107 1077 2172 Oura
1091 2123 1192 2163 omnes
1208 2107 1307 2191 populi
1320 2109 1511 2167 ambulabunt
1523 2114 1733 2187 uuusquisque
1743 2116 1770 2171 ia
1780 2131 1818 2171 ae·

158 2183 300 2247 divident,
325 2186 354 2237 et
374 2178 543 2235 transibunt
560 2183 685 2251 portam,
710 2183 740 2236 et
762 2179 950 2251 egredientur
1077 2178 1155 2234 mine
1172 2180 1219 2235 Dea
1235 2179 1300 2236 sui:
1377 2251 1383 2263 ι

120 2268 678 2405 ιιιιὲἰὶιίἳῗιιιιιιιιιιιιιιι,
1040 2251 1636 2381 ‘lulliiilllltlll¹1i¹lJ¹⁰l¹¹ue
1651 2257 1763 2313 ⁰⁰¹⁰'¹'¹
1778 2256 1815 2313 ⁰⁰¹

159 2402 189 2455 et
205 2395 346 2454 Dominus
361 2409 389 2448 ιιι
406 2396 501 2464 eapite
515 2394 569 2460 (Al.
585 2393 692 2464 capita)
705 2408 819 2449 serum.
1006 2395 1038 2450 lu
1055 2393 1102 2449 die
1126 2392 1187 2461 illa,
1207 2393 1279 2451 dicit
1293 2394 1446 2468 Dominus,
1462 2399 1649 2471 congregabo
1664 2398 1812 2456 claudiam·

120 2465 205 2548 (Cep.
222 2465 284 2537 ΙΙΙ.)
299 2466 334 2522 ΙΙΙ
347 2461 426 2520 dixi:
443 2463 557 2533 Audite,
573 2463 720 2537 principes
735 2466 837 2534 Jacob,
853 2467 882 2520 et
897 2463 952 2520 du·
1078 2469 1156 2521 tem:

194 2556 241 2596 ces
257 2538 364 2594 demas
380 2533 490 2592 lsrael:
599 2605 605 2617 ι
1042 2538 1072 2592 ct
1086 2552 1160 2602 eam,
1177 2551 1266 2607 quam
1283 2536 1437 2607 ejeceram,
1452 2538 1601 2615 colligam,

131 2615 198 2674 Pion
222 2609 271 2668 uid
287 2625 345 2666 non
360 2610 489 2663 vestrum
505 2608 552 2663 est
565 2622 641 2662 scire
652 2606 809 2675 judicium,
1043 2612 1071 2663 et
1086 2623 1176 2679 quam
1192 2606 1375 2664 attlirersm:

191 2685 240 2741 ard
257 2681 324 2738 odie
338 2678 453 2737 habetis
465 2677 590 2744 honum,
603 2681 632 2734 et
646 2676 770 2750 diligitis
785 2676 919 2734 malum?
1009 2681 1042 2734 Et
1057 2695 1165 2750 ponam
1181 2678 1398 2736 claudicantem
1410 2680 1439 2736 in
1455 2682 1617 2756 reliquias:

166 2702 221 2824 gai
245 2752 388 2810 violenter
410 2748 514 2806 tollitis
538 2747 628 2820 pelles
643 2765 744 2806 eorum
759 2749 886 2823 desuper
900 2748 955 2817 eis,
1044 2755 1072 2806 et
1086 2766 1164 2817 eam,
1178 2766 1245 2821 quae
1259 2749 1449 2823 laboraverat,
1469 2753 1500 2809 in
1522 2759 1643 2838 gentem
1660 2756 1803 2811 robustae:

166 2834 197 2887 st
209 2839 311 2884 earnes
326 2837 427 2879 corum
443 2822 570 2893 desuper
583 2820 829 2902 essibusleerum.
1008 2824 1042 2876 Et
1058 2821 1192 2948 ιοὶιιιώίι
1207 2822 1348 2879 Dominus
1363 2840 1453 2895 super
1467 2841 1518 2881 eos
1531 2842 1561 2881 ra
1579 2831 1679 2883 monte
1694 2828 1763 2895 Sica,

129 2902 185 2969 Dat
201 2896 391 2955 comederunt
404 2908 522 2949 earnem
537 2890 638 2964 populi
654 2907 723 2959 mer,
1045 2909 1079 2949 ex
1115 2909 1149 2949 oe
1164 2909 1243 2949 uuae
1257 2896 1286 2951 et
1301 2909 1398 2966 usque
1413 2895 1441 2951 in
1456 2900 1616 2953 aternum.

166 2977 195 3030 st
210 2966 315 3044 pellem
331 2980 431 3021 aarum
447 2964 573 3035 desuper
588 2963 829 3020 excoriaverunt:
1010 2966 1043 3019 itt
1058 2968 1099 3031 tu,
1125 2965 1216 3021 turris
1230 2966 1338 3038 gregis,
1353 2965 1494 3024 nebulosa
1509 2967 1571 3025 tilia
1594 2969 1663 3025 Sion
1679 2964 1798 3043 usquead

128 3044 164 3101 lit
178 3056 247 3100 ossa
260 3052 362 3094 eorum
389 3034 605 3105 confregerunt,
620 3038 649 3090 et
664 3034 856 3091 conciderunt
874 3034 952 3091 sieut
966 3061 989 3130 c
1045 3039 1073 3091 te
1086 3035 1190 3106 veniet,

198 3112 229 3168 ia
242 3109 347 3169 lebete.
439 3174 444 3186 ι
551 3174 558 3189 υ
1043 3112 1072 3162 et
1087 3105 1184 3162 veniet
1194 3110 1325 3179 potestas
1335 3107 1430 3180 prima
1442 3124 1565 3182 regnum
1577 3111 1646 3168 tiliae
1656 3109 1798 3170 Jerusalem.

163 3189 192 3242 et
207 3179 291 3256 quasi
306 3191 423 3235 caraem
437 3191 467 3231 ιιι
483 3175 578 3231 medae
593 3173 665 3231 olle.
1005 3177 1088 3234 Nunc
1104 3194 1196 3248 quere
1211 3195 1334 3235 maerore
1349 3181 1556 3238 contraheris?

128 3258 213 3315 Tunc
229 3250 402 3311 clamabant
411 3248 447 3303 ad
461 3246 734 3313 Dominum,etaoa
747 3248 949 3305 exaudietees:
1041 3249 1174 3320 nunquid
1198 3266 1247 3306 rer
1267 3267 1325 3306 non
1340 3256 1386 3307 est
1402 3251 1466 3324 tibi,
1482 3257 1535 3309 aut
1548 3254 1734 3311 consiliarius
1751 3255 1798 3308 taus

163 3333 192 3385 et
206 3320 366 3382 abscondet
380 3318 484 3376 taciem
500 3334 584 3376 suam
600 3319 636 3374 ah
650 3319 692 3374 eis
707 3321 737 3375 ia
752 3318 950 3392 temporeillo,
1075 3320 1176 3403 periit,

163 3398 242 3457 sieut
264 3391 400 3463 nequiter
413 3389 576 3462 agerentia
592 3390 851 3447 adinventionibus
875 3390 948 3447 suia.
1062 3408 1109 3447 ιιιι
1124 3392 1347 3464 comprehendit
1361 3396 1389 3450 te
1403 3392 1487 3449 dolor
1502 3394 1581 3451 sieut
1598 3388 1798 3469 parturienteml

128 3474 196 3527 lieo
210 3467 282 3524 dicit
295 3461 438 3520 Dominus
452 3476 541 3532 super
555 3458 722 3532 prophetas,
738 3460 789 3533 qai
804 3462 951 3518 seducunt
1004 3407 1084 3529 Deis,
1100 3469 1129 3519 et
1141 3468 1251 3535 satage,
1266 3463 1327 3520 tilia
1340 3465 1421 3529 Sica,
1437 3465 1522 3538 quasi
1539 3468 1724 3539 parturiens:

220 3535 343 3611 epulum
359 3547 477 3588 meum:
571 3601 577 3612 ι
1039 3534 1107 3605 quia
1119 3551 1198 3590 nunc
1220 3535 1379 3608 egredieris
1394 3537 1429 3592 de
1444 3537 1574 3606 civitate,
1588 3545 1619 3597 et
1632 3536 1763 3597 habitabis
1777 3532 1795 3587 ia

164 3627 216 3684 qur
231 3606 367 3666 mordent
380 3601 519 3660 dentibus
533 3618 606 3671 suas,
622 3605 651 3657 et
664 3602 823 3672 predicant
835 3620 948 3676 pacem:
1076 3607 1205 3679 regione,

128 3686 165 3743 lit
180 3683 205 3741 si
219 3680 286 3754 quis
301 3693 359 3734 noa
372 3672 486 3730 dederit
498 3673 528 3729 in
543 3688 592 3729 ere
607 3687 708 3730 corum
724 3675 889 3747 quidpiam,
1039 3681 1068 3732 et
1081 3678 1181 3734 venies
1198 3692 1291 3749 usque
1306 3678 1341 3733 ed
1358 3677 1540 3752 babylonem
1555 3697 1562 3738 :

163 3751 351 3812 sanetilleaat
364 3763 399 3803 su
423 3761 454 3802 er
467 3760 535 3801 eum
551 3743 694 3828 praelium.
1004 3749 1046 3804 lbi
1062 3747 1245 3818 liberaberis,

128 3828 285 3901 Propterea
297 3835 354 3879 nex
369 3763 452 3902 vagis
466 3832 519 3888 pro
532 3816 645 3899 vasione
660 3816 725 3886 erit,
1039 3820 1080 3874 ibi
1097 3820 1221 3877 redimet
1239 3825 1267 3876 te
1295 3820 1437 3878 Dominus
1465 3822 1502 3879 de
1522 3838 1613 3880 meaa
1642 3823 1793 3880 inimicorum

62 3942 65 3947 -
163 3888 704 3962 ettenehrasvebrsprodivinatione:
1076 3894 1206 3948 tuorum.

125 3973 162 4030 u:
177 3966 332 4028 occumbet
347 3961 392 4019 sol
407 3975 495 4034 saper
510 3959 678 4032 prophetas,
1003 3961 1038 4018 ur
1053 3978 1132 4020 nanc
1159 3967 1341 4035 congregatas
1357 3966 1427 4019 suat
1441 3970 1575 4037 superte
1598 3970 1699 4040 gentes
1713 3962 1792 4027 multe,
1838 4008 1840 4025 ,

161 4047 191 4099 et
205 4033 448 4099 obtenebrabitur
466 4047 556 4158 super
571 4047 621 4114 ees
631 4031 709 4114 dies.
1075 4050 1139 4105 quaa
1154 4035 1272 4090 dieunt:
1290 4034 1468 4107 Lapidetur:

125 4116 159 4174 u:
173 4110 391 4172 contundantur
405 4101 456 4176 qui
471 4119 496 4158 vr
521 4106 570 4159 ont
584 4118 722 4173 vascones,
1039 4108 1068 4160 et
1081 4106 1206 4178 aspiciat
1220 4107 1249 4161 ia
1265 4105 1332 4161 Sion
1348 4106 1451 4162 oculus
1466 4110 1576 4165 noster.
1838 4148 1840 4159 .

160 4192 189 4243 et
201 4179 423 4242 confundentur
438 4173 549 4231 divini:
1005 4175 1064 4246 ipsi
1081 4183 1178 4234 autem
1196 4194 1253 4233 non
1269 4183 1467 4250 coguoverunt
1481 4179 1678 4251 cogitationes
1698 4172 1793 4242 Domini,
1838 4180 1840 4221 ;

123 4261 161 4314 itt
177 4248 422 4339 operientvultus
438 4261 508 4302 suos
524 4260 639 4329 omnes,
1041 4250 1069 4302 et
1084 4266 1141 4304 aea
1157 4249 1363 4305 intellexerunt
1377 4249 1533 4306 eonsilium
1550 4253 1637 4322 eJus:

159 4343 229 4398 qura
247 4341 304 4382 non
320 4326 366 4380 est
382 4331 555 4391 responsum
568 4315 630 4372 Der.
1005 4317 1074 4388 quia
1089 4320 1276 4393 congregavit
1290 4336 1340 4376 ees
1355 4322 1440 4391 quusi
1455 4321 1555 4378 tenum
1572 4340 1657 4381 aree.

123 4397 330 4456 Verumtamen
349 4406 403 4464 ege
418 4388 547 4462 repletus
561 4403 628 4444 sum
644 4386 814 4445 tortitudine
827 4387 950 4461 spiritus
1004 4390 1094 4461 Surge
1110 4397 1139 4448 et
1156 4391 1269 4459 tritara,
1287 4390 1347 4447 illia
1360 4391 1447 4460 Si0a3

197 4467 323 4531 Domini,
337 4461 452 4535 iudicio
468 4464 497 4516 et
510 4459 636 4516 virtute:
966 4431 989 4496 ⁰
1039 4462 1109 4533 qrria
1124 4479 1214 4519 cerna
1231 4468 1316 4520 tuam
1330 4479 1437 4534 ponam
1454 4463 1594 4535 ferreum,

159 4542 192 4594 ut
207 4537 380 4595 annuntiem
396 4531 485 4590 laceb
500 4530 598 4588 scelus
616 4530 860 4603 suum,et1srael
877 4547 946 4605 pee-
1038 4539 1067 4589 et
1082 4534 1208 4608 ungulas
1222 4539 1290 4591 tuas
1306 4551 1413 4607 penam
1429 4550 1529 4592 ereas.

194 4614 305 4666 cetum.
1000 4604 1036 4660 Et
1052 4606 1237 4663 comminuas
1252 4605 1376 4677 populos
1392 4604 1512 4676 multos,

121 4680 228 4737 Audite
243 4680 305 4749 hoe,
321 4674 469 4750 principes
494 4676 600 4733 domus
612 4674 741 4732 lacebat
760 4674 877 4746 judices
897 4675 948 4734 de·
1035 4682 1064 4733 et
1078 4676 1253 4735 interliciam
1271 4680 1279 4714 ¹
1294 4675 1418 4734 Domino
1434 4678 1551 4749 rapinas
1566 4693 1682 4751 eorum,

194 4767 262 4808 mus
278 4744 391 4807 lsrael:
1034 4753 1063 4804 et
1073 4748 1272 4804 tortitudinem
1297 4765 1398 4806 eorum
1414 4749 1538 4805 Domino
1559 4751 1702 4808 universae
1722 4753 1791 4809 terra

43 4846 46 4851 *
157 4823 208 4898 qul
224 4816 436 4905 abominamini
456 4818 614 4891 judicium,
626 4821 655 4874 et
670 4816 769 4874 omnia
783 4821 862 4875 reeta
878 4834 943 4891 per·
1000 4818 1078 4946 (ὡς.
1090 4819 1141 4902 ΙΙΙ.)
1157 4819 1240 4877 Nune
1254 4820 1429 4892 vastaberis,
1445 4819 1506 4877 tilla
1520 4818 1666 4879 latronis:

190 4894 314 4951 verrius.
1033 4907 1049 4947 e
1072 4891 1216 4948 sidionem
1232 4896 1395 4962 pesuerunt
1409 4908 1499 4964 super
1512 4907 1577 4957 nos,

118 4967 172 5037 Qui
186 4963 337 5024 asdillcatis
352 4960 422 5019 Sion
438 4963 469 5019 ia
484 4960 692 5033 sanguinibus,
1032 4962 1062 5018 ia
1077 4963 1157 5035 virga
1170 4963 1336 5036 percutient
1350 4962 1499 5020 maxillam
1509 4962 1624 5034 judicis
1640 4963 1741 5022 lsrael:

153 5042 182 5098 et
195 5034 359 5096 ierusalem
376 5033 404 5089 in
420 5033 602 5115 iniquitate..
650 5101 656 5114 ·
996 5033 1030 5090 u:
1044 5038 1086 5100 tu,
1104 5034 1273 5092 Bethlehem
1290 5034 1428 5108 tlpbruta,
1444 5033 1585 5108 parvulus
1600 5036 1674 5094 esin
1687 5033 1791 5092 millibus

117 5111 266 5184 Principes
280 5107 345 5180 elus
359 5104 389 5161 in
405 5103 578 5161 muneribus
590 5102 776 5173 Judreabaat,
1065 5107 1160 5164 toda:

151 5188 180 5242 et
195 5180 362 5241 secerdotes
377 5175 442 5248 ejus
457 5175 486 5231 in
503 5173 814 5257 mercededocebaat:
1029 5192 1063 5232 ex
1078 5181 1106 5235 te
1116 5177 1189 5234 mihi
1202 5176 1369 5248 egredietur
1383 5177 1434 5261 qai
1444 5177 1485 5234 sit
1499 5177 1669 5236 dominator
1683 5168 1792 5235 ialsrael.

150 5261 180 5313 et
195 5252 341 5329 propbeta
356 5248 421 5321 ejus
437 5247 467 5303 ia
482 5261 606 5319 pecunia
620 5243 809 5302 divinabant:
1028 5253 1057 5304 et
1071 5265 1209 5321 egressas
1232 5249 1296 5320 ejus
1310 5249 1347 5306 ah
1364 5248 1458 5317 initio,
1473 5265 1491 5306 a
1505 5249 1616 5307 diebos
1637 5245 1793 5308 aeternitatis.

115 5326 149 5383 ut
161 5343 252 5401 super
267 5322 422 5383 Dominum
438 5315 668 5400 requiescebant,
680 5314 831 5372 dieentes:
993 5316 1113 5391 Propter
1123 5320 1177 5377 hec
1191 5320 1272 5376 dabit
1286 5336 1439 5393 cesosque
1454 5321 1490 5377 ad
1500 5324 1630 5395 tempus,
1646 5323 1676 5379 in
1688 5331 1794 5396 quoper-

150 5397 290 5472 Nunquid
307 5410 364 5452 nen
381 5391 522 5450 Dominus
538 5404 567 5442 ιιι
584 5386 681 5444 madro
696 5385 854 5444 nostram?
1062 5391 1175 5449 turieos
1190 5391 1305 5464 pariet:

150 5490 208 5529 aee
223 5470 342 5528 venient
356 5480 444 5538 super
459 5477 513 5520 nos
529 5456 615 5515 mala.
1025 5465 1054 5516 et
1076 5461 1205 5535 reliquiae
1221 5463 1349 5521 teatrum
1373 5463 1439 5535 ejus
1454 5467 1669 5522 convertantur
1682 5464 1718 5523 ad
1740 5461 1796 5519 tilica

148 5682 156 5717 ¹
172 5682 279 5738 Mirum
294 5680 373 5754 qaod
395 5678 424 5735 ia
441 5673 571 5757 secanda
585 5685 710 5744 persona
724 5670 881 5799 proterunt
897 5671 935 5728 li·
988 5689 1056 5732 eam
1072 5674 1102 5730 in
1115 5675 1204 5733 Hehr.
1217 5678 1316 5732 tamen
1330 5674 1370 5733 sit
1380 5673 1410 5731 in
1423 5674 1518 5747 prima
1528 5684 1670 5743 mmm
1685 5677 1799 5754 quoque

102 5749 154 5814 bri
170 5767 278 5812 omnes
299 5750 405 5826 Latini,
420 5747 579 5822 intectam,
603 5745 633 5802 et
646 5741 728 5801 Grae
762 5740 906 5815 essequa<
922 5760 931 5807 t
986 5744 1169 5819 tnurfieiam,
1184 5763 1237 5806 saa
1251 5747 1350 5805 varlas
1363 5747 1539 5807 ararim
1547 5746 1694 5811 ampo,
