<?xml version="1.0" encoding="UTF-8"?>
<!DOCTYPE html PUBLIC "-//W3C//DTD XHTML 1.0 Transitional//EN"
    "http://www.w3.org/TR/xhtml1/DTD/xhtml1-transitional.dtd">
<html xmlns="http://www.w3.org/1999/xhtml" xml:lang="en" lang="en">
 <head>
  <title>
</title>
<meta http-equiv="Content-Type" content="text/html;charset=utf-8" />
  <meta name='ocr-system' content='tesseract 3.04.00' />
  <meta name='ocr-capabilities' content='ocr_page ocr_carea ocr_par ocr_line ocrx_word'/>
</head>
<body>
  <div class='ocr_page' id='page_1' title='image "./patrologiaecurs13goog_0081.png"; bbox 0 0 3870 6120; ppageno 0'>
   <div class='ocr_carea' id='block_1_1' title="bbox 70 300 1910 396">
    <p class='ocr_par' dir='ltr' id='par_1_1' title="bbox 70 300 1910 396">
     <span class='ocr_line' id='line_1_1' title="bbox 70 300 1910 396; baseline -0.01 -1"><span class='ocrx_word' id='word_1_1' title='bbox 70 331 134 396; x_wconf 77' lang='lat' dir='ltr'><strong>sea</strong></span> <span class='ocrx_word' id='word_1_2' title='bbox 778 329 1084 394; x_wconf 79' lang='lat' dir='ltr'><strong>naonucoueus.</strong></span> <span class='ocrx_word' id='word_1_3' title='bbox 1724 321 1788 386; x_wconf 78' lang='lat' dir='ltr'><strong>rsu-</strong></span> <span class='ocrx_word' id='word_1_4' title='bbox 1870 300 1910 375; x_wconf 85' lang='grc'><strong>“.</strong></span> 
     </span>
    </p>
   </div>
   <div class='ocr_carea' id='block_1_2' title="bbox 71 457 1785 1425">
    <p class='ocr_par' dir='ltr' id='par_1_2' title="bbox 71 457 1785 1425">
     <span class='ocr_line' id='line_1_2' title="bbox 72 457 1785 545; baseline -0.005 -18"><span class='ocrx_word' id='word_1_5' title='bbox 72 472 219 527; x_wconf 76' lang='lat' dir='ltr'><strong>exortam</strong></span> <span class='ocrx_word' id='word_1_6' title='bbox 261 463 438 526; x_wconf 82' lang='lat' dir='ltr'><strong>divinarum</strong></span> <span class='ocrx_word' id='word_1_7' title='bbox 481 463 716 544; x_wconf 82' lang='lat' dir='ltr'><strong>scripturarum</strong></span> <span class='ocrx_word' id='word_1_8' title='bbox 758 464 902 545; x_wconf 77' lang='lat' dir='ltr'><strong>peritiam</strong></span> <span class='ocrx_word' id='word_1_9' title='bbox 918 466 1087 534; x_wconf 73' lang='lat' dir='ltr'><strong>Anumero</strong></span> <span class='ocrx_word' id='word_1_10' title='bbox 1116 483 1259 525; x_wconf 83' lang='lat' dir='ltr'><strong>versuum</strong></span> <span class='ocrx_word' id='word_1_11' title='bbox 1282 461 1456 525; x_wconf 80' lang='lat' dir='ltr'><strong>innotuisse</strong></span> <span class='ocrx_word' id='word_1_12' title='bbox 1497 457 1668 523; x_wconf 89' lang='lat' dir='ltr'><strong>lectoribus</strong></span> <span class='ocrx_word' id='word_1_13' title='bbox 1709 463 1785 539; x_wconf 81' lang='lat' dir='ltr'><strong>quet</strong></span> 
     </span>
     <span class='ocr_line' id='line_1_3' title="bbox 73 557 1784 644; baseline -0.005 -19"><span class='ocrx_word' id='word_1_14' title='bbox 73 563 160 644; x_wconf 90' lang='lat' dir='ltr'><strong>apud</strong></span> <span class='ocrx_word' id='word_1_15' title='bbox 175 562 351 624; x_wconf 89' lang='lat' dir='ltr'><strong>catholicos</strong></span> <span class='ocrx_word' id='word_1_16' title='bbox 365 563 424 624; x_wconf 93' lang='lat' dir='ltr'><strong>sibi</strong></span> <span class='ocrx_word' id='word_1_17' title='bbox 439 562 628 641; x_wconf 76' lang='lat' dir='ltr'><strong>gratulatur,</strong></span> <span class='ocrx_word' id='word_1_18' title='bbox 650 582 687 624; x_wconf 88' lang='lat' dir='ltr'><strong>ae</strong></span> <span class='ocrx_word' id='word_1_19' title='bbox 715 582 819 624; x_wconf 90' lang='lat' dir='ltr'><strong>secum</strong></span> <span class='ocrx_word' id='word_1_20' title='bbox 850 563 905 624; x_wconf 88' lang='lat' dir='ltr'><strong>sli·</strong></span> <span class='ocrx_word' id='word_1_21' title='bbox 957 569 1059 622; x_wconf 80' lang='lat' dir='ltr'><em>essent</em></span> <span class='ocrx_word' id='word_1_22' title='bbox 1086 563 1240 624; x_wconf 78' lang='lat' dir='ltr'><em>dictiones</em></span> <span class='ocrx_word' id='word_1_23' title='bbox 1269 562 1302 622; x_wconf 86' lang='lat' dir='ltr'><strong>in</strong></span> <span class='ocrx_word' id='word_1_24' title='bbox 1330 559 1474 641; x_wconf 77' lang='lat' dir='ltr'><strong>singulis</strong></span> <span class='ocrx_word' id='word_1_25' title='bbox 1502 557 1608 619; x_wconf 83' lang='lat' dir='ltr'><strong>libris.</strong></span> <span class='ocrx_word' id='word_1_26' title='bbox 1639 557 1784 636; x_wconf 84' lang='lat' dir='ltr'><strong>Quinque</strong></span> 
     </span>
     <span class='ocr_line' id='line_1_4' title="bbox 74 657 1783 741; baseline -0.004 -19"><span class='ocrx_word' id='word_1_27' title='bbox 74 661 204 741; x_wconf 89' lang='lat' dir='ltr'><strong>quando</strong></span> <span class='ocrx_word' id='word_1_28' title='bbox 234 679 363 740; x_wconf 91' lang='lat' dir='ltr'><strong>prorsus</strong></span> <span class='ocrx_word' id='word_1_29' title='bbox 395 661 656 738; x_wconf 77' lang='lat' dir='ltr'><strong>exstinguendam</strong></span> <span class='ocrx_word' id='word_1_30' title='bbox 700 661 902 741; x_wconf 74' lang='lat' dir='ltr'><strong>pertimescit.</strong></span> <span class='ocrx_word' id='word_1_31' title='bbox 958 661 1399 741; x_wconf 83' lang='lat' dir='ltr'><strong>antiquissimamooumenta</strong></span> <span class='ocrx_word' id='word_1_32' title='bbox 1427 677 1446 719; x_wconf 90' lang='lat' dir='ltr'><strong>a</strong></span> <span class='ocrx_word' id='word_1_33' title='bbox 1474 657 1565 719; x_wconf 88' lang='lat' dir='ltr'><strong>nobis</strong></span> <span class='ocrx_word' id='word_1_34' title='bbox 1592 657 1699 735; x_wconf 88' lang='lat' dir='ltr'><strong>citata,</strong></span> <span class='ocrx_word' id='word_1_35' title='bbox 1726 672 1783 716; x_wconf 90' lang='lat' dir='ltr'><strong>nec</strong></span> 
     </span>
     <span class='ocr_line' id='line_1_5' title="bbox 72 753 1782 838; baseline -0.005 -18"><span class='ocrx_word' id='word_1_36' title='bbox 72 759 134 820; x_wconf 88' lang='lat' dir='ltr'><strong>Sed</strong></span> <span class='ocrx_word' id='word_1_37' title='bbox 158 758 334 820; x_wconf 74' lang='lat' dir='ltr'><strong>vanitatem</strong></span> <span class='ocrx_word' id='word_1_38' title='bbox 363 758 458 836; x_wconf 86' lang='lat' dir='ltr'><strong>hujus</strong></span> <span class='ocrx_word' id='word_1_39' title='bbox 486 758 644 837; x_wconf 79' lang='lat' dir='ltr'><strong>opinionis</strong></span> <span class='ocrx_word' id='word_1_40' title='bbox 676 761 843 821; x_wconf 89' lang='lat' dir='ltr'><strong>ostendere</strong></span> <span class='ocrx_word' id='word_1_41' title='bbox 870 759 901 819; x_wconf 91' lang='lat' dir='ltr'><strong>in</strong></span> <span class='ocrx_word' id='word_1_42' title='bbox 958 777 1050 838; x_wconf 90' lang='lat' dir='ltr'><strong>pares</strong></span> <span class='ocrx_word' id='word_1_43' title='bbox 1078 759 1196 820; x_wconf 90' lang='lat' dir='ltr'><strong>habent</strong></span> <span class='ocrx_word' id='word_1_44' title='bbox 1226 759 1335 827; x_wconf 86' lang='lat' dir='ltr'><strong>lineas,</strong></span> <span class='ocrx_word' id='word_1_45' title='bbox 1353 755 1580 835; x_wconf 83' lang='lat' dir='ltr'><strong>necaequalem</strong></span> <span class='ocrx_word' id='word_1_46' title='bbox 1607 753 1782 814; x_wconf 76' lang='lat' dir='ltr'><strong>dictionum</strong></span> 
     </span>
     <span class='ocr_line' id='line_1_6' title="bbox 74 848 1782 936; baseline -0.003 -20"><span class='ocrx_word' id='word_1_47' title='bbox 74 861 227 936; x_wconf 89' lang='lat' dir='ltr'><strong>promptu</strong></span> <span class='ocrx_word' id='word_1_48' title='bbox 256 855 348 917; x_wconf 92' lang='lat' dir='ltr'><strong>nobis</strong></span> <span class='ocrx_word' id='word_1_49' title='bbox 377 863 489 916; x_wconf 90' lang='lat' dir='ltr'><strong>estex</strong></span> <span class='ocrx_word' id='word_1_50' title='bbox 519 874 581 917; x_wconf 91' lang='lat' dir='ltr'><strong>uno</strong></span> <span class='ocrx_word' id='word_1_51' title='bbox 608 856 691 918; x_wconf 84' lang='lat' dir='ltr'><strong>Ruth</strong></span> <span class='ocrx_word' id='word_1_52' title='bbox 732 856 901 928; x_wconf 84' lang='lat' dir='ltr'><strong>volumine,</strong></span> <span class='ocrx_word' id='word_1_53' title='bbox 958 874 1125 917; x_wconf 90' lang='lat' dir='ltr'><strong>numerum</strong></span> <span class='ocrx_word' id='word_1_54' title='bbox 1155 856 1302 925; x_wconf 88' lang='lat' dir='ltr'><strong>inlioeis‚</strong></span> <span class='ocrx_word' id='word_1_55' title='bbox 1321 853 1515 915; x_wconf 90' lang='lat' dir='ltr'><strong>necsimilen</strong></span> <span class='ocrx_word' id='word_1_56' title='bbox 1544 852 1576 911; x_wconf 95' lang='lat' dir='ltr'><strong>in</strong></span> <span class='ocrx_word' id='word_1_57' title='bbox 1604 856 1672 911; x_wconf 88' lang='lat' dir='ltr'><strong>toto</strong></span> <span class='ocrx_word' id='word_1_58' title='bbox 1700 848 1782 911; x_wconf 92' lang='lat' dir='ltr'><strong>libro</strong></span> 
     </span>
     <span class='ocr_line' id='line_1_7' title="bbox 72 947 1781 1034; baseline -0.004 -19"><span class='ocrx_word' id='word_1_59' title='bbox 72 953 163 1033; x_wconf 90' lang='lat' dir='ltr'><strong>quod</strong></span> <span class='ocrx_word' id='word_1_60' title='bbox 188 971 306 1032; x_wconf 77' lang='lat' dir='ltr'><strong>magna</strong></span> <span class='ocrx_word' id='word_1_61' title='bbox 334 954 516 1014; x_wconf 87' lang='lat' dir='ltr'><strong>curiositate</strong></span> <span class='ocrx_word' id='word_1_62' title='bbox 543 959 647 1016; x_wconf 89' lang='lat' dir='ltr'><strong>totum</strong></span> <span class='ocrx_word' id='word_1_63' title='bbox 676 955 842 1034; x_wconf 76' lang='lat' dir='ltr'><strong>perlegens</strong></span> <span class='ocrx_word' id='word_1_64' title='bbox 870 955 902 1013; x_wconf 94' lang='lat' dir='ltr'><strong>in</strong></span> <span class='ocrx_word' id='word_1_65' title='bbox 957 953 1112 1015; x_wconf 90' lang='lat' dir='ltr'><strong>linearum</strong></span> <span class='ocrx_word' id='word_1_66' title='bbox 1125 972 1290 1016; x_wconf 90' lang='lat' dir='ltr'><strong>numerum</strong></span> <span class='ocrx_word' id='word_1_67' title='bbox 1308 970 1315 1012; x_wconf 92' lang='lat'>:</span> <span class='ocrx_word' id='word_1_68' title='bbox 1334 951 1390 1014; x_wconf 88' lang='lat' dir='ltr'><strong>etsi</strong></span> <span class='ocrx_word' id='word_1_69' title='bbox 1407 969 1463 1030; x_wconf 89' lang='lat' dir='ltr'><strong>pro</strong></span> <span class='ocrx_word' id='word_1_70' title='bbox 1477 949 1559 1010; x_wconf 89' lang='lat' dir='ltr'><strong>libro</strong></span> <span class='ocrx_word' id='word_1_71' title='bbox 1573 947 1781 1026; x_wconf 81' lang='lat' dir='ltr'><strong>Rutbaequa-</strong></span> 
     </span>
     <span class='ocr_line' id='line_1_8' title="bbox 72 1043 1782 1132; baseline -0.005 -20"><span class='ocrx_word' id='word_1_72' title='bbox 72 1051 223 1132; x_wconf 78' lang='lat' dir='ltr'><strong>plurimis</strong></span> <span class='ocrx_word' id='word_1_73' title='bbox 236 1070 310 1112; x_wconf 82' lang='lat' dir='ltr'><strong>mss.</strong></span> <span class='ocrx_word' id='word_1_74' title='bbox 331 1051 504 1124; x_wconf 87' lang='lat' dir='ltr'><strong>codicibus,</strong></span> <span class='ocrx_word' id='word_1_75' title='bbox 534 1053 697 1115; x_wconf 87' lang='lat' dir='ltr'><strong>numeravi</strong></span> <span class='ocrx_word' id='word_1_76' title='bbox 727 1053 837 1129; x_wconf 85' lang='lat' dir='ltr'><strong>lineas,</strong></span> <span class='ocrx_word' id='word_1_77' title='bbox 872 1058 904 1112; x_wconf 93' lang='lat' dir='ltr'><strong>et</strong></span> <span class='ocrx_word' id='word_1_78' title='bbox 958 1051 995 1113; x_wconf 90' lang='lat' dir='ltr'><strong>lis</strong></span> <span class='ocrx_word' id='word_1_79' title='bbox 1010 1051 1041 1113; x_wconf 87' lang='lat' dir='ltr'><strong>lu</strong></span> <span class='ocrx_word' id='word_1_80' title='bbox 1058 1053 1103 1114; x_wconf 93' lang='lat' dir='ltr'><strong>eis</strong></span> <span class='ocrx_word' id='word_1_81' title='bbox 1118 1053 1289 1113; x_wconf 87' lang='lat' dir='ltr'><strong>adnotatus</strong></span> <span class='ocrx_word' id='word_1_82' title='bbox 1301 1051 1341 1111; x_wconf 90' lang='lat' dir='ltr'><strong>sit</strong></span> <span class='ocrx_word' id='word_1_83' title='bbox 1355 1067 1499 1110; x_wconf 76' lang='lat' dir='ltr'><strong>versuum</strong></span> <span class='ocrx_word' id='word_1_84' title='bbox 1511 1063 1658 1106; x_wconf 77' lang='lat' dir='ltr'><strong>numerus</strong></span> <span class='ocrx_word' id='word_1_85' title='bbox 1672 1045 1704 1105; x_wconf 89' lang='lat' dir='ltr'><strong>iu</strong></span> <span class='ocrx_word' id='word_1_86' title='bbox 1719 1043 1782 1105; x_wconf 87' lang='lat' dir='ltr'><strong>line</strong></span> 
     </span>
     <span class='ocr_line' id='line_1_9' title="bbox 71 1141 1782 1230; baseline -0.006 -19"><span class='ocrx_word' id='word_1_87' title='bbox 71 1149 217 1229; x_wconf 81' lang='lat' dir='ltr'><strong>singulas</strong></span> <span class='ocrx_word' id='word_1_88' title='bbox 243 1149 408 1218; x_wconf 88' lang='lat' dir='ltr'><strong>dictiones,</strong></span> <span class='ocrx_word' id='word_1_89' title='bbox 435 1154 471 1211; x_wconf 85' lang='lat' dir='ltr'><strong>ut</strong></span> <span class='ocrx_word' id='word_1_90' title='bbox 494 1148 650 1230; x_wconf 88' lang='lat' dir='ltr'><strong>judicium</strong></span> <span class='ocrx_word' id='word_1_91' title='bbox 679 1150 827 1212; x_wconf 91' lang='lat' dir='ltr'><strong>haberem</strong></span> <span class='ocrx_word' id='word_1_92' title='bbox 863 1151 902 1211; x_wconf 90' lang='lat' dir='ltr'><strong>de</strong></span> <span class='ocrx_word' id='word_1_93' title='bbox 957 1149 1097 1228; x_wconf 87' lang='lat' dir='ltr'><strong>ejusdem</strong></span> <span class='ocrx_word' id='word_1_94' title='bbox 1115 1149 1296 1222; x_wconf 86' lang='lat' dir='ltr'><strong>voluminis,</strong></span> <span class='ocrx_word' id='word_1_95' title='bbox 1312 1165 1425 1226; x_wconf 89' lang='lat' dir='ltr'><strong>nempe</strong></span> <span class='ocrx_word' id='word_1_96' title='bbox 1438 1162 1545 1206; x_wconf 80' lang='lat' dir='ltr'><strong>versus</strong></span> <span class='ocrx_word' id='word_1_97' title='bbox 1556 1144 1625 1204; x_wconf 72' lang='lat'>250.</span> <span class='ocrx_word' id='word_1_98' title='bbox 1637 1141 1782 1204; x_wconf 82' lang='lat' dir='ltr'><strong>Proferat</strong></span> 
     </span>
     <span class='ocr_line' id='line_1_10' title="bbox 71 1237 1779 1327; baseline -0.004 -23"><span class='ocrx_word' id='word_1_99' title='bbox 71 1245 163 1305; x_wconf 80' lang='lat' dir='ltr'><strong>falsis</strong></span> <span class='ocrx_word' id='word_1_100' title='bbox 190 1244 464 1308; x_wconf 85' lang='lat' dir='ltr'><strong>observationibus</strong></span> <span class='ocrx_word' id='word_1_101' title='bbox 498 1247 556 1308; x_wconf 85' lang='lat' dir='ltr'><strong>viri</strong></span> <span class='ocrx_word' id='word_1_102' title='bbox 596 1247 781 1327; x_wconf 75' lang='lat' dir='ltr'><strong>supradicti.</strong></span> <span class='ocrx_word' id='word_1_103' title='bbox 824 1249 902 1308; x_wconf 83' lang='lat' dir='ltr'><strong>Eam</strong></span> <span class='ocrx_word' id='word_1_104' title='bbox 957 1247 989 1306; x_wconf 88' lang='lat' dir='ltr'><strong>in</strong></span> <span class='ocrx_word' id='word_1_105' title='bbox 1004 1247 1143 1308; x_wconf 89' lang='lat' dir='ltr'><strong>medium</strong></span> <span class='ocrx_word' id='word_1_106' title='bbox 1159 1248 1284 1307; x_wconf 87' lang='lat' dir='ltr'><strong>criticus</strong></span> <span class='ocrx_word' id='word_1_107' title='bbox 1299 1250 1415 1318; x_wconf 88' lang='lat' dir='ltr'><strong>noster,</strong></span> <span class='ocrx_word' id='word_1_108' title='bbox 1442 1243 1468 1302; x_wconf 90' lang='lat' dir='ltr'><strong>si</strong></span> <span class='ocrx_word' id='word_1_109' title='bbox 1497 1248 1602 1302; x_wconf 89' lang='lat' dir='ltr'><strong>tamen</strong></span> <span class='ocrx_word' id='word_1_110' title='bbox 1630 1237 1779 1318; x_wconf 86' lang='lat' dir='ltr'><strong>potnerit,</strong></span> 
     </span>
     <span class='ocr_line' id='line_1_11' title="bbox 71 1337 1780 1425; baseline -0.004 -23"><span class='ocrx_word' id='word_1_111' title='bbox 71 1359 148 1403; x_wconf 84' lang='lat' dir='ltr'><strong>vero</strong></span> <span class='ocrx_word' id='word_1_112' title='bbox 163 1361 231 1404; x_wconf 91' lang='lat' dir='ltr'><strong>rem</strong></span> <span class='ocrx_word' id='word_1_113' title='bbox 259 1344 447 1424; x_wconf 87' lang='lat' dir='ltr'><strong>expendere,</strong></span> <span class='ocrx_word' id='word_1_114' title='bbox 477 1352 508 1407; x_wconf 92' lang='lat' dir='ltr'><strong>et</strong></span> <span class='ocrx_word' id='word_1_115' title='bbox 535 1345 689 1406; x_wconf 78' lang='lat' dir='ltr'><strong>dictiones</strong></span> <span class='ocrx_word' id='word_1_116' title='bbox 717 1361 903 1406; x_wconf 89' lang='lat' dir='ltr'><strong>enumerare</strong></span> <span class='ocrx_word' id='word_1_117' title='bbox 956 1347 1202 1408; x_wconf 84' lang='lat' dir='ltr'><strong>vetustissimum</strong></span> <span class='ocrx_word' id='word_1_118' title='bbox 1245 1344 1374 1425; x_wconf 89' lang='lat' dir='ltr'><strong>aliquod</strong></span> <span class='ocrx_word' id='word_1_119' title='bbox 1418 1340 1581 1420; x_wconf 86' lang='lat' dir='ltr'><strong>exemplar</strong></span> <span class='ocrx_word' id='word_1_120' title='bbox 1594 1337 1780 1410; x_wconf 75' lang='lat' dir='ltr'><strong>bibliorum,</strong></span> 
     </span>
    </p>
   </div>
   <div class='ocr_carea' id='block_1_3' title="bbox 70 1434 1909 1619">
    <p class='ocr_par' dir='ltr' id='par_1_3' title="bbox 70 1434 1909 1619">
     <span class='ocr_line' id='line_1_12' title="bbox 71 1434 1909 1524; baseline -0.004 -24"><span class='ocrx_word' id='word_1_121' title='bbox 71 1439 160 1502; x_wconf 85' lang='lat' dir='ltr'><strong>volui</strong></span> <span class='ocrx_word' id='word_1_122' title='bbox 174 1440 208 1500; x_wconf 92' lang='lat' dir='ltr'><strong>in</strong></span> <span class='ocrx_word' id='word_1_123' title='bbox 223 1441 305 1502; x_wconf 91' lang='lat' dir='ltr'><strong>libro</strong></span> <span class='ocrx_word' id='word_1_124' title='bbox 322 1444 416 1516; x_wconf 83' lang='lat' dir='ltr'><strong>Ruth,</strong></span> <span class='ocrx_word' id='word_1_125' title='bbox 434 1443 519 1524; x_wconf 89' lang='lat' dir='ltr'><strong>quod</strong></span> <span class='ocrx_word' id='word_1_126' title='bbox 533 1443 600 1523; x_wconf 91' lang='lat' dir='ltr'><strong>ipse</strong></span> <span class='ocrx_word' id='word_1_127' title='bbox 616 1442 770 1504; x_wconf 83' lang='lat' dir='ltr'><strong>breuitate</strong></span> <span class='ocrx_word' id='word_1_128' title='bbox 784 1460 842 1503; x_wconf 89' lang='lat' dir='ltr'><strong>sua</strong></span> <span class='ocrx_word' id='word_1_129' title='bbox 862 1442 903 1503; x_wconf 88' lang='lat' dir='ltr'><strong>sit</strong></span> <span class='ocrx_word' id='word_1_130' title='bbox 955 1445 988 1506; x_wconf 92' lang='lat' dir='ltr'><strong>in</strong></span> <span class='ocrx_word' id='word_1_131' title='bbox 1017 1463 1080 1524; x_wconf 91' lang='lat' dir='ltr'><strong>quo</strong></span> <span class='ocrx_word' id='word_1_132' title='bbox 1108 1444 1239 1523; x_wconf 80' lang='lat' dir='ltr'><strong>aequalia</strong></span> <span class='ocrx_word' id='word_1_133' title='bbox 1254 1443 1294 1503; x_wconf 89' lang='lat' dir='ltr'><strong>sit</strong></span> <span class='ocrx_word' id='word_1_134' title='bbox 1307 1458 1460 1503; x_wconf 90' lang='lat' dir='ltr'><strong>numerus</strong></span> <span class='ocrx_word' id='word_1_135' title='bbox 1486 1453 1633 1499; x_wconf 77' lang='lat' dir='ltr'><strong>vemunm</strong></span> <span class='ocrx_word' id='word_1_136' title='bbox 1650 1434 1782 1495; x_wconf 86' lang='lat' dir='ltr'><strong>adnote·</strong></span> <span class='ocrx_word' id='word_1_137' title='bbox 1904 1472 1909 1479; x_wconf 89' lang='lat'>-</span> 
     </span>
     <span class='ocr_line' id='line_1_13' title="bbox 70 1529 1907 1619; baseline -0.005 -21"><span class='ocrx_word' id='word_1_138' title='bbox 70 1538 346 1600; x_wconf 83' lang='lat' dir='ltr'><strong>eccommodatior</strong></span> <span class='ocrx_word' id='word_1_139' title='bbox 372 1545 480 1602; x_wconf 90' lang='lat' dir='ltr'><strong>nostro</strong></span> <span class='ocrx_word' id='word_1_140' title='bbox 508 1540 652 1616; x_wconf 88' lang='lat' dir='ltr'><strong>consilio,</strong></span> <span class='ocrx_word' id='word_1_141' title='bbox 691 1540 902 1619; x_wconf 90' lang='lat' dir='ltr'><strong>eumdemque</strong></span> <span class='ocrx_word' id='word_1_142' title='bbox 957 1549 1007 1604; x_wconf 93' lang='lat' dir='ltr'><strong>tus</strong></span> <span class='ocrx_word' id='word_1_143' title='bbox 1034 1542 1066 1603; x_wconf 91' lang='lat' dir='ltr'><strong>in</strong></span> <span class='ocrx_word' id='word_1_144' title='bbox 1094 1537 1589 1615; x_wconf 86' lang='lat' dir='ltr'><strong>fine,cumnumerolinearum‚</strong></span> <span class='ocrx_word' id='word_1_145' title='bbox 1613 1529 1780 1611; x_wconf 90' lang='lat' dir='ltr'><strong>quibusil-</strong></span> <span class='ocrx_word' id='word_1_146' title='bbox 1904 1554 1907 1559; x_wconf 95' lang='lat'>·</span> 
     </span>
    </p>
   </div>
   <div class='ocr_carea' id='block_1_4' title="bbox 70 1626 1868 1817">
    <p class='ocr_par' dir='ltr' id='par_1_4' title="bbox 70 1626 1868 1817">
     <span class='ocr_line' id='line_1_14' title="bbox 70 1626 1781 1720; baseline -0.006 -22"><span class='ocrx_word' id='word_1_147' title='bbox 70 1635 193 1699; x_wconf 74' lang='lat' dir='ltr'><strong>hebeat</strong></span> <span class='ocrx_word' id='word_1_148' title='bbox 207 1656 375 1699; x_wconf 93' lang='lat' dir='ltr'><strong>numerum</strong></span> <span class='ocrx_word' id='word_1_149' title='bbox 405 1658 551 1701; x_wconf 86' lang='lat' dir='ltr'><strong>versuum</strong></span> <span class='ocrx_word' id='word_1_150' title='bbox 576 1639 608 1701; x_wconf 92' lang='lat' dir='ltr'><strong>in</strong></span> <span class='ocrx_word' id='word_1_151' title='bbox 637 1639 798 1701; x_wconf 82' lang='lat' dir='ltr'><strong>codicibus</strong></span> <span class='ocrx_word' id='word_1_152' title='bbox 826 1657 901 1699; x_wconf 88' lang='lat' dir='ltr'><strong>mes.</strong></span> <span class='ocrx_word' id='word_1_153' title='bbox 957 1639 1011 1700; x_wconf 89' lang='lat' dir='ltr'><strong>lud</strong></span> <span class='ocrx_word' id='word_1_154' title='bbox 1039 1639 1199 1720; x_wconf 83' lang='lat' dir='ltr'><strong>exemplar</strong></span> <span class='ocrx_word' id='word_1_155' title='bbox 1225 1637 1417 1716; x_wconf 86' lang='lat' dir='ltr'><strong>descriptum</strong></span> <span class='ocrx_word' id='word_1_156' title='bbox 1446 1640 1504 1695; x_wconf 89' lang='lat' dir='ltr'><strong>est.</strong></span> <span class='ocrx_word' id='word_1_157' title='bbox 1533 1628 1685 1693; x_wconf 81' lang='lat' dir='ltr'><strong>Ostendat</strong></span> <span class='ocrx_word' id='word_1_158' title='bbox 1721 1626 1781 1688; x_wconf 87' lang='lat' dir='ltr'><strong>itc-</strong></span> 
     </span>
     <span class='ocr_line' id='line_1_15' title="bbox 71 1725 1868 1817; baseline -0.005 -23"><span class='ocrx_word' id='word_1_159' title='bbox 71 1734 295 1796; x_wconf 83' lang='lat' dir='ltr'><strong>vetustissimis</strong></span> <span class='ocrx_word' id='word_1_160' title='bbox 310 1735 497 1798; x_wconf 83' lang='lat' dir='ltr'><strong>adnotatum</strong></span> <span class='ocrx_word' id='word_1_161' title='bbox 515 1739 554 1799; x_wconf 88' lang='lat' dir='ltr'><strong>sd</strong></span> <span class='ocrx_word' id='word_1_162' title='bbox 572 1737 677 1798; x_wconf 87' lang='lat' dir='ltr'><strong>finem.</strong></span> <span class='ocrx_word' id='word_1_163' title='bbox 694 1735 789 1798; x_wconf 91' lang='lat' dir='ltr'><strong>Liber</strong></span> <span class='ocrx_word' id='word_1_164' title='bbox 819 1735 903 1798; x_wconf 88' lang='lat' dir='ltr'><strong>lluth</strong></span> <span class='ocrx_word' id='word_1_165' title='bbox 958 1756 1026 1798; x_wconf 92' lang='lat' dir='ltr'><strong>rum</strong></span> <span class='ocrx_word' id='word_1_166' title='bbox 1043 1738 1183 1817; x_wconf 78' lang='lat' dir='ltr'><strong>singulas</strong></span> <span class='ocrx_word' id='word_1_167' title='bbox 1206 1737 1304 1798; x_wconf 87' lang='lat' dir='ltr'><strong>lineos</strong></span> <span class='ocrx_word' id='word_1_168' title='bbox 1332 1736 1363 1796; x_wconf 95' lang='lat' dir='ltr'><strong>in</strong></span> <span class='ocrx_word' id='word_1_169' title='bbox 1382 1733 1437 1794; x_wconf 89' lang='lat' dir='ltr'><strong>ille</strong></span> <span class='ocrx_word' id='word_1_170' title='bbox 1460 1727 1635 1808; x_wconf 88' lang='lat' dir='ltr'><strong>exemplari</strong></span> <span class='ocrx_word' id='word_1_171' title='bbox 1663 1725 1783 1786; x_wconf 89' lang='lat' dir='ltr'><strong>habere</strong></span> <span class='ocrx_word' id='word_1_172' title='bbox 1865 1771 1868 1775; x_wconf 84' lang='lat'>.</span> 
     </span>
    </p>
   </div>
   <div class='ocr_carea' id='block_1_5' title="bbox 71 1823 1903 1913">
    <p class='ocr_par' dir='ltr' id='par_1_5' title="bbox 71 1823 1903 1913">
     <span class='ocr_line' id='line_1_16' title="bbox 71 1823 1903 1913; baseline -0.007 -20"><span class='ocrx_word' id='word_1_173' title='bbox 71 1831 183 1895; x_wconf 89' lang='lat' dir='ltr'><strong>iums.</strong></span> <span class='ocrx_word' id='word_1_174' title='bbox 202 1832 300 1913; x_wconf 77' lang='lat' dir='ltr'><strong>Regio</strong></span> <span class='ocrx_word' id='word_1_175' title='bbox 314 1834 488 1896; x_wconf 90' lang='lat' dir='ltr'><strong>Bibliorum</strong></span> <span class='ocrx_word' id='word_1_176' title='bbox 504 1853 665 1897; x_wconf 89' lang='lat' dir='ltr'><strong>sacrorum</strong></span> <span class='ocrx_word' id='word_1_177' title='bbox 691 1835 799 1896; x_wconf 90' lang='lat' dir='ltr'><strong>codice</strong></span> <span class='ocrx_word' id='word_1_178' title='bbox 813 1840 1010 1906; x_wconf 77' lang='lat' dir='ltr'><strong>uumsssex</strong></span> <span class='ocrx_word' id='word_1_179' title='bbox 1039 1842 1162 1898; x_wconf 88' lang='lat' dir='ltr'><strong>tantum</strong></span> <span class='ocrx_word' id='word_1_180' title='bbox 1192 1835 1355 1904; x_wconf 88' lang='lat' dir='ltr'><strong>dictiones,</strong></span> <span class='ocrx_word' id='word_1_181' title='bbox 1386 1837 1483 1893; x_wconf 86' lang='lat' dir='ltr'><strong>etex</strong></span> <span class='ocrx_word' id='word_1_182' title='bbox 1525 1846 1562 1888; x_wconf 90' lang='lat' dir='ltr'><strong>eo</strong></span> <span class='ocrx_word' id='word_1_183' title='bbox 1606 1823 1779 1885; x_wconf 90' lang='lat' dir='ltr'><strong>dictionum</strong></span> <span class='ocrx_word' id='word_1_184' title='bbox 1900 1904 1903 1909; x_wconf 84' lang='lat'>.</span> 
     </span>
    </p>
   </div>
   <div class='ocr_carea' id='block_1_6' title="bbox 68 1917 1783 2897">
    <p class='ocr_par' dir='ltr' id='par_1_6' title="bbox 69 1917 1783 2502">
     <span class='ocr_line' id='line_1_17' title="bbox 71 1917 1782 2011; baseline -0.006 -20"><span class='ocrx_word' id='word_1_185' title='bbox 71 1930 166 1997; x_wconf 79' lang='lat'><strong>3563.</strong></span> <span class='ocrx_word' id='word_1_186' title='bbox 198 1930 375 2011; x_wconf 89' lang='lat' dir='ltr'><strong>descriptus</strong></span> <span class='ocrx_word' id='word_1_187' title='bbox 402 1933 433 1993; x_wconf 93' lang='lat' dir='ltr'><strong>in</strong></span> <span class='ocrx_word' id='word_1_188' title='bbox 462 1932 586 1994; x_wconf 88' lang='lat' dir='ltr'><strong>dusbus</strong></span> <span class='ocrx_word' id='word_1_189' title='bbox 612 1932 768 1995; x_wconf 90' lang='lat' dir='ltr'><strong>columnis</strong></span> <span class='ocrx_word' id='word_1_190' title='bbox 798 1933 901 1993; x_wconf 92' lang='lat' dir='ltr'><strong>minu·</strong></span> <span class='ocrx_word' id='word_1_191' title='bbox 957 1951 1088 1995; x_wconf 92' lang='lat' dir='ltr'><strong>numero</strong></span> <span class='ocrx_word' id='word_1_192' title='bbox 1127 1932 1174 1995; x_wconf 89' lang='lat' dir='ltr'><strong>ita</strong></span> <span class='ocrx_word' id='word_1_193' title='bbox 1213 1929 1460 2009; x_wconf 88' lang='lat' dir='ltr'><strong>circumscripto,</strong></span> <span class='ocrx_word' id='word_1_194' title='bbox 1502 1923 1608 1987; x_wconf 86' lang='lat' dir='ltr'><strong>statim</strong></span> <span class='ocrx_word' id='word_1_195' title='bbox 1651 1917 1782 2000; x_wconf 73' lang='lat' dir='ltr'><strong>agnosci</strong></span> 
     </span>
     <span class='ocr_line' id='line_1_18' title="bbox 70 2019 1781 2111; baseline -0.005 -22"><span class='ocrx_word' id='word_1_196' title='bbox 70 2027 154 2090; x_wconf 91' lang='lat' dir='ltr'><strong>tiore</strong></span> <span class='ocrx_word' id='word_1_197' title='bbox 183 2046 282 2090; x_wconf 89' lang='lat' dir='ltr'><strong>manu</strong></span> <span class='ocrx_word' id='word_1_198' title='bbox 310 2029 375 2090; x_wconf 84' lang='lat' dir='ltr'><strong>sire</strong></span> <span class='ocrx_word' id='word_1_199' title='bbox 402 2038 573 2104; x_wconf 89' lang='lat' dir='ltr'><strong>caractere,</strong></span> <span class='ocrx_word' id='word_1_200' title='bbox 589 2030 685 2092; x_wconf 89' lang='lat' dir='ltr'><strong>babet</strong></span> <span class='ocrx_word' id='word_1_201' title='bbox 713 2029 900 2102; x_wconf 70' lang='lat' dir='ltr'><strong>lineas335;</strong></span> <span class='ocrx_word' id='word_1_202' title='bbox 957 2039 1034 2111; x_wconf 93' lang='lat' dir='ltr'><strong>quot</strong></span> <span class='ocrx_word' id='word_1_203' title='bbox 1062 2032 1125 2094; x_wconf 91' lang='lat' dir='ltr'><strong>sint</strong></span> <span class='ocrx_word' id='word_1_204' title='bbox 1152 2032 1304 2093; x_wconf 89' lang='lat' dir='ltr'><strong>dictiones</strong></span> <span class='ocrx_word' id='word_1_205' title='bbox 1331 2030 1363 2090; x_wconf 94' lang='lat' dir='ltr'><strong>in</strong></span> <span class='ocrx_word' id='word_1_206' title='bbox 1390 2027 1446 2089; x_wconf 92' lang='lat' dir='ltr'><strong>tali</strong></span> <span class='ocrx_word' id='word_1_207' title='bbox 1476 2023 1598 2086; x_wconf 86' lang='lat' dir='ltr'><strong>veltali</strong></span> <span class='ocrx_word' id='word_1_208' title='bbox 1625 2021 1716 2083; x_wconf 89' lang='lat' dir='ltr'><strong>libro.</strong></span> <span class='ocrx_word' id='word_1_209' title='bbox 1746 2019 1781 2082; x_wconf 89' lang='lat' dir='ltr'><strong>Si</strong></span> 
     </span>
     <span class='ocr_line' id='line_1_19' title="bbox 69 2118 1783 2208; baseline -0.005 -22"><span class='ocrx_word' id='word_1_210' title='bbox 69 2124 209 2205; x_wconf 77' lang='lat' dir='ltr'><strong>singulm</strong></span> <span class='ocrx_word' id='word_1_211' title='bbox 238 2126 395 2189; x_wconf 74' lang='lat' dir='ltr'><strong>columne</strong></span> <span class='ocrx_word' id='word_1_212' title='bbox 423 2129 677 2208; x_wconf 90' lang='lat' dir='ltr'><strong>complectuntur</strong></span> <span class='ocrx_word' id='word_1_213' title='bbox 703 2127 803 2189; x_wconf 90' lang='lat' dir='ltr'><strong>lineas</strong></span> <span class='ocrx_word' id='word_1_214' title='bbox 838 2131 899 2200; x_wconf 69' lang='lat'><strong>423</strong></span> <span class='ocrx_word' id='word_1_215' title='bbox 938 2129 1017 2190; x_wconf 89' lang='lat' dir='ltr'><strong>-boc</strong></span> <span class='ocrx_word' id='word_1_216' title='bbox 1045 2129 1161 2204; x_wconf 84' lang='lat' dir='ltr'><strong>lecerit,</strong></span> <span class='ocrx_word' id='word_1_217' title='bbox 1198 2129 1257 2189; x_wconf 90' lang='lat' dir='ltr'><strong>erit</strong></span> <span class='ocrx_word' id='word_1_218' title='bbox 1281 2125 1371 2189; x_wconf 90' lang='lat' dir='ltr'><strong>nobis</strong></span> <span class='ocrx_word' id='word_1_219' title='bbox 1414 2139 1547 2203; x_wconf 80' lang='lat' dir='ltr'><strong>magnus</strong></span> <span class='ocrx_word' id='word_1_220' title='bbox 1585 2118 1708 2198; x_wconf 77' lang='lat' dir='ltr'><strong>Apollo,</strong></span> <span class='ocrx_word' id='word_1_221' title='bbox 1749 2121 1783 2178; x_wconf 84' lang='lat' dir='ltr'><strong>et</strong></span> 
     </span>
     <span class='ocr_line' id='line_1_20' title="bbox 69 2213 1777 2306; baseline -0.005 -23"><span class='ocrx_word' id='word_1_222' title='bbox 69 2221 166 2284; x_wconf 69' lang='lat' dir='ltr'><strong>linere</strong></span> <span class='ocrx_word' id='word_1_223' title='bbox 194 2242 271 2286; x_wconf 82' lang='lat' dir='ltr'><strong>vero</strong></span> <span class='ocrx_word' id='word_1_224' title='bbox 298 2232 361 2287; x_wconf 91' lang='lat' dir='ltr'><strong>tres</strong></span> <span class='ocrx_word' id='word_1_225' title='bbox 396 2226 555 2288; x_wconf 86' lang='lat' dir='ltr'><strong>interdum</strong></span> <span class='ocrx_word' id='word_1_226' title='bbox 583 2227 703 2288; x_wconf 89' lang='lat' dir='ltr'><strong>babent</strong></span> <span class='ocrx_word' id='word_1_227' title='bbox 737 2226 901 2299; x_wconf 82' lang='lat' dir='ltr'><strong>dictiones,</strong></span> <span class='ocrx_word' id='word_1_228' title='bbox 956 2246 1015 2306; x_wconf 83' lang='lat' dir='ltr'><strong>ego</strong></span> <span class='ocrx_word' id='word_1_229' title='bbox 1044 2227 1223 2288; x_wconf 85' lang='lat' dir='ltr'><strong>criticorum</strong></span> <span class='ocrx_word' id='word_1_230' title='bbox 1239 2225 1402 2287; x_wconf 84' lang='lat' dir='ltr'><strong>ebortivus</strong></span> <span class='ocrx_word' id='word_1_231' title='bbox 1416 2221 1574 2301; x_wconf 84' lang='lat' dir='ltr'><strong>proteram</strong></span> <span class='ocrx_word' id='word_1_232' title='bbox 1590 2218 1622 2279; x_wconf 90' lang='lat' dir='ltr'><strong>in</strong></span> <span class='ocrx_word' id='word_1_233' title='bbox 1638 2213 1777 2276; x_wconf 86' lang='lat' dir='ltr'><strong>medium</strong></span> 
     </span>
     <span class='ocr_line' id='line_1_21' title="bbox 70 2314 1782 2403; baseline -0.006 -21"><span class='ocrx_word' id='word_1_234' title='bbox 70 2320 238 2383; x_wconf 85' lang='lat' dir='ltr'><strong>nonnullae</strong></span> <span class='ocrx_word' id='word_1_235' title='bbox 281 2329 418 2402; x_wconf 87' lang='lat' dir='ltr'><strong>quatuor</strong></span> <span class='ocrx_word' id='word_1_236' title='bbox 458 2324 597 2403; x_wconf 78' lang='lat' dir='ltr'><strong>integrus</strong></span> <span class='ocrx_word' id='word_1_237' title='bbox 637 2342 708 2385; x_wconf 90' lang='lat' dir='ltr'><strong>cum</strong></span> <span class='ocrx_word' id='word_1_238' title='bbox 737 2324 902 2386; x_wconf 89' lang='lat' dir='ltr'><strong>dimidiata</strong></span> <span class='ocrx_word' id='word_1_239' title='bbox 955 2331 1104 2386; x_wconf 82' lang='lat' dir='ltr'><strong>sexcenis</strong></span> <span class='ocrx_word' id='word_1_240' title='bbox 1120 2323 1292 2398; x_wconf 86' lang='lat' dir='ltr'><strong>volumina,</strong></span> <span class='ocrx_word' id='word_1_241' title='bbox 1317 2339 1389 2401; x_wconf 82' lang='lat' dir='ltr'><strong>quae</strong></span> <span class='ocrx_word' id='word_1_242' title='bbox 1417 2319 1512 2380; x_wconf 88' lang='lat' dir='ltr'><strong>fldem</strong></span> <span class='ocrx_word' id='word_1_243' title='bbox 1528 2314 1699 2376; x_wconf 85' lang='lat' dir='ltr'><strong>excludant</strong></span> <span class='ocrx_word' id='word_1_244' title='bbox 1710 2329 1782 2374; x_wconf 89' lang='lat' dir='ltr'><strong>eru-</strong></span> 
     </span>
     <span class='ocr_line' id='line_1_22' title="bbox 69 2418 1206 2502; baseline 0.004 -22"><span class='ocrx_word' id='word_1_245' title='bbox 69 2418 225 2494; x_wconf 87' lang='lat' dir='ltr'><strong>dictione,</strong></span> <span class='ocrx_word' id='word_1_246' title='bbox 269 2421 443 2501; x_wconf 87' lang='lat' dir='ltr'><strong>aliquando</strong></span> <span class='ocrx_word' id='word_1_247' title='bbox 485 2423 636 2501; x_wconf 90' lang='lat' dir='ltr'><strong>quinque,</strong></span> <span class='ocrx_word' id='word_1_248' title='bbox 679 2423 728 2483; x_wconf 90' lang='lat' dir='ltr'><strong>vel</strong></span> <span class='ocrx_word' id='word_1_249' title='bbox 757 2441 822 2496; x_wconf 86' lang='lat' dir='ltr'><strong>sex,</strong></span> <span class='ocrx_word' id='word_1_250' title='bbox 851 2421 901 2483; x_wconf 83' lang='lat' dir='ltr'><strong>uel</strong></span> <span class='ocrx_word' id='word_1_251' title='bbox 956 2422 1012 2483; x_wconf 89' lang='lat' dir='ltr'><strong>diti</strong></span> <span class='ocrx_word' id='word_1_252' title='bbox 1028 2422 1123 2502; x_wconf 86' lang='lat' dir='ltr'><strong>hujus</strong></span> <span class='ocrx_word' id='word_1_253' title='bbox 1138 2422 1206 2484; x_wconf 81' lang='lat' dir='ltr'><strong>viri.</strong></span> 
     </span>
    </p>

    <p class='ocr_par' dir='ltr' id='par_1_7' title="bbox 68 2511 1782 2897">
     <span class='ocr_line' id='line_1_23' title="bbox 68 2511 1782 2600; baseline -0.006 -20"><span class='ocrx_word' id='word_1_254' title='bbox 68 2524 206 2598; x_wconf 85' lang='lat' dir='ltr'><strong>septem.</strong></span> <span class='ocrx_word' id='word_1_255' title='bbox 239 2518 440 2581; x_wconf 85' lang='lat' dir='ltr'><strong>Colbertinua</strong></span> <span class='ocrx_word' id='word_1_256' title='bbox 470 2538 527 2581; x_wconf 91' lang='lat' dir='ltr'><strong>ms.</strong></span> <span class='ocrx_word' id='word_1_257' title='bbox 570 2538 658 2580; x_wconf 87' lang='lat' dir='ltr'><strong>num.</strong></span> <span class='ocrx_word' id='word_1_258' title='bbox 690 2524 746 2582; x_wconf 77' lang='lat'><strong>157</strong></span> <span class='ocrx_word' id='word_1_259' title='bbox 785 2520 900 2582; x_wconf 90' lang='lat' dir='ltr'><strong>librum</strong></span> <span class='ocrx_word' id='word_1_260' title='bbox 996 2521 1096 2582; x_wconf 87' lang='lat' dir='ltr'><strong>tv.1n</strong></span> <span class='ocrx_word' id='word_1_261' title='bbox 1112 2520 1173 2582; x_wconf 89' lang='lat' dir='ltr'><strong>boc</strong></span> <span class='ocrx_word' id='word_1_262' title='bbox 1196 2517 1344 2600; x_wconf 84' lang='lat' dir='ltr'><strong>praesenti</strong></span> <span class='ocrx_word' id='word_1_263' title='bbox 1372 2514 1506 2577; x_wconf 88' lang='lat' dir='ltr'><strong>articulo</strong></span> <span class='ocrx_word' id='word_1_264' title='bbox 1534 2511 1670 2573; x_wconf 82' lang='lat' dir='ltr'><strong>breviter</strong></span> <span class='ocrx_word' id='word_1_265' title='bbox 1697 2525 1782 2589; x_wconf 76' lang='lat' dir='ltr'><strong>qute-</strong></span> 
     </span>
     <span class='ocr_line' id='line_1_24' title="bbox 68 2609 1779 2697; baseline -0.005 -17"><span class='ocrx_word' id='word_1_266' title='bbox 68 2617 160 2680; x_wconf 85' lang='lat' dir='ltr'><strong>Rutb</strong></span> <span class='ocrx_word' id='word_1_267' title='bbox 200 2618 361 2697; x_wconf 76' lang='lat' dir='ltr'><strong>integrum</strong></span> <span class='ocrx_word' id='word_1_268' title='bbox 389 2619 540 2681; x_wconf 88' lang='lat' dir='ltr'><strong>describit</strong></span> <span class='ocrx_word' id='word_1_269' title='bbox 567 2621 626 2680; x_wconf 80' lang='lat' dir='ltr'><strong>etc</strong></span> <span class='ocrx_word' id='word_1_270' title='bbox 654 2619 807 2683; x_wconf 74' lang='lat' dir='ltr'><strong>lineieln</strong></span> <span class='ocrx_word' id='word_1_271' title='bbox 837 2621 902 2681; x_wconf 91' lang='lat' dir='ltr'><strong>col·</strong></span> <span class='ocrx_word' id='word_1_272' title='bbox 954 2617 1053 2679; x_wconf 69' lang='lat' dir='ltr'><strong>fimus</strong></span> <span class='ocrx_word' id='word_1_273' title='bbox 1080 2619 1198 2679; x_wconf 91' lang='lat' dir='ltr'><strong>ausint</strong></span> <span class='ocrx_word' id='word_1_274' title='bbox 1214 2624 1313 2678; x_wconf 87' lang='lat' dir='ltr'><strong>metra</strong></span> <span class='ocrx_word' id='word_1_275' title='bbox 1338 2616 1370 2677; x_wconf 93' lang='lat' dir='ltr'><strong>in</strong></span> <span class='ocrx_word' id='word_1_276' title='bbox 1396 2610 1567 2692; x_wconf 88' lang='lat' dir='ltr'><strong>Scripturis</strong></span> <span class='ocrx_word' id='word_1_277' title='bbox 1604 2609 1710 2682; x_wconf 86' lang='lat' dir='ltr'><strong>sacris,</strong></span> <span class='ocrx_word' id='word_1_278' title='bbox 1741 2626 1779 2671; x_wconf 87' lang='lat' dir='ltr'><strong>ac</strong></span> 
     </span>
     <span class='ocr_line' id='line_1_25' title="bbox 68 2705 1779 2796; baseline -0.005 -20"><span class='ocrx_word' id='word_1_279' title='bbox 68 2715 190 2777; x_wconf 91' lang='lat' dir='ltr'><strong>lnmnis</strong></span> <span class='ocrx_word' id='word_1_280' title='bbox 227 2715 296 2796; x_wconf 80' lang='lat' dir='ltr'><strong>ejus</strong></span> <span class='ocrx_word' id='word_1_281' title='bbox 337 2716 428 2779; x_wconf 81' lang='lat' dir='ltr'><strong>lineae</strong></span> <span class='ocrx_word' id='word_1_282' title='bbox 469 2719 508 2779; x_wconf 78' lang='grc'><strong>43</strong></span> <span class='ocrx_word' id='word_1_283' title='bbox 549 2725 767 2780; x_wconf 89' lang='lat' dir='ltr'><strong>numerantur.</strong></span> <span class='ocrx_word' id='word_1_284' title='bbox 797 2719 900 2780; x_wconf 79' lang='lat' dir='ltr'><strong>Lineae</strong></span> <span class='ocrx_word' id='word_1_285' title='bbox 954 2716 1113 2796; x_wconf 75' lang='lat' dir='ltr'><strong>precipue</strong></span> <span class='ocrx_word' id='word_1_286' title='bbox 1152 2716 1184 2776; x_wconf 92' lang='lat' dir='ltr'><strong>in</strong></span> <span class='ocrx_word' id='word_1_287' title='bbox 1212 2714 1346 2777; x_wconf 81' lang='lat' dir='ltr'><strong>Psalmis</strong></span> <span class='ocrx_word' id='word_1_288' title='bbox 1376 2709 1500 2772; x_wconf 85' lang='lat' dir='ltr'><strong>Davidis</strong></span> <span class='ocrx_word' id='word_1_289' title='bbox 1526 2705 1779 2768; x_wconf 80' lang='lat' dir='ltr'><strong>lFemosissime</strong></span> 
     </span>
     <span class='ocr_line' id='line_1_26' title="bbox 68 2803 1779 2897; baseline -0.006 -24"><span class='ocrx_word' id='word_1_290' title='bbox 68 2815 86 2874; x_wconf 80' lang='lat' dir='ltr'><strong>t</strong></span> <span class='ocrx_word' id='word_1_291' title='bbox 115 2813 240 2875; x_wconf 88' lang='lat' dir='ltr'><strong>babent</strong></span> <span class='ocrx_word' id='word_1_292' title='bbox 267 2813 431 2888; x_wconf 83' lang='lat' dir='ltr'><strong>dictiones,</strong></span> <span class='ocrx_word' id='word_1_293' title='bbox 461 2820 516 2876; x_wconf 91' lang='lat' dir='ltr'><strong>aut</strong></span> <span class='ocrx_word' id='word_1_294' title='bbox 542 2818 572 2888; x_wconf 84' lang='lat'><strong>6,</strong></span> <span class='ocrx_word' id='word_1_295' title='bbox 603 2821 659 2877; x_wconf 90' lang='lat' dir='ltr'><strong>aut</strong></span> <span class='ocrx_word' id='word_1_296' title='bbox 684 2819 714 2890; x_wconf 81' lang='lat' dir='ltr'><strong>i,</strong></span> <span class='ocrx_word' id='word_1_297' title='bbox 745 2833 815 2876; x_wconf 90' lang='lat' dir='ltr'><strong>eum</strong></span> <span class='ocrx_word' id='word_1_298' title='bbox 841 2816 900 2877; x_wconf 89' lang='lat' dir='ltr'><strong>ali·</strong></span> <span class='ocrx_word' id='word_1_299' title='bbox 953 2816 1080 2897; x_wconf 93' lang='lat' dir='ltr'><strong>quidem</strong></span> <span class='ocrx_word' id='word_1_300' title='bbox 1109 2815 1253 2895; x_wconf 85' lang='lat' dir='ltr'><strong>quaestio,</strong></span> <span class='ocrx_word' id='word_1_301' title='bbox 1283 2812 1339 2874; x_wconf 90' lang='lat' dir='ltr'><strong>sed</strong></span> <span class='ocrx_word' id='word_1_302' title='bbox 1365 2809 1451 2890; x_wconf 86' lang='lat' dir='ltr'><strong>apud</strong></span> <span class='ocrx_word' id='word_1_303' title='bbox 1481 2825 1534 2869; x_wconf 90' lang='lat' dir='ltr'><strong>eos</strong></span> <span class='ocrx_word' id='word_1_304' title='bbox 1548 2805 1705 2866; x_wconf 83' lang='lat' dir='ltr'><strong>duntaxat</strong></span> <span class='ocrx_word' id='word_1_305' title='bbox 1721 2803 1779 2884; x_wconf 93' lang='lat' dir='ltr'><strong>qui</strong></span> 
     </span>
    </p>
   </div>
   <div class='ocr_carea' id='block_1_7' title="bbox 69 2901 1897 2991">
    <p class='ocr_par' dir='ltr' id='par_1_8' title="bbox 69 2901 1897 2991">
     <span class='ocr_line' id='line_1_27' title="bbox 69 2901 1897 2991; baseline -0.004 -21"><span class='ocrx_word' id='word_1_306' title='bbox 69 2916 149 2989; x_wconf 90' lang='lat' dir='ltr'><strong>quot</strong></span> <span class='ocrx_word' id='word_1_307' title='bbox 175 2910 319 2991; x_wconf 82' lang='lat' dir='ltr'><strong>syllabis,</strong></span> <span class='ocrx_word' id='word_1_308' title='bbox 348 2912 520 2974; x_wconf 78' lang='lat' dir='ltr'><strong>ueletiam</strong></span> <span class='ocrx_word' id='word_1_309' title='bbox 550 2914 579 2973; x_wconf 89' lang='lat'><strong>8.</strong></span> <span class='ocrx_word' id='word_1_310' title='bbox 618 2913 706 2975; x_wconf 81' lang='lat' dir='ltr'><strong>Alter</strong></span> <span class='ocrx_word' id='word_1_311' title='bbox 746 2912 899 2974; x_wconf 87' lang='lat' dir='ltr'><strong>Golberti·</strong></span> <span class='ocrx_word' id='word_1_312' title='bbox 954 2913 1048 2974; x_wconf 88' lang='lat' dir='ltr'><strong>rudes</strong></span> <span class='ocrx_word' id='word_1_313' title='bbox 1076 2912 1207 2974; x_wconf 86' lang='lat' dir='ltr'><strong>suntin</strong></span> <span class='ocrx_word' id='word_1_314' title='bbox 1236 2911 1344 2990; x_wconf 79' lang='lat' dir='ltr'><strong>lingua</strong></span> <span class='ocrx_word' id='word_1_315' title='bbox 1372 2912 1493 2977; x_wconf 86' lang='lat' dir='ltr'><strong>sancta,</strong></span> <span class='ocrx_word' id='word_1_316' title='bbox 1526 2919 1583 2964; x_wconf 89' lang='lat' dir='ltr'><strong>nec</strong></span> <span class='ocrx_word' id='word_1_317' title='bbox 1618 2901 1777 2962; x_wconf 80' lang='lat' dir='ltr'><strong>solvendae</strong></span> <span class='ocrx_word' id='word_1_318' title='bbox 1884 2968 1897 2977; x_wconf 49' lang='grc'>,</span> 
     </span>
    </p>
   </div>
   <div class='ocr_carea' id='block_1_8' title="bbox 69 3000 1787 3875">
    <p class='ocr_par' dir='ltr' id='par_1_9' title="bbox 69 3000 1787 3875">
     <span class='ocr_line' id='line_1_28' title="bbox 69 3000 1776 3087; baseline -0.004 -20"><span class='ocrx_word' id='word_1_319' title='bbox 69 3024 129 3067; x_wconf 90' lang='lat' dir='ltr'><strong>uns</strong></span> <span class='ocrx_word' id='word_1_320' title='bbox 143 3026 235 3068; x_wconf 86' lang='lat' dir='ltr'><strong>num.</strong></span> <span class='ocrx_word' id='word_1_321' title='bbox 251 3011 292 3070; x_wconf 75' lang='lat' dir='ltr'><strong>tt</strong></span> <span class='ocrx_word' id='word_1_322' title='bbox 305 3014 406 3070; x_wconf 92' lang='lat' dir='ltr'><strong>totum</strong></span> <span class='ocrx_word' id='word_1_323' title='bbox 434 3009 549 3071; x_wconf 89' lang='lat' dir='ltr'><strong>librum</strong></span> <span class='ocrx_word' id='word_1_324' title='bbox 579 3010 665 3071; x_wconf 91' lang='lat' dir='ltr'><strong>Ruth</strong></span> <span class='ocrx_word' id='word_1_325' title='bbox 692 3010 826 3072; x_wconf 88' lang='lat' dir='ltr'><strong>absolvit</strong></span> <span class='ocrx_word' id='word_1_326' title='bbox 840 3011 899 3072; x_wconf 80' lang='lat'><strong>³6³</strong></span> <span class='ocrx_word' id='word_1_327' title='bbox 954 3010 1027 3072; x_wconf 92' lang='lat' dir='ltr'><strong>buie</strong></span> <span class='ocrx_word' id='word_1_328' title='bbox 1053 3009 1232 3073; x_wconf 82' lang='lat' dir='ltr'><strong>difficultati</strong></span> <span class='ocrx_word' id='word_1_329' title='bbox 1246 3029 1285 3071; x_wconf 92' lang='lat' dir='ltr'><strong>ex</strong></span> <span class='ocrx_word' id='word_1_330' title='bbox 1312 3025 1345 3070; x_wconf 89' lang='lat' dir='ltr'><strong>se</strong></span> <span class='ocrx_word' id='word_1_331' title='bbox 1361 3023 1452 3087; x_wconf 88' lang='lat' dir='ltr'><strong>paros</strong></span> <span class='ocrx_word' id='word_1_332' title='bbox 1465 3001 1681 3065; x_wconf 82' lang='lat' dir='ltr'><strong>inveniuntur.</strong></span> <span class='ocrx_word' id='word_1_333' title='bbox 1697 3000 1776 3061; x_wconf 87' lang='lat' dir='ltr'><strong>Nem</strong></span> 
     </span>
     <span class='ocr_line' id='line_1_29' title="bbox 71 3096 1779 3182; baseline -0.004 -18"><span class='ocrx_word' id='word_1_334' title='bbox 71 3101 173 3166; x_wconf 87' lang='lat' dir='ltr'><strong>lineis.</strong></span> <span class='ocrx_word' id='word_1_335' title='bbox 219 3105 382 3168; x_wconf 82' lang='lat' dir='ltr'><strong>Columnae</strong></span> <span class='ocrx_word' id='word_1_336' title='bbox 424 3106 544 3169; x_wconf 91' lang='lat' dir='ltr'><strong>habeut</strong></span> <span class='ocrx_word' id='word_1_337' title='bbox 570 3109 611 3169; x_wconf 83' lang='lat'><strong>30</strong></span> <span class='ocrx_word' id='word_1_338' title='bbox 638 3108 738 3169; x_wconf 87' lang='lat' dir='ltr'><strong>lineas</strong></span> <span class='ocrx_word' id='word_1_339' title='bbox 769 3126 776 3182; x_wconf 89' lang='lat'><strong>;</strong></span> <span class='ocrx_word' id='word_1_340' title='bbox 807 3108 898 3170; x_wconf 76' lang='lat' dir='ltr'><strong>linem</strong></span> <span class='ocrx_word' id='word_1_341' title='bbox 952 3108 1036 3172; x_wconf 91' lang='lat' dir='ltr'><strong>inter</strong></span> <span class='ocrx_word' id='word_1_342' title='bbox 1062 3109 1218 3171; x_wconf 89' lang='lat' dir='ltr'><strong>doctiores</strong></span> <span class='ocrx_word' id='word_1_343' title='bbox 1245 3114 1276 3168; x_wconf 89' lang='lat' dir='ltr'><strong>et</strong></span> <span class='ocrx_word' id='word_1_344' title='bbox 1304 3104 1492 3167; x_wconf 86' lang='lat' dir='ltr'><strong>exercitatos</strong></span> <span class='ocrx_word' id='word_1_345' title='bbox 1518 3100 1550 3162; x_wconf 93' lang='lat' dir='ltr'><strong>in</strong></span> <span class='ocrx_word' id='word_1_346' title='bbox 1565 3098 1666 3162; x_wconf 87' lang='lat' dir='ltr'><strong>Libris</strong></span> <span class='ocrx_word' id='word_1_347' title='bbox 1681 3096 1779 3159; x_wconf 85' lang='lat' dir='ltr'><strong>sacris</strong></span> 
     </span>
     <span class='ocr_line' id='line_1_30' title="bbox 70 3193 1775 3286; baseline -0.004 -24"><span class='ocrx_word' id='word_1_348' title='bbox 70 3202 236 3264; x_wconf 83' lang='lat' dir='ltr'><strong>continent</strong></span> <span class='ocrx_word' id='word_1_349' title='bbox 250 3222 334 3266; x_wconf 91' lang='lat' dir='ltr'><strong>nunc</strong></span> <span class='ocrx_word' id='word_1_350' title='bbox 362 3205 440 3266; x_wconf 90' lang='lat' dir='ltr'><strong>duas</strong></span> <span class='ocrx_word' id='word_1_351' title='bbox 456 3205 608 3267; x_wconf 90' lang='lat' dir='ltr'><strong>dictiones</strong></span> <span class='ocrx_word' id='word_1_352' title='bbox 623 3210 679 3267; x_wconf 87' lang='lat' dir='ltr'><strong>aut</strong></span> <span class='ocrx_word' id='word_1_353' title='bbox 703 3213 792 3280; x_wconf 91' lang='lat' dir='ltr'><strong>tres;</strong></span> <span class='ocrx_word' id='word_1_354' title='bbox 823 3206 1041 3274; x_wconf 82' lang='lat' dir='ltr'><strong>alibiCbaud</strong></span> <span class='ocrx_word' id='word_1_355' title='bbox 1082 3207 1254 3286; x_wconf 78' lang='lat' dir='ltr'><strong>ambigitur</strong></span> <span class='ocrx_word' id='word_1_356' title='bbox 1281 3203 1443 3264; x_wconf 85' lang='lat' dir='ltr'><strong>metricam</strong></span> <span class='ocrx_word' id='word_1_357' title='bbox 1472 3216 1538 3260; x_wconf 88' lang='lat' dir='ltr'><strong>esse</strong></span> <span class='ocrx_word' id='word_1_358' title='bbox 1562 3197 1593 3258; x_wconf 91' lang='lat' dir='ltr'><strong>in</strong></span> <span class='ocrx_word' id='word_1_359' title='bbox 1638 3193 1775 3257; x_wconf 86' lang='lat' dir='ltr'><strong>Canticis</strong></span> 
     </span>
     <span class='ocr_line' id='line_1_31' title="bbox 70 3293 1779 3383; baseline -0.005 -23"><span class='ocrx_word' id='word_1_360' title='bbox 70 3300 482 3377; x_wconf 84' lang='lat' dir='ltr'><strong>trescumdimidia,nunc</strong></span> <span class='ocrx_word' id='word_1_361' title='bbox 508 3310 646 3382; x_wconf 91' lang='lat' dir='ltr'><strong>quatuor</strong></span> <span class='ocrx_word' id='word_1_362' title='bbox 669 3303 719 3365; x_wconf 83' lang='lat' dir='ltr'><strong>vel</strong></span> <span class='ocrx_word' id='word_1_363' title='bbox 747 3304 898 3383; x_wconf 90' lang='lat' dir='ltr'><strong>quinque.</strong></span> <span class='ocrx_word' id='word_1_364' title='bbox 954 3304 1127 3367; x_wconf 77' lang='lat' dir='ltr'><strong>bibliorum</strong></span> <span class='ocrx_word' id='word_1_365' title='bbox 1169 3302 1441 3383; x_wconf 89' lang='lat' dir='ltr'><strong>compositionem.</strong></span> <span class='ocrx_word' id='word_1_366' title='bbox 1472 3298 1506 3359; x_wconf 89' lang='lat' dir='ltr'><strong>ld</strong></span> <span class='ocrx_word' id='word_1_367' title='bbox 1534 3293 1627 3359; x_wconf 91' lang='lat' dir='ltr'><strong>Philo</strong></span> <span class='ocrx_word' id='word_1_368' title='bbox 1654 3293 1779 3356; x_wconf 78' lang='lat' dir='ltr'><strong>ludaeo-</strong></span> 
     </span>
     <span class='ocr_line' id='line_1_32' title="bbox 71 3392 1787 3476; baseline -0.006 -17"><span class='ocrx_word' id='word_1_369' title='bbox 71 3397 679 3464; x_wconf 72' lang='lat' dir='ltr'><strong>codexeittiorumsancernenensis</strong></span> <span class='ocrx_word' id='word_1_370' title='bbox 706 3408 779 3463; x_wconf 89' lang='lat' dir='ltr'><strong>ante</strong></span> <span class='ocrx_word' id='word_1_371' title='bbox 800 3403 901 3463; x_wconf 90' lang='lat' dir='ltr'><strong>octin·</strong></span> <span class='ocrx_word' id='word_1_372' title='bbox 954 3421 1024 3464; x_wconf 93' lang='lat' dir='ltr'><strong>rum</strong></span> <span class='ocrx_word' id='word_1_373' title='bbox 1053 3402 1288 3471; x_wconf 82' lang='lat' dir='ltr'><strong>disertissimus,</strong></span> <span class='ocrx_word' id='word_1_374' title='bbox 1332 3406 1363 3461; x_wconf 90' lang='lat' dir='ltr'><strong>et</strong></span> <span class='ocrx_word' id='word_1_375' title='bbox 1403 3392 1653 3476; x_wconf 88' lang='lat' dir='ltr'><strong>sapientissimus</strong></span> <span class='ocrx_word' id='word_1_376' title='bbox 1694 3393 1787 3451; x_wconf 75' lang='lat' dir='ltr'><strong>lose·</strong></span> 
     </span>
     <span class='ocr_line' id='line_1_33' title="bbox 72 3495 1779 3581; baseline -0.005 -25"><span class='ocrx_word' id='word_1_377' title='bbox 72 3502 184 3576; x_wconf 66' lang='lat' dir='ltr'><strong>gentos</strong></span> <span class='ocrx_word' id='word_1_378' title='bbox 211 3498 372 3560; x_wconf 84' lang='lat' dir='ltr'><strong>sunosio</strong></span> <span class='ocrx_word' id='word_1_379' title='bbox 395 3499 587 3561; x_wconf 85' lang='lat' dir='ltr'><strong>membranis</strong></span> <span class='ocrx_word' id='word_1_380' title='bbox 615 3506 774 3573; x_wconf 84' lang='lat' dir='ltr'><strong>exaratus,</strong></span> <span class='ocrx_word' id='word_1_381' title='bbox 813 3507 902 3561; x_wconf 91' lang='lat' dir='ltr'><strong>nota·</strong></span> <span class='ocrx_word' id='word_1_382' title='bbox 955 3499 1037 3581; x_wconf 89' lang='lat' dir='ltr'><strong>phus</strong></span> <span class='ocrx_word' id='word_1_383' title='bbox 1065 3518 1210 3580; x_wconf 80' lang='lat' dir='ltr'><strong>expresse</strong></span> <span class='ocrx_word' id='word_1_384' title='bbox 1239 3499 1425 3559; x_wconf 87' lang='lat' dir='ltr'><strong>docuerunt.</strong></span> <span class='ocrx_word' id='word_1_385' title='bbox 1459 3497 1496 3554; x_wconf 68' lang='lat' dir='ltr'><strong>tlt</strong></span> <span class='ocrx_word' id='word_1_386' title='bbox 1524 3495 1596 3571; x_wconf 88' lang='lat' dir='ltr'><strong>post</strong></span> <span class='ocrx_word' id='word_1_387' title='bbox 1625 3504 1779 3549; x_wconf 82' lang='lat' dir='ltr'><strong>uernacu-</strong></span> 
     </span>
     <span class='ocr_line' id='line_1_34' title="bbox 73 3587 1779 3674; baseline -0.007 -19"><span class='ocrx_word' id='word_1_388' title='bbox 73 3598 187 3674; x_wconf 86' lang='lat' dir='ltr'><strong>tusque</strong></span> <span class='ocrx_word' id='word_1_389' title='bbox 229 3613 317 3657; x_wconf 90' lang='lat' dir='ltr'><strong>num.</strong></span> <span class='ocrx_word' id='word_1_390' title='bbox 348 3598 378 3669; x_wconf 84' lang='grc'><strong>3,</strong></span> <span class='ocrx_word' id='word_1_391' title='bbox 408 3595 507 3659; x_wconf 87' lang='lat' dir='ltr'><strong>lineas</strong></span> <span class='ocrx_word' id='word_1_392' title='bbox 535 3597 632 3659; x_wconf 90' lang='lat' dir='ltr'><strong>habet</strong></span> <span class='ocrx_word' id='word_1_393' title='bbox 657 3597 689 3659; x_wconf 91' lang='lat' dir='ltr'><strong>in</strong></span> <span class='ocrx_word' id='word_1_394' title='bbox 718 3604 785 3659; x_wconf 90' lang='lat' dir='ltr'><strong>toto</strong></span> <span class='ocrx_word' id='word_1_395' title='bbox 812 3597 901 3660; x_wconf 85' lang='lat' dir='ltr'><strong>Ruth</strong></span> <span class='ocrx_word' id='word_1_396' title='bbox 955 3597 1002 3658; x_wconf 90' lang='lat' dir='ltr'><strong>los</strong></span> <span class='ocrx_word' id='word_1_397' title='bbox 1031 3597 1101 3659; x_wconf 89' lang='lat' dir='ltr'><strong>illos</strong></span> <span class='ocrx_word' id='word_1_398' title='bbox 1129 3596 1312 3659; x_wconf 76' lang='lat' dir='ltr'><strong>ludaeorum</strong></span> <span class='ocrx_word' id='word_1_399' title='bbox 1339 3592 1508 3672; x_wconf 90' lang='lat' dir='ltr'><strong>scriptores</strong></span> <span class='ocrx_word' id='word_1_400' title='bbox 1537 3587 1621 3647; x_wconf 89' lang='lat' dir='ltr'><strong>idem</strong></span> <span class='ocrx_word' id='word_1_401' title='bbox 1650 3599 1779 3664; x_wconf 91' lang='lat' dir='ltr'><strong>quoque</strong></span> 
     </span>
     <span class='ocr_line' id='line_1_35' title="bbox 74 3683 1779 3775; baseline -0.005 -24"><span class='ocrx_word' id='word_1_402' title='bbox 74 3692 236 3754; x_wconf 78' lang='lat' dir='ltr'><strong>volumine</strong></span> <span class='ocrx_word' id='word_1_403' title='bbox 264 3698 388 3755; x_wconf 89' lang='lat' dir='ltr'><strong>tantum</strong></span> <span class='ocrx_word' id='word_1_404' title='bbox 418 3697 477 3756; x_wconf 72' lang='grc'><strong>943</strong></span> <span class='ocrx_word' id='word_1_405' title='bbox 507 3715 515 3771; x_wconf 89' lang='grc'><strong>;</strong></span> <span class='ocrx_word' id='word_1_406' title='bbox 554 3695 711 3758; x_wconf 82' lang='lat' dir='ltr'><strong>columnae</strong></span> <span class='ocrx_word' id='word_1_407' title='bbox 739 3696 901 3757; x_wconf 89' lang='lat' dir='ltr'><strong>continent</strong></span> <span class='ocrx_word' id='word_1_408' title='bbox 955 3697 1094 3760; x_wconf 89' lang='lat' dir='ltr'><strong>attestati</strong></span> <span class='ocrx_word' id='word_1_409' title='bbox 1109 3703 1182 3758; x_wconf 88' lang='lat' dir='ltr'><strong>sunt</strong></span> <span class='ocrx_word' id='word_1_410' title='bbox 1195 3696 1356 3775; x_wconf 79' lang='lat' dir='ltr'><strong>Origenes,</strong></span> <span class='ocrx_word' id='word_1_411' title='bbox 1385 3689 1549 3758; x_wconf 86' lang='lat' dir='ltr'><strong>Eusebius,</strong></span> <span class='ocrx_word' id='word_1_412' title='bbox 1581 3683 1779 3758; x_wconf 79' lang='lat' dir='ltr'><strong>Ambrosius,</strong></span> 
     </span>
     <span class='ocr_line' id='line_1_36' title="bbox 74 3783 1781 3875; baseline -0.007 -23"><span class='ocrx_word' id='word_1_413' title='bbox 74 3792 110 3852; x_wconf 78' lang='lat' dir='ltr'><strong>tt</strong></span> <span class='ocrx_word' id='word_1_414' title='bbox 137 3790 266 3864; x_wconf 87' lang='lat' dir='ltr'><strong>lineas;</strong></span> <span class='ocrx_word' id='word_1_415' title='bbox 296 3791 387 3853; x_wconf 75' lang='lat' dir='ltr'><strong>linere</strong></span> <span class='ocrx_word' id='word_1_416' title='bbox 411 3798 441 3866; x_wconf 82' lang='lat' dir='ltr'><strong>t,</strong></span> <span class='ocrx_word' id='word_1_417' title='bbox 467 3795 501 3868; x_wconf 83' lang='lat'><strong>5,</strong></span> <span class='ocrx_word' id='word_1_418' title='bbox 529 3794 560 3865; x_wconf 89' lang='grc'><strong>6,</strong></span> <span class='ocrx_word' id='word_1_419' title='bbox 590 3797 620 3873; x_wconf 80' lang='lat' dir='ltr'><strong>i,</strong></span> <span class='ocrx_word' id='word_1_420' title='bbox 639 3793 899 3867; x_wconf 80' lang='lat' dir='ltr'><strong>vetedictiones,</strong></span> <span class='ocrx_word' id='word_1_421' title='bbox 954 3801 987 3857; x_wconf 90' lang='lat' dir='ltr'><strong>et</strong></span> <span class='ocrx_word' id='word_1_422' title='bbox 1011 3796 1219 3875; x_wconf 87' lang='lat' dir='ltr'><strong>Hieronymus</strong></span> <span class='ocrx_word' id='word_1_423' title='bbox 1249 3811 1320 3855; x_wconf 93' lang='lat' dir='ltr'><strong>cum</strong></span> <span class='ocrx_word' id='word_1_424' title='bbox 1349 3787 1523 3852; x_wconf 90' lang='lat' dir='ltr'><strong>innumeris</strong></span> <span class='ocrx_word' id='word_1_425' title='bbox 1565 3783 1634 3846; x_wconf 93' lang='lat' dir='ltr'><strong>aliis</strong></span> <span class='ocrx_word' id='word_1_426' title='bbox 1673 3797 1781 3842; x_wconf 91' lang='lat' dir='ltr'><strong>recen·</strong></span> 
     </span>
    </p>
   </div>
   <div class='ocr_carea' id='block_1_9' title="bbox 74 3882 1888 3972">
    <p class='ocr_par' dir='ltr' id='par_1_10' title="bbox 74 3882 1888 3972">
     <span class='ocr_line' id='line_1_37' title="bbox 74 3882 1888 3972; baseline -0.007 -23"><span class='ocrx_word' id='word_1_427' title='bbox 74 3888 215 3967; x_wconf 71' lang='lat' dir='ltr'><strong>integras</strong></span> <span class='ocrx_word' id='word_1_428' title='bbox 257 3888 441 3969; x_wconf 87' lang='lat' dir='ltr'><strong>aliquando,</strong></span> <span class='ocrx_word' id='word_1_429' title='bbox 486 3909 712 3972; x_wconf 88' lang='lat' dir='ltr'><strong>nonnunquam</strong></span> <span class='ocrx_word' id='word_1_430' title='bbox 755 3892 787 3952; x_wconf 93' lang='lat' dir='ltr'><strong>in</strong></span> <span class='ocrx_word' id='word_1_431' title='bbox 838 3891 900 3953; x_wconf 85' lang='lat' dir='ltr'><strong>une</strong></span> <span class='ocrx_word' id='word_1_432' title='bbox 954 3894 1043 3955; x_wconf 92' lang='lat' dir='ltr'><strong>tioris</strong></span> <span class='ocrx_word' id='word_1_433' title='bbox 1071 3893 1130 3955; x_wconf 80' lang='lat' dir='ltr'><strong>aeri</strong></span> <span class='ocrx_word' id='word_1_434' title='bbox 1155 3891 1337 3954; x_wconf 90' lang='lat' dir='ltr'><strong>auctoribus</strong></span> <span class='ocrx_word' id='word_1_435' title='bbox 1372 3882 1601 3958; x_wconf 87' lang='lat' dir='ltr'><strong>ecclesiasticis,</strong></span> <span class='ocrx_word' id='word_1_436' title='bbox 1645 3893 1782 3956; x_wconf 92' lang='lat' dir='ltr'><strong>cumque</strong></span> <span class='ocrx_word' id='word_1_437' title='bbox 1881 3950 1888 3961; x_wconf 88' lang='lat'><em>.</em></span> 
     </span>
    </p>
   </div>
   <div class='ocr_carea' id='block_1_10' title="bbox 74 3975 1780 4364">
    <p class='ocr_par' dir='ltr' id='par_1_11' title="bbox 74 3975 1780 4364">
     <span class='ocr_line' id='line_1_38' title="bbox 74 3975 1780 4068; baseline -0.005 -23"><span class='ocrx_word' id='word_1_438' title='bbox 74 3993 174 4046; x_wconf 85' lang='lat' dir='ltr'><strong>sectas</strong></span> <span class='ocrx_word' id='word_1_439' title='bbox 202 3992 235 4046; x_wconf 90' lang='lat' dir='ltr'><strong>et</strong></span> <span class='ocrx_word' id='word_1_440' title='bbox 263 3986 475 4066; x_wconf 77' lang='lat' dir='ltr'><strong>imperfectas.</strong></span> <span class='ocrx_word' id='word_1_441' title='bbox 505 3988 559 4049; x_wconf 90' lang='lat' dir='ltr'><strong>llis</strong></span> <span class='ocrx_word' id='word_1_442' title='bbox 586 3989 807 4068; x_wconf 81' lang='lat' dir='ltr'><strong>adjungendus</strong></span> <span class='ocrx_word' id='word_1_443' title='bbox 848 3989 899 4051; x_wconf 78' lang='lat' dir='ltr'><strong>lii·</strong></span> <span class='ocrx_word' id='word_1_444' title='bbox 954 3992 1166 4055; x_wconf 89' lang='lat' dir='ltr'><strong>eruditissimo</strong></span> <span class='ocrx_word' id='word_1_445' title='bbox 1222 3989 1392 4051; x_wconf 88' lang='lat' dir='ltr'><strong>scholiaste</strong></span> <span class='ocrx_word' id='word_1_446' title='bbox 1439 3981 1576 4046; x_wconf 90' lang='lat' dir='ltr'><strong>Canonis</strong></span> <span class='ocrx_word' id='word_1_447' title='bbox 1616 3975 1780 4040; x_wconf 79' lang='lat' dir='ltr'><strong>Hebraicm</strong></span> 
     </span>
     <span class='ocr_line' id='line_1_39' title="bbox 75 4073 1779 4168; baseline -0.006 -27"><span class='ocrx_word' id='word_1_448' title='bbox 75 4080 174 4143; x_wconf 88' lang='lat' dir='ltr'><strong>blicos</strong></span> <span class='ocrx_word' id='word_1_449' title='bbox 188 4083 292 4144; x_wconf 88' lang='lat' dir='ltr'><strong>codex</strong></span> <span class='ocrx_word' id='word_1_450' title='bbox 307 4085 504 4147; x_wconf 87' lang='lat' dir='ltr'><strong>Corbeiensis</strong></span> <span class='ocrx_word' id='word_1_451' title='bbox 528 4085 671 4166; x_wconf 89' lang='lat' dir='ltr'><strong>ejusdem</strong></span> <span class='ocrx_word' id='word_1_452' title='bbox 702 4087 804 4148; x_wconf 81' lang='lat' dir='ltr'><strong>aetatia</strong></span> <span class='ocrx_word' id='word_1_453' title='bbox 828 4105 899 4148; x_wconf 91' lang='lat' dir='ltr'><strong>cum</strong></span> <span class='ocrx_word' id='word_1_454' title='bbox 955 4091 1106 4162; x_wconf 82' lang='lat' dir='ltr'><strong>veritatis,</strong></span> <span class='ocrx_word' id='word_1_455' title='bbox 1150 4089 1206 4168; x_wconf 90' lang='lat' dir='ltr'><strong>qui</strong></span> <span class='ocrx_word' id='word_1_456' title='bbox 1242 4087 1357 4147; x_wconf 88' lang='lat' dir='ltr'><strong>diserte</strong></span> <span class='ocrx_word' id='word_1_457' title='bbox 1399 4080 1542 4145; x_wconf 88' lang='lat' dir='ltr'><strong>eamdem</strong></span> <span class='ocrx_word' id='word_1_458' title='bbox 1587 4073 1779 4137; x_wconf 89' lang='lat' dir='ltr'><strong>sententiam</strong></span> 
     </span>
     <span class='ocr_line' id='line_1_40' title="bbox 74 4171 1779 4264; baseline -0.008 -21"><span class='ocrx_word' id='word_1_459' title='bbox 74 4183 240 4263; x_wconf 82' lang='lat' dir='ltr'><strong>superiori,</strong></span> <span class='ocrx_word' id='word_1_460' title='bbox 271 4184 386 4264; x_wconf 92' lang='lat' dir='ltr'><strong>inquo</strong></span> <span class='ocrx_word' id='word_1_461' title='bbox 415 4187 503 4248; x_wconf 84' lang='lat' dir='ltr'><strong>Ruth</strong></span> <span class='ocrx_word' id='word_1_462' title='bbox 531 4186 628 4248; x_wconf 87' lang='lat' dir='ltr'><strong>babet</strong></span> <span class='ocrx_word' id='word_1_463' title='bbox 656 4188 754 4248; x_wconf 91' lang='lat' dir='ltr'><strong>lineas</strong></span> <span class='ocrx_word' id='word_1_464' title='bbox 777 4189 847 4248; x_wconf 77' lang='lat' dir='ltr'><strong>ste.</strong></span> <span class='ocrx_word' id='word_1_465' title='bbox 865 4189 899 4248; x_wconf 94' lang='lat' dir='ltr'><strong>ln</strong></span> <span class='ocrx_word' id='word_1_466' title='bbox 954 4194 1060 4249; x_wconf 91' lang='lat' dir='ltr'><strong>tuetur</strong></span> <span class='ocrx_word' id='word_1_467' title='bbox 1092 4185 1208 4248; x_wconf 86' lang='lat' dir='ltr'><strong>insuia</strong></span> <span class='ocrx_word' id='word_1_468' title='bbox 1239 4180 1468 4256; x_wconf 84' lang='lat' dir='ltr'><strong>Quaestionibus</strong></span> <span class='ocrx_word' id='word_1_469' title='bbox 1491 4173 1654 4238; x_wconf 87' lang='lat' dir='ltr'><strong>Hebraicis</strong></span> <span class='ocrx_word' id='word_1_470' title='bbox 1680 4171 1722 4232; x_wconf 90' lang='lat' dir='ltr'><strong>ad</strong></span> <span class='ocrx_word' id='word_1_471' title='bbox 1750 4187 1779 4231; x_wconf 86' lang='lat' dir='ltr'><strong>c·</strong></span> 
     </span>
     <span class='ocr_line' id='line_1_41' title="bbox 75 4274 1779 4364; baseline -0.01 -21"><span class='ocrx_word' id='word_1_472' title='bbox 75 4283 230 4344; x_wconf 85' lang='lat' dir='ltr'><strong>columnis</strong></span> <span class='ocrx_word' id='word_1_473' title='bbox 254 4283 386 4361; x_wconf 75' lang='lat' dir='ltr'><strong>siugulis</strong></span> <span class='ocrx_word' id='word_1_474' title='bbox 414 4284 506 4346; x_wconf 79' lang='lat' dir='ltr'><strong>linoae</strong></span> <span class='ocrx_word' id='word_1_475' title='bbox 533 4294 605 4346; x_wconf 86' lang='lat' dir='ltr'><strong>sunt</strong></span> <span class='ocrx_word' id='word_1_476' title='bbox 622 4287 672 4364; x_wconf 71' lang='grc'><strong>45,</strong></span> <span class='ocrx_word' id='word_1_477' title='bbox 697 4291 728 4346; x_wconf 89' lang='lat' dir='ltr'><strong>et</strong></span> <span class='ocrx_word' id='word_1_478' title='bbox 754 4286 786 4346; x_wconf 91' lang='lat' dir='ltr'><strong>iu</strong></span> <span class='ocrx_word' id='word_1_479' title='bbox 810 4286 901 4347; x_wconf 90' lang='lat' dir='ltr'><strong>lineis</strong></span> <span class='ocrx_word' id='word_1_480' title='bbox 954 4288 993 4346; x_wconf 76' lang='lat'><strong>23</strong></span> <span class='ocrx_word' id='word_1_481' title='bbox 1021 4285 1092 4344; x_wconf 92' lang='lat' dir='ltr'><strong>libri</strong></span> <span class='ocrx_word' id='word_1_482' title='bbox 1120 4281 1301 4362; x_wconf 88' lang='lat' dir='ltr'><strong>posterioris</strong></span> <span class='ocrx_word' id='word_1_483' title='bbox 1329 4275 1507 4340; x_wconf 89' lang='lat' dir='ltr'><strong>Samuelis:</strong></span> <span class='ocrx_word' id='word_1_484' title='bbox 1533 4275 1610 4333; x_wconf 70' lang='lat' dir='ltr'><strong>Haec</strong></span> <span class='ocrx_word' id='word_1_485' title='bbox 1622 4274 1699 4331; x_wconf 84' lang='lat' dir='ltr'><strong>sunt</strong></span> <span class='ocrx_word' id='word_1_486' title='bbox 1712 4287 1779 4328; x_wconf 83' lang='lat' dir='ltr'><strong>cer·</strong></span> 
     </span>
    </p>
   </div>
   <div class='ocr_carea' id='block_1_11' title="bbox 74 4362 1916 4462">
    <p class='ocr_par' dir='ltr' id='par_1_12' title="bbox 74 4362 1916 4462">
     <span class='ocr_line' id='line_1_42' title="bbox 74 4362 1916 4462; baseline -0.01 -23"><span class='ocrx_word' id='word_1_487' title='bbox 74 4379 237 4452; x_wconf 83' lang='lat' dir='ltr'><strong>dictiones,</strong></span> <span class='ocrx_word' id='word_1_488' title='bbox 267 4384 299 4451; x_wconf 74' lang='lat' dir='ltr'><strong>t,</strong></span> <span class='ocrx_word' id='word_1_489' title='bbox 327 4384 358 4454; x_wconf 77' lang='lat'><strong>5,</strong></span> <span class='ocrx_word' id='word_1_490' title='bbox 384 4384 414 4454; x_wconf 90' lang='lat'><strong>6,</strong></span> <span class='ocrx_word' id='word_1_491' title='bbox 444 4385 474 4455; x_wconf 81' lang='lat'><strong>7,</strong></span> <span class='ocrx_word' id='word_1_492' title='bbox 505 4383 552 4442; x_wconf 86' lang='lat' dir='ltr'><strong>vel</strong></span> <span class='ocrx_word' id='word_1_493' title='bbox 581 4385 610 4456; x_wconf 91' lang='lat'><strong>8,</strong></span> <span class='ocrx_word' id='word_1_494' title='bbox 641 4388 677 4444; x_wconf 91' lang='lat' dir='ltr'><strong>ut</strong></span> <span class='ocrx_word' id='word_1_495' title='bbox 698 4383 847 4462; x_wconf 80' lang='lat' dir='ltr'><strong>leguntur</strong></span> <span class='ocrx_word' id='word_1_496' title='bbox 867 4382 900 4444; x_wconf 92' lang='lat' dir='ltr'><strong>in</strong></span> <span class='ocrx_word' id='word_1_497' title='bbox 955 4380 993 4442; x_wconf 83' lang='lat' dir='ltr'><strong>ba</strong></span> <span class='ocrx_word' id='word_1_498' title='bbox 1007 4380 1116 4441; x_wconf 84' lang='lat' dir='ltr'><strong>David</strong></span> <span class='ocrx_word' id='word_1_499' title='bbox 1130 4375 1364 4456; x_wconf 84' lang='lat' dir='ltr'><strong>novissima(ll</strong></span> <span class='ocrx_word' id='word_1_500' title='bbox 1375 4373 1453 4455; x_wconf 70' lang='lat' dir='ltr'><strong>aeg.</strong></span> <span class='ocrx_word' id='word_1_501' title='bbox 1471 4387 1558 4443; x_wconf 80' lang='lat' dir='ltr'><strong>xxiii,</strong></span> <span class='ocrx_word' id='word_1_502' title='bbox 1576 4366 1620 4448; x_wconf 86' lang='lat' dir='ltr'><strong>l):</strong></span> <span class='ocrx_word' id='word_1_503' title='bbox 1638 4362 1782 4426; x_wconf 81' lang='lat' dir='ltr'><strong>Novissi·</strong></span> <span class='ocrx_word' id='word_1_504' title='bbox 1847 4394 1850 4399; x_wconf 95' lang='lat'>·</span> <span class='ocrx_word' id='word_1_505' title='bbox 1912 4400 1916 4407; x_wconf 87' lang='lat'>-</span> 
     </span>
    </p>
   </div>
   <div class='ocr_carea' id='block_1_12' title="bbox 68 4458 1882 5740">
    <p class='ocr_par' dir='ltr' id='par_1_13' title="bbox 68 4458 1882 5740">
     <span class='ocr_line' id='line_1_43' title="bbox 75 4458 1781 4556; baseline -0.014 -14"><span class='ocrx_word' id='word_1_506' title='bbox 75 4478 325 4556; x_wconf 67' lang='lat' dir='ltr'><strong>precedentibus</strong></span> <span class='ocrx_word' id='word_1_507' title='bbox 354 4497 426 4540; x_wconf 91' lang='lat' dir='ltr'><strong>mss.</strong></span> <span class='ocrx_word' id='word_1_508' title='bbox 456 4479 626 4541; x_wconf 88' lang='lat' dir='ltr'><strong>codicibus.</strong></span> <span class='ocrx_word' id='word_1_509' title='bbox 657 4483 750 4542; x_wconf 79' lang='lat' dir='ltr'><strong>Nunc</strong></span> <span class='ocrx_word' id='word_1_510' title='bbox 779 4481 804 4541; x_wconf 89' lang='lat' dir='ltr'><strong>si</strong></span> <span class='ocrx_word' id='word_1_511' title='bbox 834 4500 901 4542; x_wconf 90' lang='lat' dir='ltr'><strong>me-</strong></span> <span class='ocrx_word' id='word_1_512' title='bbox 954 4498 1004 4538; x_wconf 86' lang='lat' dir='ltr'><strong>mc</strong></span> <span class='ocrx_word' id='word_1_513' title='bbox 1034 4482 1119 4556; x_wconf 73' lang='lat' dir='ltr'><strong>siant,</strong></span> <span class='ocrx_word' id='word_1_514' title='bbox 1136 4475 1238 4556; x_wconf 92' lang='lat' dir='ltr'><strong>inquit</strong></span> <span class='ocrx_word' id='word_1_515' title='bbox 1251 4473 1448 4549; x_wconf 83' lang='lat' dir='ltr'><strong>scholiastes,</strong></span> <span class='ocrx_word' id='word_1_516' title='bbox 1478 4458 1781 4550; x_wconf 81' lang='lat' dir='ltr'><strong>quiapostPsaltc·</strong></span> 
     </span>
     <span class='ocr_line' id='line_1_44' title="bbox 76 4559 1878 4656; baseline -0.011 -22"><span class='ocrx_word' id='word_1_517' title='bbox 76 4574 259 4635; x_wconf 73' lang='lat' dir='ltr'><strong>coluerimus</strong></span> <span class='ocrx_word' id='word_1_518' title='bbox 275 4574 389 4635; x_wconf 89' lang='lat' dir='ltr'><strong>librum</strong></span> <span class='ocrx_word' id='word_1_519' title='bbox 421 4576 504 4636; x_wconf 81' lang='lat' dir='ltr'><strong>ltutb</strong></span> <span class='ocrx_word' id='word_1_520' title='bbox 532 4577 617 4656; x_wconf 84' lang='lat' dir='ltr'><strong>apud</strong></span> <span class='ocrx_word' id='word_1_521' title='bbox 646 4578 796 4656; x_wconf 88' lang='lat' dir='ltr'><strong>antiquos</strong></span> <span class='ocrx_word' id='word_1_522' title='bbox 823 4578 897 4639; x_wconf 89' lang='lat' dir='ltr'><strong>scri·</strong></span> <span class='ocrx_word' id='word_1_523' title='bbox 913 4575 1035 4644; x_wconf 77' lang='lat' dir='ltr'><strong>[trium</strong></span> <span class='ocrx_word' id='word_1_524' title='bbox 1062 4581 1092 4634; x_wconf 85' lang='lat' dir='ltr'><strong>et</strong></span> <span class='ocrx_word' id='word_1_525' title='bbox 1118 4579 1226 4635; x_wconf 80' lang='lat' dir='ltr'><strong>caetera</strong></span> <span class='ocrx_word' id='word_1_526' title='bbox 1254 4577 1364 4649; x_wconf 83' lang='lat' dir='ltr'><strong>metra,</strong></span> <span class='ocrx_word' id='word_1_527' title='bbox 1394 4567 1451 4628; x_wconf 81' lang='lat' dir='ltr'><strong>hoc</strong></span> <span class='ocrx_word' id='word_1_528' title='bbox 1479 4559 1690 4645; x_wconf 80' lang='lat' dir='ltr'><strong>composuisse</strong></span> <span class='ocrx_word' id='word_1_529' title='bbox 1716 4576 1780 4619; x_wconf 81' lang='lat' dir='ltr'><strong>mc·</strong></span> <span class='ocrx_word' id='word_1_530' title='bbox 1867 4570 1878 4591; x_wconf 73' lang='lat'>⁸</span> 
     </span>
     <span class='ocr_line' id='line_1_45' title="bbox 75 4654 1782 4751; baseline -0.011 -17"><span class='ocrx_word' id='word_1_531' title='bbox 75 4676 178 4749; x_wconf 79' lang='lat' dir='ltr'><strong>ptores</strong></span> <span class='ocrx_word' id='word_1_532' title='bbox 207 4671 436 4734; x_wconf 90' lang='lat' dir='ltr'><strong>ecclesiasticos</strong></span> <span class='ocrx_word' id='word_1_533' title='bbox 464 4672 613 4735; x_wconf 90' lang='lat' dir='ltr'><strong>babuisse</strong></span> <span class='ocrx_word' id='word_1_534' title='bbox 642 4680 765 4735; x_wconf 88' lang='lat' dir='ltr'><strong>tantum</strong></span> <span class='ocrx_word' id='word_1_535' title='bbox 794 4693 901 4736; x_wconf 84' lang='lat' dir='ltr'><strong>uersus</strong></span> <span class='ocrx_word' id='word_1_536' title='bbox 956 4678 1039 4733; x_wconf 79' lang='lat' dir='ltr'><strong>trum</strong></span> <span class='ocrx_word' id='word_1_537' title='bbox 1067 4672 1198 4750; x_wconf 83' lang='lat' dir='ltr'><strong>dicitur,</strong></span> <span class='ocrx_word' id='word_1_538' title='bbox 1229 4671 1262 4730; x_wconf 86' lang='lat' dir='ltr'><strong>in</strong></span> <span class='ocrx_word' id='word_1_539' title='bbox 1290 4668 1412 4751; x_wconf 82' lang='lat' dir='ltr'><strong>quocit</strong></span> <span class='ocrx_word' id='word_1_540' title='bbox 1429 4687 1437 4726; x_wconf 90' lang='lat'>:</span> <span class='ocrx_word' id='word_1_541' title='bbox 1453 4654 1782 4734; x_wconf 80' lang='lat' dir='ltr'><strong>DixitDavidfilc&#39;us</strong></span> 
     </span>
     <span class='ocr_line' id='line_1_46' title="bbox 74 4754 1882 4854; baseline -0.009 -24"><span class='ocrx_word' id='word_1_542' title='bbox 74 4769 141 4842; x_wconf 72' lang='lat'><strong>250,</strong></span> <span class='ocrx_word' id='word_1_543' title='bbox 161 4775 228 4831; x_wconf 82' lang='lat' dir='ltr'><strong>tam</strong></span> <span class='ocrx_word' id='word_1_544' title='bbox 257 4770 290 4831; x_wconf 93' lang='lat' dir='ltr'><strong>in</strong></span> <span class='ocrx_word' id='word_1_545' title='bbox 317 4773 450 4850; x_wconf 86' lang='lat' dir='ltr'><strong>antiquo</strong></span> <span class='ocrx_word' id='word_1_546' title='bbox 472 4771 625 4834; x_wconf 84' lang='lat' dir='ltr'><strong>divisione</strong></span> <span class='ocrx_word' id='word_1_547' title='bbox 650 4781 723 4835; x_wconf 92' lang='lat' dir='ltr'><strong>ante</strong></span> <span class='ocrx_word' id='word_1_548' title='bbox 746 4774 900 4854; x_wconf 84' lang='lat' dir='ltr'><strong>Hierony·</strong></span> <span class='ocrx_word' id='word_1_549' title='bbox 954 4771 1034 4834; x_wconf 87' lang='lat' dir='ltr'><strong>lsai.</strong></span> <span class='ocrx_word' id='word_1_550' title='bbox 1053 4772 1149 4833; x_wconf 80' lang='lat' dir='ltr'><strong>Dixit</strong></span> <span class='ocrx_word' id='word_1_551' title='bbox 1163 4771 1221 4846; x_wconf 85' lang='lat' dir='ltr'><strong>nir,</strong></span> <span class='ocrx_word' id='word_1_552' title='bbox 1239 4770 1291 4830; x_wconf 85' lang='lat' dir='ltr'><strong>cui</strong></span> <span class='ocrx_word' id='word_1_553' title='bbox 1304 4767 1475 4830; x_wconf 83' lang='lat' dir='ltr'><strong>constituta</strong></span> <span class='ocrx_word' id='word_1_554' title='bbox 1485 4768 1532 4824; x_wconf 80' lang='lat' dir='ltr'><strong>est</strong></span> <span class='ocrx_word' id='word_1_555' title='bbox 1541 4758 1628 4822; x_wconf 84' lang='lat' dir='ltr'><strong>secla</strong></span> <span class='ocrx_word' id='word_1_556' title='bbox 1646 4754 1781 4818; x_wconf 81' lang='lat' dir='ltr'><strong>Christo</strong></span> <span class='ocrx_word' id='word_1_557' title='bbox 1878 4822 1882 4829; x_wconf 29' lang='lat'>¹</span> 
     </span>
     <span class='ocr_line' id='line_1_47' title="bbox 75 4851 1782 4952; baseline -0.01 -22"><span class='ocrx_word' id='word_1_558' title='bbox 75 4887 172 4941; x_wconf 89' lang='lat' dir='ltr'><strong>mum,</strong></span> <span class='ocrx_word' id='word_1_559' title='bbox 201 4886 300 4949; x_wconf 89' lang='lat' dir='ltr'><strong>quam</strong></span> <span class='ocrx_word' id='word_1_560' title='bbox 322 4869 355 4929; x_wconf 92' lang='lat' dir='ltr'><strong>in</strong></span> <span class='ocrx_word' id='word_1_561' title='bbox 383 4869 542 4932; x_wconf 89' lang='lat' dir='ltr'><strong>codicibus</strong></span> <span class='ocrx_word' id='word_1_562' title='bbox 557 4873 812 4952; x_wconf 89' lang='lat' dir='ltr'><strong>Hieronymianae</strong></span> <span class='ocrx_word' id='word_1_563' title='bbox 835 4891 901 4934; x_wconf 88' lang='lat' dir='ltr'><strong>ver·</strong></span> <span class='ocrx_word' id='word_1_564' title='bbox 954 4869 1018 4930; x_wconf 85' lang='lat' dir='ltr'><strong>Dei</strong></span> <span class='ocrx_word' id='word_1_565' title='bbox 1044 4868 1138 4938; x_wconf 77' lang='lat' dir='ltr'><strong>laceb</strong></span> <span class='ocrx_word' id='word_1_566' title='bbox 1159 4867 1273 4949; x_wconf 84' lang='lat' dir='ltr'><strong>(Ibid.)</strong></span> <span class='ocrx_word' id='word_1_567' title='bbox 1301 4869 1370 4928; x_wconf 89' lang='lat' dir='ltr'><strong>Non</strong></span> <span class='ocrx_word' id='word_1_568' title='bbox 1395 4864 1496 4925; x_wconf 90' lang='lat' dir='ltr'><strong>solum</strong></span> <span class='ocrx_word' id='word_1_569' title='bbox 1524 4864 1624 4921; x_wconf 89' lang='lat' dir='ltr'><strong>metra</strong></span> <span class='ocrx_word' id='word_1_570' title='bbox 1638 4851 1782 4933; x_wconf 76' lang='lat' dir='ltr'><strong>agnoscit</strong></span> 
     </span>
     <span class='ocr_line' id='line_1_48' title="bbox 72 4947 1780 5052; baseline -0.013 -22"><span class='ocrx_word' id='word_1_571' title='bbox 72 4968 179 5044; x_wconf 68' lang='lat' dir='ltr'><strong>donis,</strong></span> <span class='ocrx_word' id='word_1_572' title='bbox 198 4968 271 5048; x_wconf 90' lang='lat' dir='ltr'><strong>quia</strong></span> <span class='ocrx_word' id='word_1_573' title='bbox 299 4968 521 5048; x_wconf 66' lang='lat' dir='ltr'><strong>equanimiter</strong></span> <span class='ocrx_word' id='word_1_574' title='bbox 549 4972 628 5034; x_wconf 86' lang='lat' dir='ltr'><strong>ieret</strong></span> <span class='ocrx_word' id='word_1_575' title='bbox 656 4978 704 5034; x_wconf 93' lang='lat' dir='ltr'><strong>tot</strong></span> <span class='ocrx_word' id='word_1_576' title='bbox 731 4978 900 5052; x_wconf 88' lang='lat' dir='ltr'><strong>tantosque</strong></span> <span class='ocrx_word' id='word_1_577' title='bbox 954 4967 984 5028; x_wconf 89' lang='lat' dir='ltr'><strong>in</strong></span> <span class='ocrx_word' id='word_1_578' title='bbox 1001 4967 1152 5029; x_wconf 77' lang='lat' dir='ltr'><strong>Psatterio</strong></span> <span class='ocrx_word' id='word_1_579' title='bbox 1180 4965 1318 5038; x_wconf 84' lang='lat' dir='ltr'><strong>Devidis,</strong></span> <span class='ocrx_word' id='word_1_580' title='bbox 1334 4964 1411 5025; x_wconf 90' lang='lat' dir='ltr'><strong>etin</strong></span> <span class='ocrx_word' id='word_1_581' title='bbox 1440 4958 1563 5023; x_wconf 77' lang='lat' dir='ltr'><strong>caeteris</strong></span> <span class='ocrx_word' id='word_1_582' title='bbox 1584 4955 1652 5035; x_wconf 89' lang='lat' dir='ltr'><strong>ejus</strong></span> <span class='ocrx_word' id='word_1_583' title='bbox 1674 4947 1780 5013; x_wconf 87' lang='lat' dir='ltr'><strong>Canti-</strong></span> 
     </span>
     <span class='ocr_line' id='line_1_49' title="bbox 70 5048 1780 5147; baseline -0.008 -20"><span class='ocrx_word' id='word_1_584' title='bbox 70 5084 196 5130; x_wconf 86' lang='lat' dir='ltr'><strong>errores</strong></span> <span class='ocrx_word' id='word_1_585' title='bbox 238 5086 368 5147; x_wconf 83' lang='lat' dir='ltr'><strong>nuperae</strong></span> <span class='ocrx_word' id='word_1_586' title='bbox 395 5068 511 5130; x_wconf 70' lang='lat' dir='ltr'><strong>critices</strong></span> <span class='ocrx_word' id='word_1_587' title='bbox 538 5072 652 5132; x_wconf 83' lang='lat' dir='ltr'><strong>veteris</strong></span> <span class='ocrx_word' id='word_1_588' title='bbox 693 5072 897 5144; x_wconf 79' lang='lat' dir='ltr'><strong>Testamenti,</strong></span> <span class='ocrx_word' id='word_1_589' title='bbox 954 5065 1013 5139; x_wconf 86' lang='lat' dir='ltr'><strong>cis,</strong></span> <span class='ocrx_word' id='word_1_590' title='bbox 1056 5066 1112 5126; x_wconf 89' lang='lat' dir='ltr'><strong>sed</strong></span> <span class='ocrx_word' id='word_1_591' title='bbox 1154 5063 1316 5125; x_wconf 86' lang='lat' dir='ltr'><strong>metricam</strong></span> <span class='ocrx_word' id='word_1_592' title='bbox 1359 5061 1489 5140; x_wconf 91' lang='lat' dir='ltr'><strong>insuper</strong></span> <span class='ocrx_word' id='word_1_593' title='bbox 1518 5048 1780 5133; x_wconf 78' lang='lat' dir='ltr'><strong>compositionem</strong></span> 
     </span>
     <span class='ocr_line' id='line_1_50' title="bbox 69 5149 1780 5257; baseline -0.015 -28"><span class='ocrx_word' id='word_1_594' title='bbox 69 5184 140 5246; x_wconf 80' lang='lat' dir='ltr'><strong>quae</strong></span> <span class='ocrx_word' id='word_1_595' title='bbox 170 5165 279 5227; x_wconf 91' lang='lat' dir='ltr'><strong>multis</strong></span> <span class='ocrx_word' id='word_1_596' title='bbox 306 5165 454 5227; x_wconf 88' lang='lat' dir='ltr'><strong>studiosis</strong></span> <span class='ocrx_word' id='word_1_597' title='bbox 483 5167 664 5231; x_wconf 89' lang='lat' dir='ltr'><strong>bominibus</strong></span> <span class='ocrx_word' id='word_1_598' title='bbox 690 5170 820 5250; x_wconf 88' lang='lat' dir='ltr'><strong>impune</strong></span> <span class='ocrx_word' id='word_1_599' title='bbox 849 5172 898 5232; x_wconf 84' lang='lat' dir='ltr'><strong>in·</strong></span> <span class='ocrx_word' id='word_1_600' title='bbox 954 5169 985 5224; x_wconf 89' lang='lat' dir='ltr'><strong>et</strong></span> <span class='ocrx_word' id='word_1_601' title='bbox 1011 5163 1177 5224; x_wconf 87' lang='lat' dir='ltr'><strong>melodiam</strong></span> <span class='ocrx_word' id='word_1_602' title='bbox 1208 5159 1390 5221; x_wconf 77' lang='lat' dir='ltr'><strong>Dauidicam</strong></span> <span class='ocrx_word' id='word_1_603' title='bbox 1419 5157 1567 5218; x_wconf 81' lang='lat' dir='ltr'><strong>observat</strong></span> <span class='ocrx_word' id='word_1_604' title='bbox 1607 5149 1638 5257; x_wconf 84' lang='lat' dir='ltr'><strong>iu</strong></span> <span class='ocrx_word' id='word_1_605' title='bbox 1667 5160 1780 5252; x_wconf 75' lang='lat' dir='ltr'><strong>supra·</strong></span> 
     </span>
     <span class='ocr_line' id='line_1_51' title="bbox 69 5256 1782 5347; baseline -0.016 -21"><span class='ocrx_word' id='word_1_606' title='bbox 69 5282 139 5326; x_wconf 74' lang='lat' dir='ltr'><strong>mm</strong></span> <span class='ocrx_word' id='word_1_607' title='bbox 155 5263 278 5326; x_wconf 85' lang='lat' dir='ltr'><strong>locitin</strong></span> <span class='ocrx_word' id='word_1_608' title='bbox 294 5263 388 5325; x_wconf 86' lang='lat' dir='ltr'><strong>rebus</strong></span> <span class='ocrx_word' id='word_1_609' title='bbox 402 5283 486 5326; x_wconf 92' lang='lat' dir='ltr'><strong>nunc</strong></span> <span class='ocrx_word' id='word_1_610' title='bbox 501 5266 636 5341; x_wconf 83' lang='lat' dir='ltr'><strong>levioris,</strong></span> <span class='ocrx_word' id='word_1_611' title='bbox 668 5285 751 5329; x_wconf 93' lang='lat' dir='ltr'><strong>nunc</strong></span> <span class='ocrx_word' id='word_1_612' title='bbox 778 5269 898 5347; x_wconf 81' lang='lat' dir='ltr'><strong>gravis·</strong></span> <span class='ocrx_word' id='word_1_613' title='bbox 954 5261 1045 5323; x_wconf 89' lang='lat' dir='ltr'><strong>dictis</strong></span> <span class='ocrx_word' id='word_1_614' title='bbox 1072 5261 1174 5322; x_wconf 83' lang='lat' dir='ltr'><strong>verbis</strong></span> <span class='ocrx_word' id='word_1_615' title='bbox 1203 5260 1386 5338; x_wconf 83' lang='lat' dir='ltr'><strong>Scripturae,</strong></span> <span class='ocrx_word' id='word_1_616' title='bbox 1415 5271 1548 5317; x_wconf 84' lang='lat' dir='ltr'><strong>aversa</strong></span> <span class='ocrx_word' id='word_1_617' title='bbox 1578 5259 1679 5327; x_wconf 85' lang='lat' dir='ltr'><strong>primo</strong></span> <span class='ocrx_word' id='word_1_618' title='bbox 1697 5256 1782 5320; x_wconf 85' lang='lat' dir='ltr'><strong>capr·</strong></span> 
     </span>
     <span class='ocr_line' id='line_1_52' title="bbox 68 5355 1778 5444; baseline -0.015 -22"><span class='ocrx_word' id='word_1_619' title='bbox 68 5360 139 5422; x_wconf 69' lang='lat' dir='ltr'><strong>dmi</strong></span> <span class='ocrx_word' id='word_1_620' title='bbox 155 5359 339 5423; x_wconf 81' lang='lat' dir='ltr'><strong>momenti?</strong></span> <span class='ocrx_word' id='word_1_621' title='bbox 354 5359 478 5423; x_wconf 85' lang='lat' dir='ltr'><strong>Falsum</strong></span> <span class='ocrx_word' id='word_1_622' title='bbox 508 5369 555 5426; x_wconf 87' lang='lat' dir='ltr'><strong>est</strong></span> <span class='ocrx_word' id='word_1_623' title='bbox 582 5370 702 5427; x_wconf 87' lang='lat' dir='ltr'><strong>veteres</strong></span> <span class='ocrx_word' id='word_1_624' title='bbox 723 5365 899 5444; x_wconf 89' lang='lat' dir='ltr'><strong>appellasse</strong></span> <span class='ocrx_word' id='word_1_625' title='bbox 953 5362 993 5425; x_wconf 92' lang='lat' dir='ltr'><strong>tis</strong></span> <span class='ocrx_word' id='word_1_626' title='bbox 1007 5379 1083 5424; x_wconf 83' lang='lat' dir='ltr'><strong>xxm</strong></span> <span class='ocrx_word' id='word_1_627' title='bbox 1097 5361 1151 5423; x_wconf 92' lang='lat' dir='ltr'><strong>lib.</strong></span> <span class='ocrx_word' id='word_1_628' title='bbox 1168 5362 1195 5421; x_wconf 93' lang='grc' dir='ltr'><strong>ΙΙ</strong></span> <span class='ocrx_word' id='word_1_629' title='bbox 1213 5364 1336 5438; x_wconf 78' lang='lat' dir='ltr'><strong>Regum</strong></span> <span class='ocrx_word' id='word_1_630' title='bbox 1352 5355 1393 5418; x_wconf 89' lang='lat' dir='ltr'><strong>ad</strong></span> <span class='ocrx_word' id='word_1_631' title='bbox 1421 5361 1565 5417; x_wconf 82' lang='lat' dir='ltr'><strong>octavum</strong></span> <span class='ocrx_word' id='word_1_632' title='bbox 1595 5356 1694 5421; x_wconf 89' lang='lat' dir='ltr'><strong>usque</strong></span> <span class='ocrx_word' id='word_1_633' title='bbox 1708 5355 1778 5399; x_wconf 84' lang='lat' dir='ltr'><strong>ver·</strong></span> 
     </span>
     <span class='ocr_line' id='line_1_53' title="bbox 69 5441 1780 5542; baseline -0.01 -18"><span class='ocrx_word' id='word_1_634' title='bbox 69 5478 179 5520; x_wconf 78' lang='lat' dir='ltr'><strong>uersus</strong></span> <span class='ocrx_word' id='word_1_635' title='bbox 225 5474 430 5538; x_wconf 78' lang='lat' dir='ltr'><strong>quascunque</strong></span> <span class='ocrx_word' id='word_1_636' title='bbox 470 5459 572 5521; x_wconf 77' lang='lat' dir='ltr'><strong>lineas</strong></span> <span class='ocrx_word' id='word_1_637' title='bbox 601 5463 799 5542; x_wconf 81' lang='lat' dir='ltr'><strong>scripturae3</strong></span> <span class='ocrx_word' id='word_1_638' title='bbox 844 5462 899 5522; x_wconf 89' lang='lat' dir='ltr'><strong>lal-</strong></span> <span class='ocrx_word' id='word_1_639' title='bbox 953 5479 1033 5521; x_wconf 89' lang='lat' dir='ltr'><strong>sum.</strong></span> <span class='ocrx_word' id='word_1_640' title='bbox 1076 5460 1150 5531; x_wconf 78' lang='lat' dir='ltr'><strong>Quae</strong></span> <span class='ocrx_word' id='word_1_641' title='bbox 1194 5458 1220 5519; x_wconf 85' lang='lat' dir='ltr'><strong>si</strong></span> <span class='ocrx_word' id='word_1_642' title='bbox 1261 5456 1332 5536; x_wconf 89' lang='lat' dir='ltr'><strong>quia</strong></span> <span class='ocrx_word' id='word_1_643' title='bbox 1371 5452 1525 5516; x_wconf 89' lang='lat' dir='ltr'><strong>curiosius</strong></span> <span class='ocrx_word' id='word_1_644' title='bbox 1563 5441 1780 5524; x_wconf 63' lang='lat' dir='ltr'><strong>pencrultlut</strong></span> 
     </span>
     <span class='ocr_line' id='line_1_54' title="bbox 69 5534 1777 5637; baseline -0.013 -20"><span class='ocrx_word' id='word_1_645' title='bbox 69 5574 140 5617; x_wconf 85' lang='lat' dir='ltr'><strong>snm</strong></span> <span class='ocrx_word' id='word_1_646' title='bbox 168 5573 298 5637; x_wconf 90' lang='lat' dir='ltr'><strong>quoque</strong></span> <span class='ocrx_word' id='word_1_647' title='bbox 324 5554 396 5616; x_wconf 90' lang='lat' dir='ltr'><strong>illas</strong></span> <span class='ocrx_word' id='word_1_648' title='bbox 423 5555 524 5617; x_wconf 84' lang='lat' dir='ltr'><strong>lineas</strong></span> <span class='ocrx_word' id='word_1_649' title='bbox 551 5566 695 5621; x_wconf 89' lang='lat' dir='ltr'><strong>constare</strong></span> <span class='ocrx_word' id='word_1_650' title='bbox 722 5558 899 5619; x_wconf 82' lang='lat' dir='ltr'><strong>scxdictio·</strong></span> <span class='ocrx_word' id='word_1_651' title='bbox 952 5559 1056 5631; x_wconf 90' lang='lat' dir='ltr'><strong>luerit,</strong></span> <span class='ocrx_word' id='word_1_652' title='bbox 1076 5553 1354 5618; x_wconf 87' lang='lat' dir='ltr'><strong>iscilediscedeta</strong></span> <span class='ocrx_word' id='word_1_653' title='bbox 1382 5546 1537 5610; x_wconf 89' lang='lat' dir='ltr'><strong>sententia</strong></span> <span class='ocrx_word' id='word_1_654' title='bbox 1565 5534 1777 5620; x_wconf 89' lang='lat' dir='ltr'><strong>quorumdam</strong></span> 
     </span>
     <span class='ocr_line' id='line_1_55' title="bbox 69 5647 1781 5740; baseline -0.011 -24"><span class='ocrx_word' id='word_1_655' title='bbox 69 5652 179 5731; x_wconf 69' lang='lat' dir='ltr'><strong>ecus,</strong></span> <span class='ocrx_word' id='word_1_656' title='bbox 225 5653 426 5717; x_wconf 85' lang='lat' dir='ltr'><strong>islsissimum</strong></span> <span class='ocrx_word' id='word_1_657' title='bbox 477 5656 613 5740; x_wconf 87' lang='lat' dir='ltr'><strong>deniqne</strong></span> <span class='ocrx_word' id='word_1_658' title='bbox 654 5675 690 5720; x_wconf 81' lang='lat' dir='ltr'><strong>ex</strong></span> <span class='ocrx_word' id='word_1_659' title='bbox 748 5656 897 5718; x_wconf 82' lang='lat' dir='ltr'><strong>adnotato</strong></span> <span class='ocrx_word' id='word_1_660' title='bbox 952 5656 1184 5720; x_wconf 90' lang='lat' dir='ltr'><strong>neotericorum</strong></span> <span class='ocrx_word' id='word_1_661' title='bbox 1216 5647 1463 5715; x_wconf 90' lang='lat' dir='ltr'><strong>existimantium</strong></span> <span class='ocrx_word' id='word_1_662' title='bbox 1491 5649 1593 5706; x_wconf 85' lang='lat' dir='ltr'><strong>metre</strong></span> <span class='ocrx_word' id='word_1_663' title='bbox 1620 5658 1685 5705; x_wconf 94' lang='lat' dir='ltr'><strong>non</strong></span> <span class='ocrx_word' id='word_1_664' title='bbox 1712 5649 1781 5698; x_wconf 79' lang='lat' dir='ltr'><strong>essa</strong></span> 
     </span>
    </p>
   </div>
   <div class='ocr_carea' id='block_1_13' title="bbox 0 0 1940 6116">
    <p class='ocr_par' dir='ltr' id='par_1_14' title="bbox 0 0 1940 6116">
     <span class='ocr_line' id='line_1_56' title="bbox 0 0 1940 6116; baseline 0 0"><span class='ocrx_word' id='word_1_665' title='bbox 0 0 1940 6116; x_wconf 95' lang='lat' dir='ltr'><strong> </strong></span> 
     </span>
    </p>
   </div>
  </div>
 </body>
</html>
