3870 6120
125 204 193 265 roae
643 194 1313 267 s.111=1t⁰ittinitlvlitsit1sbltrriilica.
1761 210 1823 269 roos

124 335 195 390 linos
210 347 264 405 ego
278 333 406 389 stridebo
422 332 598 402 subterias,
959 336 987 408 g
1039 327 1077 384 ad
1092 326 1255 401 uugdoni.
1270 330 1300 413 st
1315 327 1510 411 multiplicata
1524 330 1799 405 prevaricationem.

161 406 236 461 sicut
251 404 354 459 stridat
368 403 533 475 plaustrum
549 407 719 460 omnustuur
736 405 812 460 iano.
1005 399 1155 456 sinueris
1171 415 1257 457 mana
1270 406 1406 458 victimas
1421 408 1550 472 vestras,

127 479 161 534 hit
174 474 281 548 peribit
297 477 367 545 iuga
380 493 397 530 a
410 476 517 544 volone,
1034 462 1130 527 tribua
1144 471 1251 528 diebus
1266 472 1395 529 decimas
1414 479 1546 532 vestras.

160 553 189 603 et
204 546 287 601 initis
300 563 357 602 nou
374 547 516 603 obtinebit
531 546 668 603 virtutem
684 562 780 615 suam,
998 542 1034 598 iit
1056 542 1218 599 sacrificate
1228 543 1263 599 de
1274 544 1447 607 sermentato
1463 545 1517 619 (it.
1536 546 1818 621 farmantoliaudem,

160 622 188 676 ct
203 618 342 673 robustus
357 635 415 674 non
431 619 555 675 salvabit
568 617 698 677 enimam
712 634 797 675 suain
813 633 821 673 ι
1035 618 1064 671 at
1075 620 1177 696 yoosts
1185 614 1412 699 voluntariasoh
1444 619 1585 747 donaret
1595 619 1818 681 mnnndaiernte

124 692 160 746 itt
175 692 278 745 tenens
292 702 394 751 arcum
410 707 469 746 uon
484 689 585 762 stabit,
1035 682 1116 743 inihi
1129 684 1208 743 valui
1226 690 1276 754 tis,
1286 686 1341 745 lilii
1351 686 1395 744 ier
1442 690 1523 756 ,titi
1548 689 1701 747 Dominus
1716 695 1792 749 Deus.

160 765 189 816 at
203 761 286 816 velox
302 759 426 832 pedihus
440 762 503 818 suis
517 777 575 818 nou
591 759 755 817 salvabithr
770 776 777 815 ε
1000 744 1123 812 uiiuesl
1130 758 1186 839 ago
1196 696 1264 814 isui
1278 758 1511 841 voilisatufldicii
1524 748 1668 818 dantium
1683 762 1713 818 in
1725 766 1820 823 runctb

160 837 188 888 et
203 848 340 889 ascensor
354 834 423 905 equi
439 849 496 889 non
513 832 637 889 salvabit
652 834 781 888 animam
796 847 882 889 suani
899 847 906 885 :
1071 828 1196 910 urbibus
1211 833 1332 911 vestris,
1418 901 1424 913 ὓ
1535 902 1543 914 .

123 905 158 961 Ει
173 904 313 959 robustus
329 906 416 960 corde
432 906 508 960 inter
524 907 623 961 torres,
1035 901 1065 954 at
1079 900 1272 972 indigentiam
1289 917 1400 973 panum
1417 919 1448 957 iii
1463 903 1606 960 omnihus
1625 904 1700 961 iocis
1713 908 1822 964 vestris:

160 976 258 1031 nudus
273 974 354 1047 sigiet
367 975 397 1030 in
412 976 459 1032 dis
474 975 535 1044 illa,
550 975 622 1031 dicit
638 975 788 1032 Dominus.
1036 973 1065 1024 ot
1081 986 1138 1025 uon
1154 972 1225 1027 antis
1241 974 1350 1029 ravanal
1365 974 1401 1029 ad
1417 990 1474 1040 mo,
1491 975 1566 1031 dicit
1580 977 1741 1034 Dominus.

124 1047 201 1119 (Cap.
219 1045 281 1118 lli.)
296 1047 401 1103 Audite
416 1048 547 1116 verbum,
564 1047 642 1121 quod
655 1047 772 1104 locutus
786 1051 831 1103 ast
846 1046 945 1104 Dami-
1001 1040 1059 1115 ligo
1075 1056 1193 1168 quoque
1208 1042 1476 1127 prohibuipiobis
1488 1045 1639 1129 imhpsm,
1731 1121 1736 1128 ⁵
1797 1122 1803 1131 .

196 1134 253 1173 nus
269 1128 359 1190 super
372 1130 435 1189 vos,
452 1118 503 1174 lilii
520 1116 608 1175 lsrael
626 1133 632 1172 :
1037 1128 1137 1169 ouius
1159 1113 1217 1171 huo
1232 1116 1293 1171 tres
1312 1131 1433 1173 meuses
1457 1124 1660 1190 superessent
1681 1135 1772 1193 usquc
1792 1122 1824 1178 nd

160 1188 742 1272 superomiilcognatioua‚quameduxi
759 1188 944 1247 deterraAE·
1000 1254 1033 1309 m
1068 1199 1209 1308 ίιιιςιιιιιιι.
1250 1254 1287 1269 ..

124 1262 408 1389 'ianffihi'ohhchhh
421 1304 544 1406 hognovi
559 1350 594 1393 ox
608 1333 746 1390 omnibus
761 1330 943 1405 cognationi·
1035 1270 1065 1380 οἳ
1078 1260 1546 1398 ἓὲιξθυιρξῖνίοΐιινΐιθιὲιωὲῑέιᾞῆοι
1561 1331 1629 1407 plui
1647 1349 1656 1390 z

195 1405 251 1459 bus
265 1408 352 1460 terra·
369 1419 375 1458 :
1001 1397 1070 1453 Pars
1085 1413 1144 1455 una
1159 1399 1307 1473 compluta
1322 1402 1378 1470 est,

161 1476 272 1601 triplico
286 1475 408 1533 visitabo
424 1492 690 1549 supervosomnos
706 1474 944 1549 iniquitatesve·
1035 1473 1064 1524 ei
1078 1485 1148 1597 paiz
1168 1471 1222 1545 (it.
1238 1472 1302 1528 coo.
1319 1472 1398 1545 uns),
1425 1489 1517 1547 snper
1546 1491 1643 1548 qnam
1671 1478 1730 1535 nco
1756 1476 1817 1550 pini,

260 1588 266 1603 ,
1070 1557 1158 1596 arui.

121 1563 261 1691 Νῃῃᾳῖιιὶῗὶ
276 1618 471 1675 ambulabunt
485 1618 543 1676 duo
558 1618 679 1693 pap-iter,
999 1610 1254 1697 Etvsnaruntdua't‘
1263 1614 1292 1670 δῖ
1306 1606 1365 1671 [iffi
1375 1604 1510 1674 &illinies
1521 1618 1721 1679 Εᾶΰίῗῖωθω
1729 1637 1817 1693 ΠΜ,

191 1691 249 1745 nisi
264 1691 433 1747 convenerit
447 1690 490 1745 eis
502 1690 512 1745 i
959 1712 984 1779 B
1070 1687 1102 1737 ¹¹⁸
1117 1684 1251 1741 blbflrllssl
1265 1700 1383 1769 equam,

121 1760 271 1845 Numquid
288 1762 444 1834 rugietico
460 1762 489 1816 in
505 1761 596 1833 saltu,
1034 1757 1135 1813 elnon
1151 1760 1222 1838 ⁸⁰11}
1241 1760 1378 1840 pullam:
1431 1828 1465 1842 ..
1567 1838 1570 1842 Ι
1613 1833 1620 1841 ,

156 1834 214 1890 nisi
229 1833 367 1890 habuerit
382 1830 536 1906 predam?
1007 1882 1011 1887 ,
1033 1830 1063 1881 et
1078 1841 1137 1911 noir
1152 1828 1272 1911 redistis
1283 1829 1320 1884 ad
1333 1844 1392 1899 me,
1408 1829 1481 1887 droit
1494 1828 1657 1893 Dominus.

120 1903 258 1979 Nunquid
272 1904 355 1961 dabit
370 1905 484 1961 catulus
499 1902 593 1961 laonia
607 1919 707 1962 vocam
723 1904 759 1962 da
771 1902 861 1961 cubili
877 1919 941 1974 suo,
998 1895 1135 1978 Pedem
1150 1912 1200 1953 νοῦ
1215 1915 1245 1954 in
1260 1904 1346 1956 venio
1362 1905 1476 1969 ῦΐόῠῒθι
1500 1974 1504 1979 ,

157 1977 213 2033 nisi
228 1975 340 2047 aliquid
357 1972 601 2053 apprehenderit?
1032 1974 1061 2024 ei
1076 1971 1266 2054 inhaurughnb
1294 1970 1518 2030 multitudinem
1543 1973 1704 2035 Ῑὶόῆοῐῦω
1717 1984 1808 2036 'wild-

121 2046 265 2118 Nunquid
279 2046 364 2104 cadet
377 2048 439 2104 avis
452 2048 481 2104 iu
494 2046 630 2119 laqueum
646 2050 730 2105 tsi-ria
750 2040 862 2121 nbsque
887 2063 941 2104 au·
1030 2109 1036 2122 ,
1068 2055 1135 2097 rum
1151 2045 1180 2097 el
1196 2056 1349 2125 illusarum
1359 2048 1530 2127 'vestrarum
1547 2061 1555 2102 :

194 2118 291 2189 oppa?
996 2109 1104 2166 oliveta
1119 2117 1227 2181 vestra,
1243 2117 1273 2170 at
1286 2104 1373 2172 doeh
1381 2116 1478 2173 vestra
1492 2116 1627 2175 comedit
1641 2134 1749 2192 esaon

122 2188 270 2260 Numquid
282 2189 431 2271 auferetur
445 2190 567 2262 iaqueus
579 2190 693 2247 interra
704 2184 940 2262 aulaqunmquid
1027 2186 1059 2266 sl
1074 2198 1131 2264 μοι]
1149 2184 1270 2240 redistis
1285 2186 1335 2268 adq
1350 2188 1400 2272 lue
1409 2184 1484 2265 dicit
1498 2186 1661 2272 Dominus.

122 2331 152 2387 Sl
167 2260 371 2403 clhhlgesrtstthba
386 2330 555 2397 incivitate,
996 2254 1592 2413 Mlphilgdhgisifftgiheiilih'thveliha‘sssvge'shhhq
1602 2348 1700 2407 usque
1710 2330 1744 2391 nd
1752 2350 1799 2407 cap

156 2406 185 2458 at
199 2402 325 2486 populus
341 2418 398 2457 non
409 2402 603 2475 expavescet?
1011 2456 1016 2465 ,
1068 2398 1214 2457 tiridatem
1228 2415 1372 2482 equorum
1388 2404 1556 2485 vastrorum
1574 2419 1583 2461 t

121 2473 151 2532 st
166 2480 223 2530 eni
239 2475 349 2529 malum
365 2474 396 2530 in
410 2474 536 2541 civitais,
995 2468 1029 2524 at
1043 2464 1201 2551 ascendere
1213 2466 1267 2527 laci
1280 2470 1467 2543 putredinem
1478 2476 1649 2533 castrorum
1659 2479 1796 2534 vastrornn

155 2545 233 2616 quod
249 2544 391 2602 Dominus
405 2561 463 2602 non
479 2544 580 2613 lecerit
592 2544 646 2615 (it.
661 2543 740 2618 iecit)
757 2546 768 2600 i
1065 2556 1095 2595 iu
1112 2556 1199 2597 naras
1213 2547 1326 2600 vestras
1342 2559 1349 2599 ι

120 2618 193 2683 Quia
208 2633 266 2673 non
282 2617 351 2672 iacit
364 2617 418 2688 (iil.
436 2616 533 2689 laniet)
547 2616 690 2674 Dominus
705 2622 784 2674 Deus
809 2617 938 2684 verbum,
1029 2615 1059 2666 ei
1074 2628 1131 2669 non
1148 2613 1252 2671 redisti
1267 2614 1302 2669 ad
1319 2630 1376 2685 mo,
1391 2614 1464 2694 dicit
1474 2615 1635 2675 Dominus.

155 2688 211 2745 uisi
226 2688 396 2745 revolaverit
411 2692 557 2745 secretum
572 2704 660 2744 suum
686 2688 723 2744 ad
745 2703 844 2746 servos
868 2704 940 2746 suos
994 2679 1129 2739 subverti
1144 2698 1205 2753 νοῦ,
1236 2685 1314 2743 θῖθῦῑ
1341 2686 1484 2743 Substitit
1512 2688 1593 2746 1³0⁰ss
1618 2690 1792 2747 Sodommtl

191 2760 359 2843 propbetas.
1065 2756 1270 2838 Gomorrhain,

118 2836 174 2887 Leo
190 2837 295 2904 rugiat,
312 2831 378 2904 quis
394 2829 600 2889 nontimebit?
1028 2828 1057 2880 et
1071 2824 1139 2882 iacti
1155 2830 1228 2910 estis
1241 2829 1326 2911 qussi
1338 2832 1426 2889 torris
1442 2837 1545 2908 raptus
1560 2838 1599 2895 da
1612 2836 1757 2896 incendio:

117 2904 261 2959 Dominus
277 2908 353 2959 Deus
368 2903 485 2960 locutus
500 2908 556 2972 est,
577 2901 644 2974 quis
660 2919 718 2958 uon
730 2898 939 2975 prophetabit?
1028 2900 1057 2950 01
1072 2913 1130 2953 non
1146 2898 1265 2956 redistis
1281 2900 1318 2959 ad
1333 2918 1391 2974 ins,
1406 2903 1478 2963 dicit
1492 2909 1641 2967 Dominus
1656 2925 1664 2966 ς

25 2990 29 2999 ·
118 2974 259 3029 Auditum
273 2974 356 3029 tacite
372 2974 402 3031 in
417 2974 529 3029 adibus
542 2973 635 3041 Anoti,
991 2965 1173 3041 Quapropter
1186 2971 1248 3026 bac
1263 2972 1367 3030 iactam
1383 2974 1451 3046 tibi,
1463 2976 1554 3036 lsrael
1572 2997 1582 3037 t

152 3049 180 3099 st
194 3044 224 3100 in
241 3044 354 3100 adibus
368 3048 453 3100 terra
467 3045 600 3118 AEgypti:
617 3049 646 3100 at
659 3044 746 3102 dicito
761 3062 768 3100 ι
953 3079 975 3146 c
994 3043 1150 3111 postquam
1166 3048 1266 3100 autem
1281 3044 1337 3101 boo
1351 3046 1446 3104 lacero
1460 3046 1526 3119 tibi,

118 3114 341 3187 congregamini
358 3131 445 3185 super
461 3120 574 3171 montes
590 3115 740 3183 Samaria,
1029 3126 1192 3191 praeparare
1203 3112 1233 3169 iu
1249 3130 1403 3173 occursum
1419 3117 1470 3175 bei
1485 3120 1541 3190 tui,
1557 3120 1660 3181 lsraal.

154 3191 183 3241 ei
197 3185 293 3241 vineis
310 3186 443 3242 insanies
457 3185 567 3242 multas
582 3186 612 3241 in
627 3187 724 3244 medio
734 3186 809 3257 ctus,
991 3179 1063 3244 Quis
1077 3198 1143 3239 0000
1157 3184 1289 3243 formans
1304 3194 1429 3259 monas,
1445 3193 1475 3247 ei
1489 3208 1597 3250 amnne
1611 3196 1737 3263 verton,

151 3261 179 3311 et
194 3255 372 3313 calumniam
386 3258 529 3329 patientes
543 3256 573 3312 in
589 3258 788 3331 penetralibus
800 3258 876 3331 elus.
1026 3256 1056 3311 sl
1071 3254 1251 3337 annuntians
1261 3257 1373 3317 homiui
1388 3259 1539 3332 eloquium
1555 3281 1657 3335 saum,

114 3327 149 3382 Et
165 3327 333 3383 nescierunt
348 3327 439 3384 iacere
455 3333 578 3398 reatuin,
596 3328 666 3384 dicit
682 3329 846 3387 Dominus:
1026 3323 1136 3381 [8018ῠῦ
1150 3328 1318 3386 malutstffl
1333 3331 1486 3401 nebulam·

150 3397 383 3454 thesaurizantes
399 3400 587 3471 iniquitatem
602 3404 630 3455 et
645 3401 765 3471 rapinas
779 3401 809 3456 in
824 3400 937 3458 adibus
1025 3397 1204 3480 digrediens
1218 3403 1436 3472 superexcelso
1451 3408 1536 3462 tarra
1551 3422 1559 3463 :

186 3469 259 3525 suis.
989 3465 1133 3525 Dominus
1148 3470 1227 3529 Deus
1240 3477 1421 3531 exarcituum
1437 3491 1544 3534 noman
1563 3480 1641 3552 elus.

112 3543 270 3611 Propterea
286 3538 428 3596 haecdicit
445 3538 583 3596 Dominus
598 3545 674 3597 Deus
691 3557 697 3596 :
989 3540 1070 3608 ldap.
1086 3538 1374 3612 V.)iuditovarbum
1384 3544 1476 3615 istud,
1491 3551 1573 3621 quod
1585 3568 1639 3626 ago
1649 3552 1709 3609 lavo
1721 3562 1784 3622 eupit

110 3609 324 3678 Tribulabitur‚
341 3616 370 3667 at
384 3612 574 3669 circumietur
587 3617 667 3669 terra
683 3627 690 3668 :
1060 3627 1112 3667 vos
1127 3612 1291 3687 planctum,
1308 3617 1417 3674 domus
1432 3617 1536 3678 Israel.

146 3685 176 3739 at
191 3682 361 3739 datrabatur
376 3698 411 3739 ex
423 3685 452 3739 te
467 3682 607 3741 tortitudo
621 3688 684 3753 tua,
1023 3682 1143 3752 Cocidii,
1160 3701 1217 3742 uon
1233 3685 1364 3758 adjiciat,
1380 3694 1413 3745 ut
1427 3696 1568 3766 resurgat
1593 3693 1675 3769 virgo
1698 3689 1783 3751 lensi:

147 3758 175 3811 at
187 3754 364 3839 diripiantur
377 3756 454 3812 adas
469 3760 535 3812 tusa.
987 3753 1120 3824 Projaota
1135 3760 1182 3811 ost
1197 3757 1227 3812 in
1242 3762 1352 3816 terrem
1367 3776 1464 3830 auam,

110 3828 178 3881 iimo
192 3825 264 3882 dicit
280 3825 421 3883 Dominus
438 3843 446 3882 ι
1022 3841 1080 3880 non
1095 3827 1206 3911 estqui
1221 3830 1347 3888 suscitat
1360 3847 1437 3890 ιιιιι.

109 3896 261 3962 Quomodo
276 3899 299 3954 si
314 3903 398 3955 cruat
421 3902 522 3971 pastor
537 3898 573 3955 da
587 3913 636 3955 ors
650 3896 745 3956 leonis
760 3898 818 3955 duo
834 3915 931 3972 crura,
985 3894 1058 3959 Ouia
1073 3896 1134 3953 hmo
1149 3899 1222 3956 dicit
1237 3899 1381 3959 Dominus
1402 3903 1480 3961 Deus
1497 3922 1504 3962 :

145 3967 552 4052 autaxtremumnurioulaef
621 4040 627 4053 ι
708 4040 714 4052 Ι
858 4042 864 4054 ⁸
985 3965 1059 4024 Urbs
1073 3967 1181 4040 daque
1195 3972 1422 4044 egrediebantur
1437 3974 1531 4048 millo,
1547 3976 1746 4052 relinquantur
1764 3974 1785 4030 iu
1844 3934 1847 4011 l

110 4039 157 4096 Sic
171 4048 311 4097 cruentur
322 4040 486 4113 illitisraol,
497 4057 548 4114 qui
559 4040 695 4098 habitant
706 4057 737 4098 in
752 4041 886 4100 Samaria
899 4042 929 4099 in
1055 4054 1090 4095 ss
1104 4044 1222 4099 centum
1239 4058 1246 4098 :

180 4113 228 4184 pin
250 4129 267 4168 a
282 4112 392 4182 lectuli,
1019 4113 1049 4165 st
1060 4110 1096 4165 de
1112 4124 1172 4182 qua
1180 4114 1405 4186 egrediebantur
1414 4116 1547 4185 cautum,
1559 4118 1756 4193 relinquentur
1765 4115 1785 4170 in

145 4186 174 4239 et
192 4183 221 4239 in
263 4183 519 4256 amascigrabato.
1055 4196 1089 4238 aa
1104 4182 1205 4241 decani
1220 4185 1352 4242 indomo
1369 4185 1486 4243 lsrael:

107 4255 223 4325 Audita,
241 4260 269 4310 at
284 4254 489 4312 contestamini
505 4255 534 4310 in
550 4253 637 4311 domo
653 4254 754 4323 Jacob,
985 4251 1058 4318 Quis
1072 4251 1134 4311 heo
1148 4255 1221 4313 dicit
1234 4257 1380 4314 Dominus
1397 4256 1498 4316 domui
1513 4256 1607 4318 lsrael
1625 4277 1633 4319 :

143 4326 214 4382 dicit
227 4326 371 4383 Dominus
386 4330 463 4382 Deus
477 4326 657 4382 exercituum
673 4343 680 4381 :
792 4397 795 4403 Ι
985 4322 1111 4390 Quantis
1127 4341 1183 4396 ma,
1200 4329 1229 4382 et
1242 4327 1355 4385 vivatis.

108 4396 181 4463 Quia
195 4398 224 4453 in
240 4399 287 4453 dia
302 4414 369 4454 cum
393 4397 515 4454 visitare
540 4411 653 4470 coepero
677 4399 930 4469 prevaricationes
944 4440 968 4507 n
985 4394 1022 4450 Iit
1037 4394 1128 4522 nplgte
1143 4414 1272 4470 querere
1287 4398 1419 4473 Both-iil,
1434 4403 1464 4459 et
1488 4399 1518 4459 in
1547 4398 1705 4477 (ialgalam
1724 4402 1792 4463 nolito

106 4468 512 4668 iosfggffldhhnhhhwchgffl
522 4536 733 4668 {luffisaltnria
749 4538 867 4598 seth-ul
884 4558 892 4600 ι
1021 4482 1272 4683 ιιὶιιίἳζέἑῗῖὃιῑιιο
1286 4561 1344 4601 nou
1357 4536 1523 4607 transibitis
1538 4548 1595 4621 (ii.
1622 4565 1661 4608 ne
1685 4545 1792 4607 heusis

257 4629 273 4667 a
1148 4629 1157 4670 ι

142 4686 172 4737 et
186 4628 291 4738 offuerit
306 4685 335 4739 in
352 4688 472 4739 terrain.
629 4655 637 4684 ⁹
1021 4680 1090 4764 quia
1101 4683 1347 4761 Gnigalaoaptiva
1359 4688 1496 4763 ducetur,
1507 4689 1676 4750 essem-si
1687 4690 1794 4751 aritinu-

106 4752 143 4808 iit
158 4754 319 4825 percutiam
336 4754 458 4810 domum
471 4752 628 4811 hiemalem
643 4753 928 4815 cumdomoastlva:
1058 4752 1129 4810 tilis.
1415 4824 1418 4829 Ι

144 4828 173 4880 at
186 4826 324 4895 peribunt
338 4827 446 4883 domus
461 4825 607 4896 eburnea,
986 4823 1111 4894 Quaerite
1126 4826 1294 4897 Dominum,
1310 4833 1340 4887 et
1352 4830 1440 4891 vivito
1455 4849 1462 4889 :

145 4900 175 4952 at
190 4896 416 4969 dissipabuntur
431 4897 507 4953 edes
523 4896 635 4964 multe,
650 4896 721 4955 dicit
735 4896 890 4959 Dominus.
1022 4914 1058 4954 ne
1073 4896 1146 4954 torte
1160 4899 1352 4958 comburatur
1367 4903 1400 4960 ut
1413 4904 1493 4977 ignis
1508 4902 1619 4963 domus
1633 4906 1704 4966 dosa
1725 4906 1751 4974 h,

110 4966 189 5039 (Cap.
206 4967 266 5040 itt)
282 4969 388 5025 Audito
402 4968 524 5024 verbum
540 4968 595 5026 hoc
608 4985 700 5025 vacce
713 4969 850 5042 pingues,
1020 4972 1049 5025 at
1063 4969 1223 5043 devorabit,
1235 4976 1264 5028 at
1288 4990 1345 5030 non
1369 4972 1426 5031 erit
1440 4974 1496 5046 (it.
1508 4975 1559 5045 sit)
1575 4978 1627 5050 qui
1644 4976 1793 5050 cxsungml

145 5055 208 5111 qua
224 5040 296 5096 eatis
311 5038 340 5094 iu
356 5043 457 5094 monia
470 5039 607 5095 Samaria
623 5056 630 5094 ε
1056 5041 1182 5097 Beth-iii
1198 5059 1206 5098 :

150 5127 213 5183 que
229 5110 409 5168 calumniam
438 5107 535 5165 facilis
558 5110 670 5184 egenis,
692 5114 721 5167 et
743 5110 931 5183 confringitis
985 5108 1040 5176 Qui
1055 5113 1226 5171 convertitis
1240 5115 1271 5172 in
1287 5116 1470 5174 absinthium
1483 5118 1634 5201 judicium

181 5196 347 5265 pauperae:
912 5252 915 5257 Ι
1021 5183 1051 5238 at
1062 5183 1212 5255 justitiam
1228 5187 1258 5243 in
1273 5192 1349 5245 tarra
1366 5187 1547 5262 relinquitis.

105 5322 121 5379 J
125 5251 399 5381 uqhiatuffoigslgiuosm
392 5263 519 5379 hhhssvioh
522 5249 733 5379 thlssnchoffhhtg'
743 5256 772 5310 οι
782 5252 929 5310 bibemus·
985 5251 1547 5390 {leigffiogfflcgnffirililgtimotreigffl
1574 5334 1698 5393 sidiam
1713 5335 1740 5391 ln
1752 5345 1792 5389 nv·

143 5395 214 5467 quia
227 5410 293 5454 acca
306 5394 370 5451 dias
384 5392 502 5449 venient
516 5406 604 5464 super
618 5408 680 5460 vos,
1057 5402 1133 5454 ctam
1149 5405 1315 5459 mnmntam
1333 5419 1340 5460 ι
1549 5373 1559 5401 ’

143 5470 173 5522 at
187 5467 328 5549 levabunt
341 5480 393 5521 vos
409 5463 437 5519 in
454 5461 563 5547 opntiq
709 5533 716 5546 .
985 5466 1040 5531 Qni
1055 5473 1138 5526 vocat
1152 5486 1244 5543 aquas
1255 5475 1398 5543 maris,at
1412 5474 1598 5533 affunditeas
1610 5474 1795 5553 aumrisoicui

144 5541 173 5592 at
188 5539 328 5610 reliquias
342 5541 455 5593 vestras
469 5550 499 5592 in
515 5532 581 5592 olins
595 5533 786 5593 tenentibus.
1057 5542 1141 5596 terre
1159 5558 1166 5598 :

108 5604 143 5659 st
156 5624 208 5732 par
222 5614 376 5749 aperturas
391 5606 507 5665 exibitis
522 5606 615 5663 alteia
629 5608 732 5663 contra
746 5604 882 5675 nitorem,
1022 5610 1164 5677 Dominus
1180 5629 1288 5671 noman
1304 5618 1379 5689 ejus.

140 5692 171 5758 οΙ
184 5693 236 5750 pro
250 5679 381 5771 iciemini
393 5679 424 5735 in
439 5679 561 5762 Armnn,
578 5677 650 5762 dicit
666 5675 820 5734 Dominus.
985 5678 1040 5743 uus
1054 5683 1188 5741 subridet
1200 5687 1377 5769 vastitatem
1392 5704 1481 5760 super
1497 5686 1669 5765 robustum,

104 5743 203 5805 Venite
218 5751 255 5807 ad
271 5748 405 5817 Beth-bl,
420 5754 449 5808 et
464 5750 554 5823 impie
570 5753 647 5823 agita
665 5767 673 5809 ι
1021 5754 1050 5808 et
1064 5754 1320 5828 depopulationem
1335 5775 1425 5832 super
1439 5763 1595 5832 potentem
1610 5764 1708 5824 edera
