3870 6120
112 173 167 228 999
196 134 199 139 ’
647 172 677 224 9.
698 167 902 225 suasurus
920 166 1048 223 99199
1065 168 1314 225 9199999999.
1753 166 1822 224 1999

150 299 255 353 999999
266 299 336 353 9999
351 295 493 360 comedet,
953 295 980 362 Α
1030 291 1094 363 9999
1109 290 1261 360 morietur,
1277 291 1419 364 quianon
1436 291 1622 349 annuntiasti
1635 291 1663 349 ei
1679 308 1687 349 :

151 376 180 426 et
193 368 305 425 viscera
319 373 370 423 tus
385 365 612 439 complebantur
625 362 775 421 volumina
790 363 938 436 isto,qucd
996 365 1027 419 ln
1041 368 1158 434 peccato
1173 380 1226 419 999
1242 362 1394 430 moriatur,
1410 368 1511 421 99999
1526 369 1617 421 99999
1634 364 1665 420 19
1681 364 1824 422 memoria

189 456 242 512 age
258 440 293 495 do
309 439 371 495 tihi.
1062 435 1182 504 justitias
1195 435 1270 505 ejus,
1286 452 1359 507 quas
1375 435 1444 493 19919
1458 453 1466 492 :

119 514 152 570 Et
167 512 279 568 comedi
293 510 366 566 illud
385 525 392 565 ι
1029 507 1204 579 sanguinem
1220 509 1365 577 veracius
1380 508 1415 564 99
1431 523 1520 564 manu
1537 514 1587 565 tua
1599 506 1766 580 requiram.

118 589 182 711 Eeg
195 584 305 708 tactudn
321 580 411 637 estin
427 596 476 637 999
493 597 556 638 mco
573 581 650 638 siout
665 579 722 636 mel
739 578 834 636 dulce.
992 576 1023 632 Si
1039 583 1137 703 nuttam
1153 582 1186 634 tu
1201 579 1422 636 annuntiaveris
1433 578 1525 651 justo,
1538 586 1573 636 ut
1587 596 1649 637 nan
1666 579 1818 652 99999999-

143 659 153 710 9
185 654 269 709 ixita
307 667 377 709 me:
1066 666 1142 718 999,

117 725 170 781 Fili
186 725 325 793 hominis,
1029 724 1058 775 99
1074 721 1196 777 1119999
1213 723 1375 794 9999999999
1391 739 1397 778 :

150 798 275 853 999999
291 797 412 853 domum
429 798 437 831 ¹
456 794 557 864 lsrael,
992 790 1099 848 Vivens
1113 792 1200 860 91999,
1216 795 1285 867 quia
1300 793 1480 850 annuntiasti
1496 793 1532 863 ci,

150 875 180 926 ct
190 869 320 940 loqueris
334 869 423 924 verba
438 882 503 922 maa
519 868 554 922 ad
570 882 631 922 999.
1027 869 1057 919 99
1071 869 1102 918 99
1120 864 1249 921 animam
1265 870 1345 923 tuam
1362 866 1504 922 liberasti.

114 941 177 998 Noa
189 943 269 996 enirn
285 941 321 996 ad
338 939 478 1012 9999199
491 939 627 1009 99919991
638 937 783 994 sermonis
794 936 937 1009 etignots
993 935 1027 990 Et
1042 936 1117 990 19999
1133 941 1177 991 999
1191 938 1202 972 ¹
1217 952 1370 1009 superma
1386 954 1492 994 manus
1506 938 1639 1007 Domini,

185 1011 398 1083 (9999919)
423 1009 531 1082 lingue
546 1015 578 1065 tu
596 1009 732 1078 mitteris,
758 1009 794 1065 ad
817 1009 938 1065 domum
1027 1012 1056 1061 et
1071 1006 1145 1062 dixit
1159 1008 1194 1064 ad
1212 1025 1280 1065 me:

186 1083 274 1140 lsrael
293 1100 299 1139 :
993 1079 1123 1149 Surgens
1138 1081 1273 1151 egredere
1289 1081 1317 1136 in
1333 1098 1481 1155 campum,

148 1155 293 1226 nequead
311 1154 435 1225 9999199
451 1151 561 1208 991999
588 1152 726 1225 99919991
751 1151 895 1209 99999919
910 1154 939 1208 99
1028 1156 1057 1206 99
1070 1150 1111 1204 191
1126 1149 1231 1223 loquar
1246 1157 1355 1209 tecum.

149 1224 645 1299 199999119999,9999999999
665 1224 757 1297 ignoti
780 1223 936 1290 sermonis,
990 1221 1025 1276 Et
1038 1237 1162 1293 surgens
1177 1238 1315 1295 egressus
1343 1243 1410 1283 sum
1441 1227 1470 1283 in
1488 1245 1641 1302 campum,

149 1296 286 1370 quorum)
303 1314 359 1354 non
376 1297 473 1368 possis
489 1296 592 1352 audire
606 1312 755 1354 sermones
772 1311 779 1351 :
1028 1298 1057 1349 99
1070 1308 1136 1348 eccs
1150 1293 1191 1348 ibi
1208 1295 1304 1366 gloria
1320 1297 1435 1355 Domini
1453 1300 1551 1357 stabat
1567 1344 1572 1349 .

113 1369 189 1426 Etsi
206 1371 241 1426 ad
259 1369 325 1426 illos
341 1368 509 1436 mittereris,
1027 1364 1232 1447 quasigloria,
1249 1383 1337 1437 quarn
1354 1369 1410 1424 vidi
1427 1371 1516 1442 juata
1537 1373 1663 1432 fluvium
1681 1376 1792 1434 chobar

149 1441 207 1514 ipsi
224 1440 360 1496 audirent
373 1444 411 1495 te.
1027 1441 1055 1492 99
1070 1437 1162 1492 cecidi
1176 1436 1206 1492 in
1223 1438 1326 1494 199199
1343 1457 1449 1508 9999,

112 1518 224 1575 Domus
240 1516 338 1567 autem
355 1510 444 1568 lsrael
460 1508 565 1567 nolunt
580 1511 681 1568 audire
696 1515 745 1568 te:
991 1508 1025 1563 llt
1039 1523 1176 1580 egressus
1191 1509 1280 1566 estin
1296 1527 1342 1568 me
1357 1513 1529 1584 spiritos‚et
1543 1519 1652 1576 statuit
1670 1536 1718 1577 me
1732 1537 1809 1594 super

147 1584 287 1658 quoniam
304 1583 409 1640 nolunt
423 1581 526 1638 audire
541 1598 599 1639 me.
1065 1580 1152 1651 99999
1167 1595 1249 1637 9999
1266 1597 1273 1637 :

111 1657 214 1713 Omnis
229 1657 340 1729 quippe
359 1656 465 1712 domus
490 1653 579 1710 lsrael
602 1655 703 1711 attrita
727 1654 821 1710 199999
836 1655 892 1721 999,
908 1654 974 1725 etss
1027 1654 1054 1706 ct
1072 1649 1187 1707 locutus
1202 1657 1246 1708 est
1262 1652 1530 1722 9191,999191999
1547 1676 1595 1715 me
1611 1676 1619 1716 r

183 1729 257 1784 duro
273 1730 367 1783 corde.
992 1723 1158 1794 Ingredere,
1171 1728 1201 1778 et
1216 1724 1365 1783 includere
1381 1727 1410 1783 in
1427 1729 1524 1787 medie
1541 1732 1650 1790 domus
1663 1742 1729 1790 199.

111 1802 183 1857 Ecce
197 1800 264 1856 dedi
280 1799 384 1855 199199
403 1802 486 1855 9999
511 1796 703 1854 valentiorem
728 1794 859 1854 19919999
887 1810 935 1851 eo·
992 1794 1025 1849 Et
1040 1799 1081 1860 tu,
1099 1794 1139 1848 hii
1155 1793 1295 1864 hominis,

184 1888 261 1939 rum,
1026 1881 1092 1948 ecce
1106 1865 1174 1948 duatn
1188 1872 1260 1923 sunt
1275 1886 1365 1943 super
1381 1875 1410 1927 te
1433 1871 1560 1945 vincula,
1585 1880 1615 1932 99
1640 1874 1769 1950 ligabunt
1781 1884 1801 1935 19

146 1947 174 2000 99
189 1944 315 1999 1999999
331 1947 412 1998 1999
428 1941 575 1997 duriorem
591 1939 737 1997 frontibus
751 1954 863 1996 eorum.
1061 1954 1091 1991 rn
1103 1952 1146 1993 ers
1165 1952 1172 1994 :

111 2017 148 2072 Ut
162 2016 360 2081 adamantem,
376 2019 406 2074 99
425 2017 458 2068 99
480 2012 593 2067 silicem
619 2013 687 2068 9999
708 2013 812 2068 faciem
827 2015 910 2066 tuam
926 2025 934 2067 ε
1025 2012 1054 2063 99
1068 2024 1125 2063 999
1141 2009 1299 2082 egredieris
1315 2011 1345 2068 99
1361 2012 1414 2086 (Aa
1432 2015 1477 2084 de)
1492 2016 1591 2073 medio
1605 2034 1719 2075 eorum.

111 2088 152 2145 Ne
169 2089 273 2143 timess
287 2102 347 2152 ecs,
361 2098 454 2154 neque
471 2087 585 2139 metuas
600 2100 616 2138 a
632 2084 705 2140 facie
720 2098 820 2140 eorum
837 2097 844 2137 :
917 2116 920 2123 -
989 2082 1023 2133 lit
1036 2079 1170 2152 linguam
1194 2085 1277 2138 tuam
1292 2084 1439 2143 adherere
1464 2086 1570 2145 faciam
1595 2090 1695 2162 palato
1709 2097 1763 2161 tuo,
1775 2097 1796 2147 at

111 2158 531 2286 11919119819591911989ίῗωρθΓωη
546 2157 600 2223 eet,
1025 2153 1409 2299 negrdsuiliitiii'ohjurgans
1423 2229 1434 2262 ⁸
1450 2245 1457 2259 ·

112 2300 166 2357 Fili
181 2299 322 2368 hominis,
1025 2296 1095 2366 quia
1108 2296 1215 2352 domus
1230 2311 1407 2370 exasperans
1422 2306 1476 2357 est.

148 2387 250 2429 omnes
259 2385 408 2426 sermones
420 2385 589 2440 meos,quos
600 2366 704 2440 loquor
717 2367 753 2424 ad
765 2370 805 2437 99,
816 2383 935 2424 assume
989 2368 1060 2421 Cum
1072 2373 1170 2423 autem
1185 2367 1303 2425 loeutus
1319 2370 1400 2429 19999
1414 2373 1478 2446 9191,
1494 2373 1623 2447 aperiam
1637 2391 1671 2432 99
1685 2379 1792 2445 tuum,ct

184 2442 215 2498 99
231 2442 395 2507 cordetuo,
1061 2438 1140 2494 91999
1161 2438 1197 2493 99
1213 2455 1263 2495 999
1280 2456 1287 2495 :

150 2517 179 2570 99
194 2513 317 2569 9999999
332 2513 391 2568 9999
407 2511 497 2571 audi:
989 2509 1053 2565 Haec
1070 2510 1142 2566 dicit
1158 2509 1300 2567 Dominus
1317 2518 1414 2572 Deus:

115 2586 150 2640 llt
164 2586 246 2652 vade,
263 2585 416 2656 ingredere
430 2584 467 2638 ad
483 2581 784 2656 transmigrationem,
805 2582 842 2638 ad
859 2581 935 2639 tilios
990 2580 1043 2648 Qui
1057 2582 1150 2652 99919,
1166 2582 1268 2638 999199
1284 2599 1291 2639 :

184 2656 283 2730 populi
300 2655 354 2726 991,
1025 2658 1054 2709 99
1068 2653 1118 2725 qui
1134 2653 1268 2724 quiescit,
1285 2655 1439 2727 quiescat:

148 2731 177 2785 99
193 2727 321 2801 loqueris
337 2726 372 2782 ad
388 2742 449 2787 999.
465 2729 495 2782 99
506 2723 587 2782 99999
601 2726 644 2783 919
660 2740 667 2782 :
1025 2725 1095 2797 quia
1110 2725 1216 2780 domus
1231 2741 1407 2798 exasperans
1422 2733 1476 2785 999.

112 2805 178 2855 Hac
194 2800 266 2855 dicit
280 2797 422 2855 Dominus
437 2797 515 2853 Deus
532 2813 539 2854 :
989 2797 1065 2870 (Cup.
1083 2795 1143 2867 IV.)
1159 2796 1248 2864 11999,
1265 2798 1458 2868 9119991919,

149 2870 173 2928 si
190 2874 263 2928 torte
278 2870 400 2927 audiant
414 2873 443 2925 et
456 2869 619 2939 quiescant.
1026 2885 1110 2924 suine
1126 2869 1179 2923 tibi
1195 2866 1326 2940 laterem,
1343 2877 1372 2927 et
1388 2889 1479 2945 99999
1492 2889 1558 2929 999
1577 2891 1677 2932 coram
1692 2880 1738 2931 te:

112 2943 148 2998 Et
163 2947 327 3014 assumpsit
342 2957 389 2997 99
404 2941 537 3014 spiritus.
1028 2946 1057 2997 et
1072 2938 1220 2995 describes
1236 2940 1266 2995 in
1279 2958 1312 2998 eo
1328 2942 1472 3000 civitatem
1487 2944 1664 3003 Jerusalem.

149 3015 182 3069 m
197 3014 295 3070 audivi
311 3017 376 3086 post
391 3029 437 3070 me
452 3028 551 3069 vocem
573 3009 780 3067 commotionis
797 3026 910 3085 magnae
927 3027 934 3065 :
950 3033 972 3101 c
991 3017 1028 3069 m
1042 3009 1193 3068 ordinabis
1208 3012 1347 3070 adversus
1359 3030 1423 3071 eam
1437 3015 1634 3085 obsidionem,

148 3087 305 3141 Benedicta
321 3083 415 3156 gloria
430 3083 545 3139 bomini
559 3083 596 3139 de
610 3082 672 3138 loco
688 3098 741 3137 suo
757 3098 765 3137 t
1026 3089 1056 3140 ct
1079 3082 1237 3139 edificabis
1261 3086 1452 3155 munitiones,
1468 3091 1496 3144 et
1512 3090 1786 3162 comportabisagge·

112 3160 252 3212 Etvocem
264 3155 378 3211 alarum
391 3153 563 3211 animalium
575 3152 802 3225 percutientium
813 3151 935 3210 alteram
1062 3169 1135 3221 rem,

185 3229 220 3284 ad
238 3227 372 3296 alteram,
1026 3230 1054 3281 et
1069 3226 1153 3282 dabis
1168 3231 1270 3284 contra
1284 3245 1348 3285 eam
1365 3234 1469 3302 eastra,

148 3303 177 3353 et
192 3316 291 3356 vocem
308 3304 439 3355 rotarum
455 3295 642 3368 sequentium
658 3294 809 3365 animalia,
1025 3302 1053 3352 ct
1068 3314 1158 3369 99999
1174 3298 1280 3355 arietes
1294 3303 1322 3355 in
1339 3317 1420 3373 gyro.

146 3375 175 3425 et
186 3387 288 3427 vocem
304 3369 513 3426 commotionis
529 3383 651 3438 magnac.
988 3371 1024 3425 Et
1041 3372 1084 3439 tu,
1100 3385 1185 3425 9999
1201 3371 1253 3427 9191
1269 3373 1449 3445 sartaginem
1465 3372 1603 3439 terream,

110 3440 239 3513 Spiritus
254 3457 370 3514 quoque
386 3440 490 3495 levavit
504 3454 561 3507 me,
577 3442 607 3492 st
621 3436 785 3520 assumpsit
800 3453 847 3492 me
863 3455 870 3494 :
1024 3444 1054 3494 99
1069 3456 1158 3510 99999
1169 3458 1234 3497 999
1246 3442 1274 3498 99
1288 3459 1404 3499 99999
1421 3444 1547 3501 terreum
1563 3447 1642 3503 inter
1656 3450 1683 3503 te
1697 3445 1786 3503 991919

147 3516 176 3570 99
191 3513 249 3569 9191
267 3528 384 3568 amarus
399 3511 429 3566 in
442 3509 646 3582 indignatione
660 3509 783 3580 spiritus
798 3508 855 3564 mei
872 3524 879 3565 :
1060 3511 1208 3568 civitatem
1227 3530 1233 3568 :

111 3584 216 3640 1119999
232 3582 310 3639 9999
329 3581 443 3639 Domini
457 3586 521 3638 erat
535 3595 662 3648 mecum,
988 3583 1024 3638 Et
1038 3582 1209 3640 obfirmabis
1225 3584 1327 3640 faciem
1345 3593 1424 3642 tuam
1438 3587 1473 3642 ad
1490 3605 1567 3648 eum.

146 3657 312 3713 confortans
329 3670 387 3722 me,
1023 3655 1166 3711 99991919
1182 3655 1375 3724 9991919999,
1391 3665 1420 3713 99
1434 3659 1635 3718 circumdabis
1650 3678 1711 3718 sam
1727 3677 1733 3717 :

109 3731 145 3784 m
159 3727 223 3785 veni
244 3727 280 3783 ad
307 3722 608 3796 transmigrationem,
632 3737 768 3779 acervum
793 3737 932 3779 novarum
1024 3724 1142 3797 signum
1159 3732 1204 3783 999
1219 3728 1320 3784 99991
1336 3728 1436 3785 lsrael.

182 3799 314 3870 frugum,
330 3798 366 3854 ad
382 3811 432 3853 eos
447 3794 497 3866 qui
511 3794 686 3851 habitabant
708 3794 795 3865 Juxta
808 3794 932 3866 chobar,
988 3798 1022 3853 ut
1035 3802 1067 3852 tu
1083 3797 1210 3854 dormies
1226 3816 1314 3871 super
1328 3799 1406 3856 latas
1421 3807 1505 3857 9999
1520 3802 1687 3873 sinistrum,

146 3875 176 3926 99
191 3870 254 3926 9991
269 3870 318 3926 991
335 3868 377 3924 9111
393 3867 558 3924 sedebant:
1023 3872 1051 3923 et
1066 3885 1157 3940 pones
1172 3869 1342 3942 iniquitates
1358 3873 1464 3929 domus
1479 3874 1570 3930 lsrael
1586 3892 1677 3948 99999
1691 3893 1732 3939 cc.

146 3947 174 3998 99
190 3942 287 3998 mansi
303 3941 344 3998 ibi
356 3935 762 4012 septemdiehusmoerensin
779 3936 934 3994 mediceo·
1024 3956 1147 3997 numero
1162 3941 1276 3998 dicrum
1293 3943 1402 4026 quihus
1417 3944 1547 4002 dormies
1562 3964 1653 4019 super
1668 3947 1746 4013 91199,

184 4029 262 4068 999.
1023 4017 1052 4066 99
1066 4028 1201 4069 assumes
1218 4013 1403 4097 iniqurtatem
1419 4033 1531 4073 eorum.

109 4087 183 4140 Cum
198 4088 296 4139 autem
312 4080 544 4156 pertransissent
558 4082 669 4163 septem
683 4079 756 4145 9199,
987 4087 1045 4155 Ego
1062 4089 1161 4138 autem
1175 4085 1241 4140 dedi
1257 4085 1310 4140 9191
1323 4103 1415 4143 99999
1431 4087 1600 4160 iniquitatis
1616 4105 1728 4154 eorum,

145 4155 256 4211 iactum
273 4160 319 4209 est
333 4153 453 4209 verbum
470 4150 586 4209 Domina
602 4152 637 4208 ad
655 4166 711 4220 me,
727 4151 828 4208 dicens
843 4165 851 4206 τ
1022 4171 1146 4211 999999
1160 4155 1275 4212 919999
1292 4162 1439 4214 trecentos
1454 4165 1483 4215 99
1498 4160 1662 4232 nonaginta
1676 4162 1755 4218 dies:

109 4225 162 4284 Fili
178 4225 317 4297 hominis,
1022 4230 1049 4282 et
1066 4227 1198 4297 portabis
1214 4227 1401 4299 iniquitatem
1418 4231 1524 4289 domus
1541 4230 1643 4289 lsrael.

144 4298 359 4370 speculatorem
373 4296 439 4352 dedi
454 4298 482 4351 te
496 4295 599 4351 domui
616 4293 704 4351 lsrael
718 4311 724 4351 :
989 4298 1023 4354 119
1037 4312 1105 4352 999
1119 4297 1308 4370 compleveris
1323 4299 1396 4372 999,

144 4373 174 4425 99
187 4368 288 4425 audies
304 4369 340 4424 de
356 4384 406 4425 ore
421 4382 485 4424 999
499 4367 634 4439 999999,
946 4374 971 4440 1}
1022 4369 1151 4425 dormies
1167 4387 1255 4440 super
1268 4370 1346 4428 latus
1363 4378 1448 4430 9999
1474 4373 1628 4431 dexterum
1644 4375 1779 4431 secundo:

144 4445 174 4498 et
188 4440 379 4497 annuntiabis
394 4439 436 4496 919
452 4455 486 4495 ea
501 4455 547 4495 mc
564 4456 571 4496 ε
1024 4445 1052 4497 99
1067 4457 1200 4498 assumes
1210 4443 1396 4515 iniquitatem
1409 4445 1516 4501 domus
1530 4446 1607 4503 1999
1618 4446 1794 4521 quadraginta

107 4511 138 4567 si
155 4511 272 4569 dicente
287 4528 334 4569 me
348 4512 384 4567 ad
400 4511 525 4584 impium
543 4527 551 4567 ε
568 4510 660 4566 Morte
675 4507 820 4578 99919919,
1057 4511 1172 4568 diebus.

146 4600 204 4640 non
231 4583 451 4641 annuntiaveris
475 4584 512 4649 ei,
538 4596 633 4655 neque
657 4580 776 4637 locutus
796 4579 885 4636 199999
900 4580 934 4635 ut
986 4583 1067 4639 Diem
1083 4600 1136 4657 pro
1152 4600 1241 4652 anno,

181 4660 331 4712 avertatur
345 4654 424 4736 alvia
438 4669 492 4710 aua
504 4653 606 4725 99919,
617 4655 647 4708 99
660 4652 739 4734 vivat
755 4668 763 4708 t
1022 4655 1111 4726 diem,
1128 4655 1263 4727 inquam,
1279 4672 1331 4729 pro
1348 4674 1425 4714 anno
1441 4658 1589 4717 99999191.

111 4729 177 4798 1999
192 4728 302 4798 impius
318 4726 348 4782 in
362 4725 518 4796 iniquitate
533 4740 587 4780 aaa
602 4725 753 4788 morietur,
845 4790 853 4804 ⁹
987 4726 1080 4783 11999
1106 4727 1290 4783 ohsidionem
1323 4727 1488 4788 Jerusalem
1522 4736 1677 4791 convertes
1711 4732 1799 4791 199199

146 4799 321 4872 sanguinem
337 4800 436 4853 autem
452 4795 568 4866 ejusde
583 4809 672 4875 manu
696 4796 748 4848 tua
772 4807 931 4864 requiram.
1056 4806 1153 4865 tuam,

111 4868 139 4924 si
157 4875 255 4926 autem
271 4874 303 4924 tu
317 4865 538 4924 annuntiaveris
551 4865 652 4937 impio,
1021 4871 1050 4925 et
1064 4870 1219 4927 brachium
1239 4874 1325 4927 tuum
1342 4871 1398 4927 erit
1421 4876 1572 4931 extentum
1586 4876 1642 4946 (st.
1659 4877 1801 4946 exertum).

145 4944 174 4997 et
187 4940 237 4996 ills
251 4955 309 4996 non
326 4938 414 4994 luerit
427 4952 586 5020 conserens
598 4935 635 5019 ab
648 4933 799 5019 impietate
808 4934 863 5008 (dl.
874 4933 934 4993 ini·
1021 4944 1050 4996 et
1065 4940 1256 5014 prophetabis
1271 4942 1412 5000 adversus
1426 4961 1502 5001 eam.

180 5010 303 5084 quitata)
317 5025 383 5076 aua,
398 5012 428 5064 99
442 5025 519 5064 avia
533 5024 586 5064 sua
604 5022 696 5078 rmpra
712 5023 720 5063 :
986 5014 1058 5070 Ecce
1074 5013 1254 5070 circumdedi
1269 5018 1298 5071 te
1312 5014 1450 5083 vinculis,

110 5085 175 5155 Ipse
190 5082 308 5156 quidem
323 5079 354 5135 in
370 5079 528 5151 iniquitate
543 5095 598 5163 aaa
611 5078 763 5149 morietur,
1022 5088 1051 5139 et
1066 5100 1124 5140 non
1140 5090 1169 5142 te
1188 5090 1340 5142 convertes
1363 5086 1483 5144 alatere
1498 5091 1549 5144 999
1565 5087 1595 5144 99
1623 5090 1705 5150 latus
1727 5090 1807 5156 91199,

143 5157 176 5209 99
193 5156 292 5210 autem
307 5150 437 5209 animem
454 5153 536 5207 luam
552 5149 695 5207 99999991.
1023 5155 1115 5212 99999
1130 5157 1277 5241 compleas
1294 5157 1357 5214 9199
1375 5159 1541 5217 obsidionis
1555 5164 1624 5218 999.

109 5225 164 5283 Sed
178 5225 247 5283 etsi
263 5221 535 5310 conversusjustus
563 5239 581 5279 a
605 5221 724 5294 justitia
748 5238 803 5278 sua
831 5222 933 5279 lecerit
987 5226 1067 5282 19999
1084 5245 1169 5285 sume
1184 5229 1237 5285 9191
1254 5229 1447 5298 trumentum,
1463 5234 1491 5286 et
1508 5231 1664 5316 hordeum,

179 5297 366 5370 iniquitatem
382 5311 389 5351 :
1022 5297 1174 5367 9919999,
1190 5299 1355 5368 99199999,
1370 5306 1399 5357 99
1414 5302 1544 5373 milium,
1558 5307 1588 5360 99
1604 5306 1714 5364 viciam
1733 5325 1741 5365 r

147 5384 254 5440 ponam
269 5363 480 5426 offendiculum
496 5381 594 5423 coram
609 5380 643 5422 so
985 5368 1022 5425 Et
1037 5369 1138 5428 mittes
1153 5372 1227 5428 9919
1243 5388 1294 5428 999
1310 5389 1414 5445 unum,

145 5583 153 5617 ¹
169 5583 202 5637 ln
218 5582 430 5639 commentario
447 5592 455 5636 t
474 5577 554 5652 Vade,
569 5577 749 5652 9919999999
759 5579 799 5636 ud
808 5578 931 5652 domum,
986 5585 1063 5656 quod
1080 5589 1109 5642 et
1124 5585 1154 5641 in
1171 5585 1290 5643 Hebrae
1305 5592 1424 5644 resonat
1440 5598 1501 5648 999.

107 5654 178 5756 9999
195 5653 518 5738 9999199119999993
537 5635 586 5742 95
815 5720 822 5734 .
914 5720 921 5734 ‚
1020 5656 1099 5712 ⁸Hic
1111 5673 1227 5730 qnoque
1241 5659 1378 5732 proprius
1403 5660 1438 5716 ed
1454 5660 1612 5718 Hehraeum
1636 5664 1819 5743 additurpro

165 5720 317 5782 Interserrt
340 5729 369 5782 S.
393 5724 539 5796 Interpree
569 5722 601 5781 in
631 5724 853 5795 commentario,
877 5721 930 5794 aas,
986 5743 1093 5786 nornen
1108 5743 1165 5787 999.
