3870 6120
63 302 124 367 ter
769 303 1077 371 secundatione.
1711 302 1773 376 15⁸

64 449 139 495 cnm
156 435 328 518 unicuique
354 435 401 499 rei
424 436 565 500 debitum
595 441 720 516 tempus
734 437 895 518 impertire
908 445 937 512 Α
950 442 980 497 et
993 437 1139 498 secunda.
1170 435 1341 498 Proverbia
1368 456 1488 519 quoque
1517 437 1699 500 Salomonis
1718 459 1773 500 ex-

62 530 166 611 licuit‚
202 534 241 595 de
287 533 347 595 hac
390 534 603 597 inconstantia
637 533 787 596 lectorem
831 537 897 615 ipsa
952 540 1081 595 tremum
1095 534 1219 595 claudit
1245 533 1453 616 alphabetum,
1482 537 1567 617 quod
1593 541 1772 599 tetrametro

63 647 158 691 sunm
174 632 378 711 praemonuit,
408 632 482 693 dum
512 650 628 694 nomen
657 653 741 729 epp-r
765 633 897 716 Daphea
952 631 1083 694 iambico
1110 637 1308 714 supputatur,
1335 632 1374 693 ab
1401 654 1434 694 ea
1458 632 1536 712 laco,
1567 635 1599 693 in
1623 637 1770 715 quoait:

61 726 302 809 (Numnam,
334 731 387 811 12)
414 731 678 810 interpretaretur
704 732 796 811 epist.
827 735 896 806 127,
951 731 1117 792 Mulierem
1145 731 1258 792 iortem
1288 730 1358 809 quis
1385 731 1523 793 inveniet
1549 732 1657 811 (Prae.
1684 749 1772 808 xxxl,

63 827 230 889 mansione
242 829 262 889 o
276 846 283 889 :
299 827 373 890 Hoc
387 848 508 908 menen,
524 829 637 907 inquit,
652 830 737 910 apud
746 829 897 891 Hebraeas
952 829 1026 911 10)?
1041 832 1144 908 Opera
1169 827 1347 890 Salomonis
1376 835 1407 890 et
1433 831 1595 891 (lenticum
1624 830 1771 892 Deutero-

61 935 174 1006 κροῦμα
203 927 240 987 id
267 934 325 1003 ast,
348 926 493 1009 pulsatio
521 927 652 1000 dieitur,
671 927 771 1007 juata
813 928 898 1008 quod
951 927 1060 1002 uomii,
1091 946 1161 1006 quae
1191 926 1380 988 hexametris
1408 931 1439 988 et
1466 928 1670 1007 pentametris
1688 929 1772 1008 apnd

60 1037 89 1083 er
114 1023 280 1086 Dominus
308 1027 375 1087 ait:
406 1027 534 1089 Pulsate
562 1034 593 1088 et
620 1027 780 1106 aperietur
808 1028 897 1090 vobis
950 1045 1022 1087 suos
1052 1026 1228 1106 composita
1255 1026 1420 1087 decurrere
1451 1026 1558 1087 docuit
1584 1027 1774 1089 Praeiatione
1894 1080 1897 1085 .

60 1121 151 1202 (Luc,
169 1124 329 1204 x1‚ti).ln
356 1123 439 1186 libra
463 1131 564 1186 autem
593 1124 825 1187 Hebraicorum
840 1146 895 1186 no·
949 1123 982 1184 in
996 1123 1152 1186 Chronica
1178 1125 1315 1198 Eusebii,
1344 1124 1449 1186 hinad
1474 1123 1606 1185 Paulam
1622 1124 1772 1198 scribens,

60 1221 198 1302 minum,
216 1221 438 1303 ahdresianem,
469 1224 730 1305 retentionemque
753 1230 897 1285 transtu-
949 1223 1062 1284 asserit
1089 1229 1271 1285 tetrametro
1307 1223 1443 1285 iambico
1470 1222 1580 1284 endem
1621 1222 1774 1300 opuscula

59 1317 173 1397 limus,
189 1319 275 1401 quad
301 1319 445 1381 lectorem
469 1320 597 1382 turbare
624 1341 685 1382 uon
714 1320 813 1396 debet,
842 1341 897 1382 nec
949 1327 1104 1383 constare.
1130 1322 1240 1383 lttelins
1261 1321 1320 1382 sibi
1349 1321 1517 1382 constatis
1535 1319 1674 1380 versibus
1688 1318 1772 1394 lehi,

55 1422 147 1496 putet
162 1437 221 1478 nos
236 1417 437 1480 dissonantia
464 1417 610 1480 scribere.
626 1418 679 1480 Ibi
696 1419 790 1492 enim,
798 1419 896 1499 juxta
949 1418 1091 1479 aitenim
1119 1419 1309 1481 Praeiatione
1337 1418 1370 1479 in
1397 1419 1543 1480 eumdem
1572 1418 1712 1481 librum:
1738 1417 1769 1480 A

59 1514 117 1576 hoc
130 1517 224 1598 quod
238 1518 336 1600 uulgo
350 1517 493 1593 habetur,
522 1519 693 1593 edidimus,
715 1520 746 1581 si
759 1519 896 1581 medium
942 1516 1104 1599 principio
1138 1517 1243 1596 itaque
1278 1516 1448 1578 voluminis
1489 1536 1586 1597 usque
1613 1516 1656 1577 ad
1683 1515 1775 1576 verba

59 1612 191 1674 uerbum
234 1614 395 1677 scribatur
430 1625 489 1698 per
529 1635 607 1679 aare
650 1617 813 1678 litteram:
845 1615 897 1678 hic
948 1613 1016 1695 lab,
1032 1615 1116 1697 apud
1143 1613 1293 1677 Hebraeas
1317 1623 1414 1696 prosa
1440 1615 1543 1676 oratio
1565 1618 1622 1676 est.
1638 1612 1775 1679 Porroa

60 1717 165 1772 autem
182 1712 218 1772 in
245 1712 405 1775 Hebraico
434 1712 590 1784 uolumine
616 1715 768 1797 scriptum
795 1714 897 1797 reperi
950 1711 1048 1774 verbis
1079 1711 1145 1788 lob,
1176 1712 1209 1773 iu
1245 1711 1359 1794 quibus
1387 1712 1465 1774 ait:
1495 1713 1609 1775 Pereat
1633 1712 1710 1783 dics,
1740 1711 1774 1773 in

55 1817 113 1891 per
144 1827 221 1883 ras,
250 1811 336 1892 quad
362 1811 543 1873 elementum
570 1813 676 1894 magis
686 1813 896 1895 pulsationem
912 1814 935 1879 B
951 1830 1015 1889 qna
1029 1817 1121 1873 natus
1136 1830 1216 1883 sum,
1232 1817 1289 1872 etc.
1314 1809 1394 1891 tlab.
1411 1827 1457 1890 111,
1477 1811 1520 1890 3),
1538 1829 1635 1891 usque
1649 1811 1691 1871 ad
1705 1829 1773 1871 eum

60 1928 155 1989 quam
182 1908 347 1989 glutinum
376 1916 504 1974 sanat...
541 1911 733 1972 Prudentem
772 1911 895 1972 studia·
950 1908 1064 1983 laeum,
1081 1908 1135 1970 ubi
1149 1914 1220 1969 anta
1240 1908 1337 1981 finem
1365 1908 1773 1990 voluminisscriptumest.

61 2025 197 2086 sumque
237 2006 381 2067 lectorem
423 2013 570 2089 rogatum
613 2007 716 2082 aelim,
744 2014 779 2070 ut
816 2010 898 2069 sciat
950 2008 1073 2069 Idcirco
1100 2008 1167 2087 ipae
1197 2026 1246 2068 me
1275 2007 1485 2086 reprehendo,
1513 2011 1570 2068 ete.
1601 2004 1680 2086 (lob.
1697 2022 1774 2080 xcii,

61 2122 106 2163 me
135 2109 258 2165 amtere
285 2105 413 2166 nomina
436 2111 531 2178 juata
558 2104 751 2167 Hebraieam
780 2106 896 2166 uerita·
950 2106 994 2184 6),
1025 2103 1196 2166 hexametri
1237 2125 1344 2166 versus
1385 2109 1469 2179 sunt,
1500 2103 1636 2180 dactylo,
1679 2112 1773 2186 span·

60 2209 130 2265 tem.
149 2204 311 2287 Alioquin
329 2206 363 2266 in
395 2205 519 2269 Graecis
539 2213 569 2267 et
582 2206 707 2268 Latinis
721 2206 894 2286 codicibus,
949 2204 1074 2285 deoque
1101 2209 1272 2284 currentes,
1300 2208 1330 2263 et
1350 2209 1480 2286 propter
1494 2202 1614 2284 linguae
1641 2201 1771 2283 idioma,

60 2307 175 2365 urerer
193 2309 313 2385 pauca,
343 2305 449 2365 onmia
477 2311 625 2387 corrupta
654 2305 837 2387 reperimus,
866 2311 895 2365 et
948 2301 1055 2363 crebro
1083 2303 1281 2384 recipiendos
1308 2307 1338 2362 et
1363 2300 1445 2363 alios
1451 2301 1561 2383 pedes,
1577 2320 1639 2362 nare
1653 2320 1771 2361 earum·

61 2400 162 2459 miror
188 2401 343 2482 quosdam
371 2402 514 2464 eruditos
541 2409 571 2463 et
597 2403 824 2464 ecclesiasticas
846 2404 895 2464 oi·
948 2400 1017 2460 dem
1044 2399 1250 2479 sellabarum,
1292 2400 1347 2460 sed
1373 2400 1548 2461 earumdem
1588 2405 1770 2480 temporum.

62 2519 114 2560 ros
141 2519 179 2560 ea
208 2499 348 2561 valuisse
376 2504 560 2582 transferre,
588 2521 656 2583 quea
684 2503 717 2563 in
735 2501 894 2564 Hebraico
949 2497 1111 2559 Interdum
1127 2518 1246 2580 quoque
1260 2496 1403 2570 rythmus
1419 2499 1484 2579 epse
1503 2497 1609 2559 dulcis
1623 2503 1653 2557 et
1667 2496 1772 2557 tinnu-

64 2616 127 2658 πον
157 2595 326 2678 habentur,
358 2606 418 2660 etc.
448 2601 543 2662 latius
568 2601 793 2680 admonitionis
821 2620 895 2662 mox
949 2595 1001 2657 lus
1014 2599 1118 2665 fertur
1145 2597 1284 2657 numeris
1312 2596 1382 2677 lege
1409 2596 1502 2657 metri
1528 2594 1663 2657 salutis:
1688 2593 1773 2676 quod

62 2696 226 2758 recordari
244 2697 426 2776 oportebit;
443 2698 518 2777 quia
532 2699 690 2761 canticum
705 2703 896 2762 Deuterouo-
949 2694 1073 2754 metrici
1106 2694 1212 2774 magis
1239 2713 1331 2774 quam
1359 2692 1491 2777 simplex
1517 2692 1625 2771 lector,
1653 2689 1773 2752 intelli·

64 2794 117 2855 mii
164 2794 247 2876 (cap.
293 2812 392 2875 xxxn,
436 2816 516 2858 cers.
561 2797 654 2878 143),
693 2798 778 2877 quod
804 2798 894 2860 lose·
947 2798 1067 2873 gunt...
1088 2790 1184 2870 Quod
1210 2791 1306 2852 sicui
1333 2791 1458 2853 videtur
1483 2788 1691 2868 incredulum,
1708 2808 1772 2848 rne-

65 2890 395 2972 phumetOrigauem
421 2911 517 2973 snpra
539 2901 666 2955 secutus
690 2914 780 2957 versu
796 2896 893 2958 hexa-
949 2895 999 2950 tra
1027 2889 1149 2950 seilicet
1175 2908 1241 2949 esse
1267 2889 1352 2970 apud
1378 2887 1539 2967 Hebraeos,
1565 2886 1642 2947 etin
1657 2905 1772 2946 morem
1890 2956 1893 2961 Ι

67 2995 171 3050 metro
185 2989 400 3070 compositum
424 2990 535 3064 votuit,
561 2991 697 3055 iambico
712 3000 894 3056 tetrametro
949 2986 1068 3064 Flacci,
1088 2986 1253 3068 Gnaeique
1279 2987 1430 3067 Pindari,
1458 2985 1562 3048 Alcei
1588 2990 1618 3045 et
1633 2981 1769 3066 Sappho,
1879 3015 1882 3021 ,
1913 2989 1916 2993 '

68 3092 214 3148 comme
254 3087 442 3150 testificatur
478 3087 571 3168 epist.
601 3092 670 3162 155,
694 3091 733 3151 ad
761 3092 894 3153 Pnnlnm
949 3085 997 3147 ael
1024 3085 1229 3165 Psalterium,
1267 3084 1316 3146 uel
1349 3084 1596 3147 Lamentationes
1622 3080 1772 3160 Ieremia,

65 3183 228 3259 Urbicus,
254 3184 288 3246 in
315 3204 381 3266 qua
407 3185 447 3247 de
471 3185 605 3248 Psalmis
633 3195 664 3249 et
692 3189 813 3250 caeteris
832 3208 894 3251 me.
910 3187 932 3251 c
951 3182 1000 3243 vel
1013 3183 1117 3245 omnia
1135 3186 1241 3261 ferme
1266 3182 1504 3265 Scripturarum
1535 3180 1671 3242 Cantica
1689 3199 1774 3240 eom-

66 3281 151 3345 trieis
192 3283 478 3363 compositionibus
520 3291 570 3346 snt
623 3285 749 3348 abunde
791 3287 896 3368 dispu·
941 3280 1110 3363 prehendi,
1131 3281 1216 3363 legat
1245 3281 1423 3361 Philonem,
1446 3279 1622 3363 losephum,
1655 3277 1775 3359 Orige-

64 3379 169 3441 avit:
200 3383 250 3440 Ac
271 3380 460 3462 priusquam
489 3381 528 3442 de
555 3382 699 3463 singulis
727 3384 893 3466 disseram,
949 3399 1027 3452 nem,
1049 3378 1275 3441 Caesariensem
1303 3377 1485 3456 Eusebium,
1515 3383 1545 3438 et
1567 3397 1674 3439 aarum
1688 3375 1776 3438 testi·

67 3476 121 3551 stt,
151 3477 237 3537 scire
271 3476 363 3538 debes
390 3484 527 3559 quatuor
554 3479 700 3542 Psalmos
725 3483 895 3543 seeundum
950 3477 1052 3538 martia
1080 3497 1128 3538 rue
1156 3498 1260 3538 oerum
1288 3478 1391 3538 dicere
1424 3474 1644 3558 comprobabit.
1682 3474 1775 3538 Psal-

68 3575 210 3636 ordinern
239 3573 445 3639 Hebrearum
488 3577 623 3659 incipere
663 3578 893 3660 elementorum,
951 3575 1160 3655 mogrnphum
1189 3594 1315 3656 qnoque
1344 3576 1493 3638 Davidem
1519 3582 1662 3636 nostrum
1677 3591 1775 3634 semn-

66 3671 265 3733 centesimum
293 3672 447 3734 decimum
475 3679 505 3733 et
536 3674 736 3736 centesimum
766 3676 896 3737 uudeei-
950 3675 1015 3737 lum
1057 3676 1169 3756 objicit
1207 3677 1324 3740 Graecis
1365 3677 1548 3756 Latinisque
1589 3675 1703 3755 poetis,
1741 3673 1774 3734 in

68 3768 430 3851 nurn‚ethuncdequa
458 3791 541 3832 nunc
554 3771 735 3844 scribimus,
751 3779 781 3833 et
794 3780 896 3834 ceute·
951 3775 1085 3853 epistola
1124 3776 1163 3837 ad
1195 3775 1361 3837 Paulinum
1402 3775 1520 3855 scripta
1559 3773 1599 3834 de
1626 3772 1774 3833 omnihus

66 3866 177 3927 simunt
206 3867 489 3948 quadragesimum
517 3875 675 3949 quartum.
713 3868 824 3932 Verum
840 3873 896 3932 de·
950 3873 1065 3935 divinae
1080 3873 1223 3935 Historiae
1251 3874 1362 3946 libris;
1391 3872 1502 3933 David
1528 3870 1707 3931 Simonides
1722 3889 1774 3929 no·

68 3962 210 4026 hesscire
227 3965 260 4025 in
272 3964 437 4047 prioribus
452 3966 605 4046 Psalmis,
622 3967 895 4049 siugulislitteris
948 3976 1023 4051 ster,
1057 3972 1170 4052 inquit,
1207 3972 1384 4042 Pindarus,
1414 3976 1444 4031 et
1470 3969 1608 4048 Alenus,
1637 3965 1773 4029 Flaccus

67 4062 211 4144 singulas
251 4062 435 4143 uersiculos,
479 4065 534 4145 qui
577 4066 719 4127 trimetro
762 4066 895 4129 iambica
948 4090 1078 4151 quoque,
1118 4069 1265 4134 Catullus
1302 4075 1393 4149 atque
1428 4069 1574 4139 Serenus,
1610 4064 1772 4127 Christum
1871 4128 1877 4139 ,

66 4167 218 4240 constant,
247 4180 315 4221 esse
340 4160 524 4223 subnexos:
556 4163 723 4239 infimiores
751 4184 821 4225 vero
850 4170 893 4224 te·
948 4166 1018 4242 lyra
1042 4173 1200 4248 personat,
1231 4173 1260 4226 ct
1286 4166 1319 4227 in
1346 4163 1539 4226 decachordo
1557 4163 1718 4238 Psalteria
1733 4162 1772 4226 ab

66 4263 210 4319 tremetro
239 4256 373 4320 iambico
400 4265 552 4334 constare,
583 4261 681 4321 sicuti
695 4267 725 4322 at
738 4261 895 4323 Deutero-
949 4263 1062 4330 inferis
1104 4265 1219 4325 excitat
1261 4269 1487 4345 resurgentem.
1533 4262 1623 4335 Onod
1671 4281 1772 4342 genna

66 4355 157 4415 samii
187 4352 361 4416 Canticum
388 4355 621 4438 scriptumest.
651 4356 690 4418 Iu
720 4359 894 4419 centesimo
947 4362 1096 4422 carminis
1124 4362 1213 4442 lyrici
1240 4362 1400 4442 conceptis
1428 4360 1531 4423 verbis
1558 4361 1670 4423 iterum
1688 4379 1771 4440 prae·

67 4450 178 4513 decima
191 4456 300 4513 octavo
315 4451 457 4533 Psalmo,
482 4452 632 4535 singulas
647 4454 772 4516 litteras
787 4457 895 4517 actoni
948 4460 1033 4521 dicat
1060 4460 1114 4521 lib.
1144 4477 1174 4522 tx
1204 4460 1512 4523 Commentariorum
1548 4459 1580 4521 in
1608 4477 1680 4539 cap.
1708 4476 1771 4522 xxx

68 4556 372 4631 cersussequuntur.
404 4550 443 4612 In
472 4554 638 4615 centesimo
654 4553 895 4634 quadragesimo
911 4556 933 4621 li
949 4558 1122 4620 Ezechielis
1150 4557 1338 4639 prophetae:
1367 4556 1431 4618 Sed
1447 4557 1480 4618 in
1506 4556 1648 4618 Psalmis
1652 4556 1772 4634 facilis

67 4655 171 4727 quarto
185 4647 334 4729 singulis
362 4648 481 4711 litteris
508 4651 635 4733 singuli
663 4671 771 4713 uersus
794 4652 889 4733 depu·
947 4657 1106 4739 responsio
1133 4662 1189 4733 est,
1233 4676 1357 4717 carmen
1398 4676 1463 4716 esse
1505 4654 1708 4727 turicremas
1736 4654 1770 4715 in

66 4753 179 4810 untur.
197 4751 285 4811 Sunt
311 4748 369 4830 qui
395 4755 426 4810 et
452 4750 535 4813 alios
564 4750 621 4814 hae
648 4752 760 4813 ordine
777 4758 892 4833 putant
946 4752 1131 4833 hujusmodi
1157 4763 1245 4837 opere
1274 4774 1335 4815 uon
1370 4753 1470 4836 quaeri
1496 4752 1638 4814 ordinem
1667 4751 1771 4814 histo-

65 4846 211 4929 incipere,
237 4847 295 4907 sed
313 4847 408 4925 salsa
435 4869 539 4910 eorum
568 4850 673 4932 opinio
701 4855 758 4911 est.
782 4849 891 4911 Habes
945 4853 1011 4931 riae,
1028 4853 1084 4912 scd
1104 4856 1259 4925 factorum
1287 4854 1428 4914 carmina
1445 4851 1660 4934 singulorum.
1686 4854 1770 4913 Prte-

62 4951 88 5004 rt
115 4945 152 5006 in
180 4943 474 5008 lamentationibus
509 4946 650 5016 Ieremia
678 4953 813 5029 quatuor
839 4947 891 5009 al·
944 4951 1063 5013 tatione
1103 4952 1231 5014 demum
1274 4954 1306 5014 iu
1340 4953 1512 5014 Jeremiam
1554 4949 1770 5031 quadruplicis

55 5046 235 5128 phabet0,e
260 5046 377 5128 quibus
404 5049 467 5111 duo
493 5050 598 5131 prima
623 5051 716 5132 quasi
734 5048 889 5132 Sapphico
945 5049 1117 5128 alphabeti,
1147 5057 1178 5112 et
1208 5070 1362 5113 mensurae
1392 5051 1484 5112 metri
1512 5051 1703 5111 mentionem
1724 5047 1770 5108 ie·

61 5150 156 5205 aetra
169 5144 293 5226 scripta
321 5151 417 5222 sunt,·
446 5145 521 5226 quia
549 5152 613 5207 tres
640 5146 812 5208 uersiculos
833 5147 890 5229 qui
944 5147 986 5208 cit
1014 5147 1062 5207 his
1089 5149 1216 5210 verbis:
1253 5148 1343 5211 Unde
1371 5149 1404 5209 in
1431 5147 1514 5215 luda
1542 5151 1673 5224 lautum,
1689 5147 1720 5203 et
1734 5143 1768 5204 iu

57 5241 120 5303 sibi
133 5241 270 5303 commi
282 5247 369 5315 sunt,
398 5248 429 5302 et
442 5242 480 5304 ab
496 5263 557 5305 una
581 5249 701 5305 tantum
714 5244 822 5305 littera
838 5245 888 5305 iu·
943 5243 1113 5324 Benjamin
1137 5246 1345 5329 prophetavit,
1373 5253 1403 5306 et
1426 5245 1566 5308 civitatis
1579 5262 1643 5304 sure
1655 5241 1767 5302 ruinae

57 5340 193 5423 cipiunt,
222 5337 359 5403 Hernici
385 5360 502 5403 comma
530 5341 700 5406 concludit.
750 5341 773 5404 Τ
774 5343 887 5404 artium
943 5343 1146 5424 quadruplici
1192 5345 1324 5426 planxit
1376 5342 1549 5428 alphabeto,
1598 5339 1682 5422 quod
1710 5356 1767 5399 uos

59 5459 130 5501 ano
158 5435 358 5520 alphabetum
387 5438 530 5501 trimetro
557 5440 708 5522 scribtum
737 5446 793 5514 est,
821 5446 852 5501 et
869 5462 888 5501 a
943 5460 1094 5504 mensurae
1109 5443 1201 5503 metri
1227 5443 1426 5526 versibusque
1453 5440 1663 5503 reddidimus.
1693 5437 1767 5499 ilaec

59 5536 162 5599 mnis
175 5534 309 5614 litteris,
336 5537 394 5599 scd
419 5537 535 5598 eisdem
564 5539 647 5599 terni
674 5557 782 5600 versus
806 5538 889 5600 inci·
942 5547 1017 5601 aunt
1043 5539 1113 5603 loca
1141 5541 1326 5622 celebriora,
1356 5549 1391 5604 ut
1421 5550 1508 5620 puto,
1538 5538 1571 5600 iu
1601 5537 1716 5616 quibus
1736 5540 1768 5595 et

54 5635 165 5718 piune.
184 5630 344 5715 ρκανιια
369 5632 568 5719 elchabetum
595 5636 702 5699 simile
728 5638 888 5720 estprimo
941 5655 1045 5715 suam,
1072 5644 1105 5701 et
1144 5657 1372 5720 praecessorum
1413 5650 1544 5701 snorum
1585 5637 1783 5719 opinionem.
