3878 6150
668 267 777 323 otene
794 264 868 322 ten.
1550 275 1620 331 libb

82 402 126 444 tus
140 386 240 444 locum
257 388 447 460 penitentie,
750 397 777 461 Α
792 389 855 445 Non
875 385 1034 458 loquentur
1048 386 1126 445 iahia
1140 405 1206 447 mea
1221 390 1422 466 iniquitatem,

82 459 181 515 retitur
195 475 228 515 eo
244 460 273 515 in
289 461 456 532 superbiam
474 477 481 516 :
828 475 881 514 nec
897 458 996 530 lingon
1015 475 1081 516 mea
1098 462 1290 521 meditabitur
1305 467 1504 526 menducium.

81 546 134 587 em
149 531 213 601 ejus
225 531 335 587 suntin
348 533 403 588 viis
419 531 509 588 illius.
785 531 872 587 Absit
885 546 903 586 a
917 546 963 585 me
978 535 1010 586 ot
1019 532 1117 601 justos
1132 549 1196 589 esse
1211 552 1260 591 vos
1271 537 1404 607 judicem
1422 555 1429 595 ε

82 606 103 657 rt
118 603 153 658 ad
170 603 328 670 modicum,
345 609 374 659 ot
389 621 446 659 non
462 604 634 672 subsistent,
821 603 913 658 donee
929 602 1073 670 delicium,
1085 620 1142 659 uon
1156 607 1290 664 recedam
1308 611 1344 666 ab
1358 610 1526 667 innocentia
1542 627 1617 669 mea.

86 672 225 756 iahuntur
238 675 441 756 steatomata,
458 679 486 731 et
501 676 680 733 auferentur.
784 673 1031 730 testificationem
1043 690 1151 743 meam,
1173 694 1262 750 quam
1278 681 1352 753 coepi
1367 688 1477 755 tenero,
1489 698 1548 739 non
1564 685 1617 739 de·

82 750 268 802 summrtatss
283 762 431 818 spicarum
447 752 646 815 conterantur,
856 760 952 800 soram
971 761 978 801 :

82 833 104 871 n
116 823 161 873 est
175 817 226 884 ita,
247 817 313 889 quis
336 834 383 874 me
409 822 504 890 potest
529 836 651 892 arguere
665 835 731 876 esso
821 831 874 871 nec
888 816 1621 899 enimucomprehendit(ltcomprohenditimecor

82 905 129 956 tm,
858 903 956 942 mcum
971 902 1001 941 tn
1017 904 1097 945 omni
1114 896 1174 944 vita
1192 907 1272 948 mea.

82 965 175 1016 eante
188 960 279 1015 Deum
295 961 382 1017 verba
394 961 488 1016 meai
785 958 829 1014 sit
842 962 873 1013 ut
888 957 1009 1030 impios,
1025 959 1165 1015 inimicus
1182 976 1268 1019 meus
1286 983 1293 1021 :

822 1033 851 1084 et
866 1030 1055 1086 adversarius
1070 1046 1155 1087 meus
1171 1033 1257 1103 quasi
1272 1033 1409 1108 iniquus.

82 1174 83 1179 η
787 1103 856 1168 Quae
870 1101 947 1156 enim
965 1116 1032 1173 spos
1048 1107 1091 1157 est
1107 1101 1267 1175 hypocrite
1285 1107 1311 1162 si
1327 1124 1412 1166 avaro
1425 1110 1529 1183 rapiat.

86 1173 107 1244 .)
124 1173 257 1228 Potestas
272 1178 300 1229 et
316 1179 409 1230 terror
424 1174 502 1246 opud
518 1191 586 1232 eum
602 1180 657 1245 est,
822 1179 850 1228 et
866 1189 923 1227 non
937 1171 1041 1228 liberet
1056 1173 1132 1229 Deus
1148 1174 1277 1232 animam
1305 1179 1371 1248 ejus
1393 1180 1436 1251 (h.
1463 1182 1614 1257 Numquid

83 1245 120 1312 si)
132 1243 200 1299 lacit
215 1246 399 1301 concordiam
424 1245 453 1301 iu
470 1247 646 1305 sublimibus
658 1247 732 1304 suis.
877 1243 1012 1299 liberabit
1027 1243 1104 1300 Deus
1120 1245 1251 1302 enimam
1268 1250 1367 1322 ejuslt

82 1321 121 1371 est
138 1331 277 1370 numerus
295 1317 424 1372 militum
441 1318 505 1387 ejus
520 1319 534 1373 ‘l
787 1315 936 1384 Numquid
951 1313 1108 1371 clamorem
1124 1316 1189 1387 ejus
1205 1323 1281 1376 Deos
1297 1321 1408 1389 audiet,

88 1392 176 1459 quem
194 1404 250 1441 non
264 1394 366 1460 surget
378 1389 477 1444 lumen
489 1388 593 1445 illius?
825 1403 891 1441 cum
908 1385 1020 1441 venerit
1035 1403 1124 1459 super
1140 1387 1221 1444 illum
1239 1393 1402 1463 augustia?

82 1458 231 1522 testificari
247 1466 340 1529 potest
356 1459 444 1515 homo
456 1464 645 1532 comparatus
662 1467 732 1530 Deo,
787 1459 843 1513 hut
858 1456 966 1530 poterit
981 1457 1010 1513 in
1026 1458 1232 1528 omnipotente
1248 1463 1400 1535 delectori,

82 1545 156 1585 uere
172 1530 301 1586 mundos
313 1536 398 1586 natus
413 1548 447 1587 ex
467 1531 612 1588 muliero?
823 1536 853 1585 et
868 1530 1002 1585 invocare
1018 1528 1110 1585 Duum
1127 1530 1156 1586 in
1172 1534 1252 1587 omni
1269 1536 1425 1609 tempore?

82 1602 153 1673 ι(Αἱ.
170 1601 259 1667 enim)
275 1600 346 1658 lune
361 1619 419 1658 non
435 1602 581 1675 splendet,
786 1601 902 1658 Docebo
917 1617 968 1656 vos
984 1616 1035 1683 per
1050 1618 1171 1657 manum
1188 1605 1262 1660 Dei⁸

93 1688 150 1755 non
167 1677 238 1727 sunt
252 1674 369 1728 munde
386 1674 414 1729 in
427 1681 585 1748 conspectu
606 1675 671 1746 ejus
689 1692 696 1733 :
825 1689 889 1744 qoae
905 1671 1098 1744 Omnipotens
1114 1673 1232 1757 haheat,
1249 1693 1302 1732 nec
1314 1679 1505 1736 abscondam.

82 1743 392 1872 ligiiniriitgovcpririiseqo’
749 1771 773 1838 B
790 1745 862 1872 Eciele
877 1749 1217 1896 ἶιῖθῗιιίῗῃῗιῖιῗῖιεῐῗεᾷυἰᾱ
1242 1817 1307 1875 sine
1322 1836 1413 1877 cause
1426 1839 1501 1880 vana
1515 1823 1613 1897 loqui.

862 1901 946 1940 nunt.

788 1962 854 2013 Haec
869 1960 914 2011 est
928 1972 998 2028 pars
1011 1953 1140 2014 hominis
1156 1958 1239 2031 impii
1251 1962 1328 2032 apud
1344 1962 1449 2031 Deum,

82 2027 127 2154 Li.)
142 2028 365 2154 Clpjuslladjutor
379 2031 434 2086 es?
447 2031 591 2103 numquid
603 2031 734 2089 imbecil·
825 2035 854 2085 ot
868 2027 1024 2154 wilia}
1039 2029 1242 2101 violentorum,
1253 2049 1341 2104 qoam
1352 2036 1389 2091 nh
1404 2035 1612 2111 omnipotente

96 2116 158 2155 .rm
183 2117 224 2154 ecr
253 2119 257 2153 ι
859 2115 938 2154 susci
962 2115 1032 2155 ren.

82 2175 143 2227 otas
154 2105 307 2227 hrachitiin
319 2173 394 2244 ejus,
406 2174 457 2245 qui
474 2191 531 2230 non
547 2179 592 2231 est
608 2175 716 2232 tortis?
788 2172 817 2228 Si
837 2116 1023 2241 multiplicati
1040 2170 1147 2226 luerint
1164 2172 1215 2227 ulti
1232 2174 1307 2243 ejus,
1320 2174 1349 2230 in
1365 2176 1462 2249 gladio
1477 2184 1575 2250 erunt,

82 2244 86 2296 i
102 2241 283 2298 consilium?
824 2250 849 2297 et
864 2246 984 2313 nepotes
999 2240 1064 2312 ejus
1080 2259 1137 2297 non
1155 2247 1369 2302 saturabuntur
1383 2265 1468 2320 pane.

88 2313 142 2379 illi,
158 2315 208 2384 qui
225 2330 281 2369 non
298 2313 387 2370 hahet
402 2315 588 2388 sapientiam,
788 2313 841 2378 Oui
853 2312 957 2384 reliqui
970 2313 1078 2369 luerint
1092 2330 1126 2369 es
1142 2330 1185 2379 eo,
1202 2316 1379 2384 sepelientur
1394 2320 1423 2376 in
1440 2320 1614 2390 interitu,et

86 2384 176 2440 utiam
192 2390 273 2441 tuum
290 2387 441 2443 ostendisti
455 2387 625 2460 plurimam.
823 2385 916 2440 vidum
933 2383 1012 2440 illius
1028 2401 1084 2439 nou
1103 2383 1289 2456 plorabunt&

82 2456 266 2524 recoluisti,
786 2456 815 2511 si
832 2456 1058 2526 comportaverit
1073 2458 1158 2527 quasi
1175 2463 1283 2515 terram
1305 2460 1348 2533 (h.
1373 2461 1536 2536 pulvorem)
1564 2480 1611 2521 ar·

82 2544 125 2583 rm
141 2531 190 2599 qni
208 2528 275 2583 lecit
290 2527 505 2594 spiramentum
521 2530 535 2585 ‘l
858 2531 993 2599 gentum,

87 2604 130 2655 tes
145 2604 268 2671 gemunt
283 2600 338 2654 sub
355 2600 453 2671 aquis,
821 2605 850 2654 et
860 2599 937 2655 sicot
950 2597 1046 2653 lutum
1063 2600 1268 2670 praeparaverit
1281 2601 1465 2661 vestimenta.

82 2670 188 2726 rhitunt
204 2688 270 2725 cum
286 2671 328 2725 eis
343 2672 385 2738 (h.
402 2672 569 2729 habitantes
585 2673 614 2729 in
630 2672 694 2746 eis),
786 2669 963 2741 Prmpurabit
977 2669 1109 2740 quidem,
1125 2670 1176 2725 sed
1187 2671 1491 2741 justusvesticturilli
1507 2693 1515 2733 ι

88 2742 221 2798 internus
237 2759 335 2797 coram
352 2741 414 2812 illo,
821 2748 849 2796 ct
863 2744 1019 2812 argentum
1035 2741 1175 2796 innocens
1189 2742 1308 2798 dividet.

82 2831 103 2870 n
119 2817 164 2869 est
179 2814 393 2884 operimentum
407 2815 573 2886 perditioni.
784 2812 946 2867 AElilicavit
960 2811 1037 2866 sieut
1053 2812 1131 2866 tinea
1146 2812 1265 2869 domum
1281 2831 1377 2885 stram,

82 2886 110 2939 lit
125 2885 292 2956 aquilonem
309 2903 398 2958 super
412 2903 547 2957 vacuum,
820 2889 849 2939 et
864 2884 941 2939 sicut
955 2888 1054 2938 custos
1071 2883 1137 2938 t'ccit
1150 2884 1366 2942 umbraculum.

84 2956 124 3011 dit
139 2961 248 3011 terram
267 2973 355 3026 stipor
368 2957 462 3013 nihili.
786 2955 869 3010 ilices
886 2971 952 3010 cunr
973 2953 1134 3023 dormierit,
1152 2955 1225 3010 nihil
1245 2973 1346 3013 secum
1362 2961 1499 3018 nutaret:

82 3045 162 3099 irruas
178 3028 206 3082 in
224 3029 352 3083 nubibus
368 3029 441 3098 suis,
821 3026 933 3097 operiet
949 3024 1050 3081 oculos
1064 3042 1145 3094 suos,
1161 3032 1189 3081 et
1200 3027 1273 3082 nihil
1290 3028 1428 3086 inveniet.

82 3103 87 3167 t
105 3116 161 3154 non
177 3105 334 3170 erumpant
352 3101 457 3172 pariter
472 3101 620 3157 deorsum.
747 3136 768 3204 G
788 3097 994 3169 Approhsndot
1009 3112 1075 3151 oum
1093 3097 1178 3167 quusi
1194 3114 1269 3170 sque
1283 3100 1394 3173 inopie,

82 3170 183 3225 'ultum
201 3171 265 3225 solii
283 3171 339 3236 soi,
823 3174 909 3224 nocto
922 3167 1069 3240 opprimet
1080 3185 1147 3224 cum
1164 3173 1340 3242 tempestas:

84 3243 126 3296 dit
142 3258 230 3312 super
244 3241 315 3296 illud
334 3241 470 3299 nebulam
486 3259 578 3299 suom.
785 3239 878 3296 Tollet
894 3256 960 3295 com
973 3243 1068 3295 centos
1086 3239 1126 3310 (h.
1140 3241 1309 3313 nonhabet)
1325 3258 1425 3310 urens.
1443 3248 1471 3301 et
1483 3246 1608 3315 soleret,

91 3313 286 3369 circumdedit
302 3313 398 3385 nutris,
821 3320 849 3367 ct
865 3310 943 3366 uolut
957 3311 1042 3366 turho
1058 3310 1151 3382 rapiet
1165 3329 1233 3368 cum
1249 3314 1285 3369 de
1301 3314 1437 3373 locosuo.

82 3402 122 3439 rm
140 3385 279 3439 finiantur
298 3383 349 3439 lox
363 3389 391 3440 ot
406 3385 532 3441 tenebre
549 3386 569 3441 ¹.
786 3384 820 3438 ct
836 3383 931 3438 mittet
946 3398 1034 3454 super
1048 3398 1126 3449 eum,
1142 3388 1172 3438 et
1187 3400 1244 3439 non
1260 3391 1381 3456 parcet:

82 3455 136 3511 emti
153 3457 394 3525 contremiscunt,
822 3455 857 3509 do
873 3469 961 3508 manu
978 3454 1042 3523 ejus
1057 3454 1175 3524 lugiens
1190 3454 1245 3523 (tt.
1260 3464 1313 3513 tec.
1328 3457 1457 3531 lugiens)
1473 3459 1572 3532 lugiet.

85 3527 145 3583 tad
163 3533 267 3583 nutum
285 3528 360 3597 ejus.
787 3526 915 3594 Stringct
930 3540 1019 3595 super
1033 3540 1100 3580 eum
1113 3543 1219 3582 manus
1234 3543 1315 3595 suns,

82 3599 127 3653 inc
143 3598 224 3654 illius
236 3598 452 3670 repentemarie
462 3605 638 3672 congregata
650 3603 732 3667 sunt,
823 3601 851 3653 et
866 3595 998 3652 sibilabit
1013 3613 1101 3666 super
1116 3596 1211 3667 illum,
1224 3598 1343 3656 intuens
1358 3600 1456 3657 locum
1471 3602 1547 3673 ejus.

84 3670 144 3725 ntia
159 3671 224 3740 ejus
240 3671 385 3741 percussit
399 3671 572 3743 superbum.
787 3668 863 3741 (Cap.
880 3666 1017 3750 lllllllll.)
1031 3668 1125 3724 Habet
1138 3673 1304 3741 argentum,
1321 3687 1463 3729 venarum
1486 3688 1609 3730 suarum

82 3743 125 3811 ios
140 3742 255 3798 ornavit
269 3741 357 3798 coelos
375 3758 381 3795 :
860 3755 1004 3810 principia
1021 3753 1027 3791 :

82 3813 198 3869 tricante
210 3830 300 3869 manu
316 3812 532 3885 ejus,'cductos
547 3818 592 3871 est
614 3813 736 3870 coluber
824 3815 853 3865 et
866 3826 937 3865 auro
952 3809 1033 3865 locus
1045 3812 1101 3873 est,
1115 3808 1145 3863 in
1162 3825 1220 3880 quo
1235 3811 1389 3868 conflatur.

82 3902 139 3941 rsus
151 3885 192 3957 (ht
208 3884 320 3957 vectis).
790 3883 909 3938 Ferrum
927 3881 962 3936 dc
982 3883 1059 3935 terra
1075 3879 1213 3937 tollitur:

88 3963 218 4028 exparte
233 3958 313 4014 dicto
327 3959 396 4011 sunt
409 3955 521 4012 viarum
539 3957 614 4027 eJus,
824 3959 854 4009 et
867 3952 943 4024 lapis
956 3950 1072 4008 solutus
1087 3951 1182 4008 coloro
1197 3952 1226 4008 in
1241 3970 1280 4010 ecs
1295 3953 1430 4011 vertitur.

82 4029 124 4083 six
140 4045 259 4100 parram
274 4027 384 4084 stillam
396 4029 542 4084 sermonis
557 4031 622 4100 ejus
634 4028 736 4083 audic-
790 4026 920 4097 Tempus
935 4022 1032 4094 posuit
1048 4023 1188 4094 tenebris,

82 4142 88 4163 ,
824 4102 853 4151 et
868 4094 1074 4152 universorum
1091 4095 1179 4150 finem
1196 4095 1258 4167 ipss
1273 4095 1450 4164 considerat,

82 4169 130 4227 erit
141 4171 282 4226 tonitrum
294 4170 506 4245 magnitudinis
517 4169 736 4226 illiusinluerit?
827 4168 952 4239 lapidem
964 4183 1080 4239 quoque
1091 4165 1236 4238 caliginis,
1252 4173 1281 4223 et
1295 4168 1430 4223 umbram
1444 4167 1558 4225 mertis.

82 4303 83 4309 p
826 4238 980 4308 Dividitth.
993 4238 1104 4309 diuisit)
1119 4244 1261 4294 torrensa
1275 4239 1383 4321 populo
1395 4238 1612 4322 peregrinante,

86 4302 159 4349 ⁰⁰⁰²
174 4303 235 4353 ³⁰⁹³
251 4288 426 4414 xsffis'
453 4303 620 4343 ¹³³¹³⁰⁰⁰ffl¹
645 4302 735 4355 SUAM·
826 4327 964 4393 eosquos
976 4308 1141 4365 oblitusest
1158 4326 1208 4380 pes
1224 4315 1338 4383 egentis
1356 4311 1551 4378 bomtn1s⁵,et
1567 4311 1612 4369 in·
1686 4382 1691 4389 ,

82 4453 152 4527 'lll.)
174 4455 251 4511 Vivit
265 4456 353 4527 Deus,
383 4455 433 4527 qui
458 4455 579 4511 abstulit
589 4454 736 4528 judicium
792 4398 942 4520 cavallile
959 4450 1181 4534 quaeriebator
1196 4452 1292 4523 panis,

82 4545 98 4594 ι,
755 4511 778 4575 D
828 4524 858 4579 in
876 4524 1006 4582 locosoo
1024 4525 1316 4648 tgncsnbversnest.

87 4599 212 4669 ipoteos,
236 4597 285 4669 qui
316 4598 351 4653 nd
367 4597 595 4655 amaritudinem
618 4597 741 4655 adduxit
796 4594 1032 4667 locussapphiri
1061 4594 1162 4667 npides
1177 4595 1252 4666 ejus,

82 4684 121 4724 rm
138 4684 242 4724 meam.
315 4739 319 4749 Ι
390 4739 396 4750 .
830 4664 1190 4750 at'gleheilliuspnrusu.

84 4737 373 4868 issssgirifftnliiihtrllss
383 4757 489 4880 mnegf’
796 4740 1182 4866 8θὲἓῖῐέὶέῗῶῗὲζὶιοῖἓεῖ
1196 4805 1299 4864 oculus
1312 4807 1448 4867 vulturis.

82 1074 162 1114 tuens
182 1075 279 1114 AUTEM
300 1074 409 1114 BALDAD
430 1075 538 1126 Slll'l'ssfl,
559 1076 660 1116 Dle'l'i

82 1929 246 1968 ESPONDENS
265 1930 360 1969 AUTEU
381 1930 443 1985 JOB,
466 1932 566 1972 Dle‘l'i

82 4952 110 4989 n.
127 4950 183 4988 ms.
200 4941 230 4988 ot
244 4935 375 4991 tenebre.
392 4935 481 4990 Hebr.
496 4951 560 4990 com
574 4934 704 4991 tenebris.
796 4950 831 4990 ec
847 4933 966 5000 liciniae,
982 4932 1042 4988 sive
1056 4947 1091 4986 ecc
1105 4929 1273 4986 bominibus.
1283 4930 1613 5005 Regineproetereacod.

86 5003 209 5063 Palatio.
227 5022 283 5062 ms.
301 5006 347 5061 hic
362 5006 483 5062 verbum
496 5022 648 5079 assumens,
663 5007 742 5078 quod
795 5015 821 5062 et
834 5010 927 5060 motos
941 5003 1028 5059 hahet
1044 5018 1094 5074 pro
1109 5010 1134 5058 ct
1150 5002 1250 5059 inuios.
1266 5002 1352 5060 adito
1363 5002 1418 5062 loci
1430 5004 1519 5077 hujus
1529 5005 1616 5077 longo

97 5077 127 5132 in
143 5076 273 5133 Hebraeo.
796 5075 993 5133 difficillimini
1009 5075 1195 5145 interpretes.

82 5164 133 5203 tns·
150 5148 250 5205 Docebo
264 5165 310 5205 vos
320 5149 434 5204 verbum
449 5149 522 5203 Dei:
539 5149 614 5219 quod
632 5148 743 5220 impro·
832 5158 843 5191 ⁶
859 5156 892 5212 ln
907 5152 1124 5225 exemplaribus
1144 5152 1282 5221 Cononis,
1303 5170 1336 5210 ao
1348 5153 1377 5210 in
1389 5170 1446 5211 ms.
1460 5154 1557 5211 codiee
1565 5153 1617 5210 ne·

91 5236 198 5304 ausim,
214 5253 282 5292 nam
305 5236 373 5292 licet
387 5236 416 5291 in
435 5236 554 5291 Hebraeo
570 5238 618 5304 sit,
634 5220 672 5297 Sp
694 5245 744 5301 =p2
798 5228 845 5298 gio
861 5229 943 5283 abest
953 5239 1112 5297 pronomen
1131 5224 1202 5280 illud
1221 5241 1227 5280 :
1244 5225 1275 5280 in
1289 5225 1407 5309 egregio
1422 5230 1520 5282 autem
1535 5223 1619 5281 volo·

82 5310 128 5373 ref,
140 5312 302 5365 connotant
316 5312 416 5363 tamen
432 5324 496 5381 qum
512 5307 590 5364 Deus
604 5308 682 5374 fecit,
693 5311 745 5363 aut
799 5299 878 5354 mino
889 5296 1186 5369 matorisltlonasterii
1210 5304 1378 5368 appositum
1391 5300 1437 5352 ost
1448 5295 1618 5369 hujusmodi

82 5378 159 5447 paler,
175 5396 273 5452 opem,
286 5395 319 5434 ac
335 5396 379 5434 res
392 5380 441 5435 nei
459 5396 467 5436 ς
484 5395 547 5450 qum
564 5396 598 5435 ex
612 5379 743 5451 scriptu.
798 5368 930 5425 scholion
947 5366 1108 5439 marginalo
1124 5383 1157 5422 :o
1169 5366 1223 5422 Pro
1238 5382 1298 5422 eom
1315 5367 1440 5423 hahetur
1454 5367 1483 5422 in
1499 5367 1618 5425 Hehreo

86 5451 142 5506 rasi
157 5451 241 5506 verbo
256 5451 453 5522 appellantur.
797 5458 872 5497 eam.
886 5462 899 5489 »
916 5440 1006 5511 quue
1021 5454 1122 5494 verum
1137 5437 1355 5509 comprobatur,
1368 5437 1437 5509 quia
1447 5437 1536 5493 verbo
1550 5445 1619 5500 :tm

82 5522 154 5578 alin.
172 5538 227 5578 ms.
243 5538 300 5578 non
314 5522 500 5593 plorabuntur
512 5539 522 5576 .·
537 5537 595 5592 quo
610 5536 699 5576 sensu
716 5522 744 5576 at
799 5511 912 5578 nathih,
925 5511 1002 5593 qood
1014 5509 1149 5565 semitam
1162 5507 1320 5593 significat,
1332 5509 1621 5593 resppndentosfieo,

85 5597 115 5649 ta
130 5593 282 5649 Hebraeum
293 5594 415 5649 verbum
429 5593 566 5648 videntur
576 5592 742 5664 attceplsse:
798 5600 849 5640 seu
866 5596 1041 5656 pronomtne
1054 5579 1230 5648 masculine,
1246 5584 1278 5635 nt
1295 5595 1408 5636 nomtnt
1425 5582 1523 5638 forma
1541 5595 1620 5638 mee·

82 5663 162 5719 ιὺτῶν
178 5662 267 5726 odiel<
286 5662 392 5733 ἐλεήσει
410 5681 417 5722 :
434 5663 526 5722 viduis
549 5679 645 5720 eorum
665 5677 744 5719 nemo
799 5653 902 5711 coliue
915 5654 944 5709 in
961 5651 1089 5709 llohraeo.
1105 5651 1201 5707 Mser.

82 5753 113 5793 tr.
833 5764 867 5775 -
881 5733 971 5789 'lacet
984 5728 1087 5803 Regin.
1100 5746 1155 5787 ms.
1173 5743 1333 5802 pronomen
1344 5745 1416 5800 eom,
1427 5731 1621 5805 quemadmo-

98 5822 169 5866 mas.
194 5806 348 5875 beluinum,
365 5808 487 5882 propius
503 5805 631 5879 Hebreo,
647 5814 745 5868 ellit:
798 5804 869 5862 dum
884 5805 954 5871 duo,
969 5817 1043 5880 qnos
1057 5803 1193 5870 blarttan.
1207 5799 1324 5857 laudat..
