3878 6150
137 335 187 395 693
809 337 917 393 mult
935 335 961 391 ll
979 336 1169 397 sebosus.
1787 344 1842 405 694

137 460 849 538 queso,consiliumAhitophel,domiue.Cumque
860 475 962 517 escen·
975 459 1004 527 Α
1018 465 1047 517 et
1059 464 1218 536 amputabo
1233 470 1323 538 eaput
1336 468 1412 539 ejus.
1433 471 1467 525 Bt
1482 469 1525 525 ait
1538 483 1588 526 rex
1604 469 1701 537 :Quid
1725 471 1799 528 mihi
1814 476 1844 531 et

140 554 221 611 deret
235 552 327 611 David
342 550 545 609 summitatem
561 551 681 620 montis,
696 551 724 607 in
747 567 805 623 quo
822 551 962 607 adoratu·
1016 551 1111 619 vobis,
1125 552 1178 609 lilii
1194 555 1299 611 Servio
1312 555 1326 611 i
1340 555 1456 615 dimitte
1481 573 1560 625 eum,
1581 561 1614 615 ut
1628 559 1639 594 ⁸
1662 559 1839 631 maledicet:

138 660 185 702 rus
198 648 266 701 erat
287 642 393 711 Deum,
417 657 485 699 eoae
498 641 611 697 occurit
633 640 660 697 ci
684 638 775 697 Husai
799 639 961 706 hrachites,
1015 640 1159 697 Dominus
1173 642 1252 699 euim
1268 645 1406 718 pracepit
1421 646 1458 716 ei,
1473 650 1508 703 ut
1523 647 1711 705 malediceret
1721 650 1814 707 David
1832 667 1839 706 :

136 735 227 791 scissa
239 736 321 790 veste
335 732 377 807 [h.
393 730 520 802 tunios],
534 735 564 787 et
587 734 666 787 tarra
689 729 827 804 pleno[h.
845 729 960 802 sparso]
1016 734 1046 785 et
1060 731 1127 801 quie
1141 737 1186 788 est
1209 733 1259 804 qui
1286 734 1513 801 audeat.dioere
1528 735 1570 806 [h.
1595 742 1625 794 et
1647 738 1716 810 quis
1742 739 1841 815 dicetl,

136 822 240 897 eapite.
256 822 301 897 [T.
316 820 445 889 GKVH]
464 824 499 876 Et
522 819 597 876 dixit
618 819 645 876 ei
668 818 759 877 David
776 836 783 874 :
799 819 831 876 Si
846 819 961 875 ueneris
1015 834 1106 891 quare
1122 819 1163 876 sic
1179 821 1280 878 lecerit
1296 826 1308 878 i
1323 827 1358 879 Et
1381 824 1485 881 aitrus
1508 826 1617 893 Abisai,
1642 830 1671 883 ct
1693 828 1841 887 universis

138 927 267 979 mecum,
279 911 339 968 cris
354 910 427 968 mihi
449 910 528 967 oneri
545 928 552 979 ;
568 908 614 965 sin
630 913 729 966 autem
756 908 786 964 iu
811 908 960 965 civitatem
1015 908 1107 965 servis
1122 909 1185 966 suis
1201 927 1208 965 z
1224 911 1297 969 Ecce
1311 912 1389 969 lilius
1400 915 1548 983 mansoni
1563 917 1745 987 egressusde
1756 921 1840 975 utero

137 1002 306 1069 revertaris,
320 1006 350 1057 et
363 1001 482 1070 dixeris,
497 997 636 1056 Absalom
653 1015 661 1053 ι
677 998 784 1055 Servus
807 1002 878 1053 taus
893 1012 959 1053 sum
1015 1013 1080 1053 meo
1096 998 1141 1071 (rte
1156 1001 1305 1058 rasceretur
1327 1003 1419 1074 mete),
1443 1003 1548 1075 querit
1567 1003 1697 1061 animem
1713 1021 1811 1063 meam
1827 1024 1835 1064 ε

135 1106 185 1165 ago
202 1092 270 1164 [nes.
283 1096 310 1147 st
327 1090 404 1163 Vuig.
419 1092 517 1146 tacent
530 1088 608 1161 ego]‚
623 1104 692 1156 rex;
708 1087 785 1144 sicut
800 1086 840 1143 lui
857 1102 959 1143 servus
1014 1092 1126 1158 quanto
1142 1088 1236 1161 megis
1250 1105 1328 1146 nuno
1342 1091 1423 1149 lilius
1437 1092 1569 1148 leminii
1584 1094 1699 1151 dimitte
1721 1110 1789 1152 eum
1804 1100 1839 1153 ut

133 1182 232 1254 patris
246 1182 302 1247 tui,
318 1181 361 1237 eiu
375 1196 424 1237 ero
447 1195 549 1235 servus
570 1183 651 1244 tuus,
677 1176 837 1250 dissipabis
862 1175 958 1233 consi·
1013 1176 1077 1248 (ms.
1094 1177 1220 1245 dimitte,
1236 1182 1289 1245 utl,
1310 1180 1466 1237 maledicat
1477 1182 1564 1253 juxta
1588 1188 1765 1256 praeceptum
1780 1183 1837 1242 Do·

128 1270 206 1327 lium
223 1268 493 1342 ahitophelllabes
508 1272 607 1325 sutem
622 1266 957 1323 tecumSadooetAbis·
1014 1265 1085 1321 mini
1114 1283 1122 1322 :
1153 1267 1177 1324 si
1205 1270 1279 1325 torto
1306 1269 1445 1342 respiciat
1469 1269 1613 1327 Dominus
1645 1271 1835 1331 allliotiouem

125 1360 195 1417 lber
212 1360 392 1427 sacerdotes,
408 1363 437 1416 et
451 1357 673 1416 omneverbum
693 1357 956 1428 quodcunqueau·
1012 1370 1120 1423 meam,
1147 1361 1176 1412 et
1201 1358 1304 1414 reddat
1327 1358 1400 1415 mihi
1433 1360 1525 1432 [Vaiq.
1550 1360 1656 1418 audem
1680 1360 1836 1436 Dominus]

123 1449 225 1507 dierie
239 1449 380 1506 dedomo
394 1447 483 1522 regis,
498 1446 642 1504 iudicabis
663 1446 756 1503 Sados
775 1450 805 1502 et
817 1445 957 1502 Abiathar
1011 1444 1122 1501 honum
1142 1462 1194 1517 pro
1210 1446 1415 1505 maledictione
1428 1446 1482 1504 heo
1499 1449 1837 1509 hodiernabmbulahat

120 1537 350 1597 sacerdotibus.
357 1537 432 1594 Sunt
447 1542 629 1596 autemeam
644 1536 686 1591 eis
701 1535 759 1591 duo
775 1533 826 1590 lilii
841 1550 954 1605 eorum,
1010 1533 1108 1606 itaque
1122 1534 1211 1591 Dauid
1227 1539 1257 1592 et
1270 1536 1342 1592 socii
1357 1538 1423 1609 elus
1439 1553 1490 1610 per
1503 1538 1579 1595 viam
1592 1555 1700 1597 comm
1715 1539 1757 1614 [h.
1774 1557 1834 1599 nou

118 1628 275 1686 Ahimaes
289 1622 649 1700 [Vatg.odd.filius]‚Sedoo
661 1628 690 1681 et
704 1622 954 1692 Jonatnannbia-
1010 1624 1121 1698 habet]
1135 1626 1228 1682 semei
1245 1632 1343 1683 autem
1360 1643 1412 1700 per
1431 1630 1539 1699 jugum
1559 1629 1669 1687 montis
1683 1644 1717 1687 ex
1732 1630 1833 1701 latere,

118 1716 195 1775 ther
212 1734 220 1775 :
236 1723 268 1774 et
282 1716 409 1773 mitteris
422 1732 474 1788 per
487 1732 537 1774 eos
554 1714 594 1787 [h.
611 1731 663 1787 pcr
679 1730 784 1771 manus
799 1713 953 1785 eorumlad
1008 1719 1111 1771 contra
1125 1715 1208 1772 illum
1232 1716 1432 1788 gradiebatur,
1458 1717 1638 1775 maledicens
1659 1724 1688 1776 ct
1711 1719 1833 1778 mittens
1929 1740 1932 1745 ·

119 1822 170 1865 me
188 1823 280 1864 omne
294 1807 417 1863 verbum
439 1805 517 1878 quod
532 1803 693 1861 audieritis.
718 1802 860 1860 Veniente
883 1820 953 1877 ergo
968 1837 992 1901 B
1008 1801 1119 1876 lapidos
1135 1805 1290 1860 adversum
1305 1821 1384 1873 aum,
1400 1810 1570 1879 terramque
1583 1823 1736 1881 spargens.
1745 1809 1833 1867 Venit

123 1896 219 1955 iiaeai
236 1896 333 1954 amico
350 1895 438 1953 David
454 1895 485 1950 in
506 1894 666 1962 civitatem,
681 1891 820 1950 Ahealom
837 1910 954 1967 quoque
1007 1891 1107 1964 itaque
1122 1909 1181 1961 rea,
1198 1899 1226 1950 et
1240 1893 1395 1951 universus
1411 1895 1538 1967 populus
1553 1913 1620 1953 cum
1636 1912 1669 1954 eo
1685 1897 1832 1963 lassus.et

124 1984 524 2059 ingressusestierusalem.
1007 1980 1188 2038 refocillatus
1210 1986 1255 2039 eet
1276 1983 1287 2018 ⁶
1311 1982 1363 2040 ibi.
1390 1983 1525 2041 lbealom
1559 1990 1657 2042 autem
1682 1995 1710 2043 et
1733 1988 1830 2045 omnis

162 2075 247 2149 [Cup.
264 2074 352 2146 XVl.]
366 2078 500 2147 cumque
514 2072 606 2131 David
618 2072 775 2130 transisset
797 2071 953 2144 paululum
1008 2072 1135 2144 populus
1151 2071 1241 2128 lsrael
1257 2072 1383 2143 ingressi
1398 2075 1469 2128 sunt
1481 2073 1711 2143 ierusalem,sed
1728 2074 1831 2132 etlhi·

127 2165 239 2223 moutis
254 2164 405 2231 verticem,
420 2162 558 2236 apperuit
581 2162 652 2219 Sibe
666 2178 740 2234 puer
754 2161 951 2235 bliphihoselh
1008 2158 1105 2232 tophel
1122 2176 1189 2216 cum
1202 2176 1247 2216 eo.
1263 2162 1335 2217 Cum
1351 2166 1450 2219 autam
1465 2161 1594 2219 venisset
1605 2164 1694 2221 llusai
1709 2165 1829 2221 hraohi·

128 2253 154 2311 iu
169 2253 422 2325 occursumque,
437 2267 505 2309 cum
531 2251 645 2307 duobus
670 2249 772 2319 asinis,
788 2250 838 2322 qui
853 2250 952 2306 onusti
1006 2253 1051 2305 tes
1067 2249 1181 2306 amicus
1195 2249 1331 2306 Davidad
1346 2250 1615 2321 absalom,locutus
1629 2256 1675 2309 est
1688 2253 1725 2309 ad
1740 2269 1827 2311 eum:

129 2347 210 2400 eraut
225 2341 363 2399 ducentis
377 2340 516 2413 panibus,
529 2344 558 2395 et
573 2345 693 2396 centum
714 2337 880 2411 alligaturis
891 2356 952 2394 uve
1005 2337 1098 2408 Salve,
1115 2355 1176 2408 rex,
1192 2337 1282 2409 salve,
1296 2355 1345 2395 rex
1358 2339 1400 2411 [h.
1417 2339 1503 2397 Vivet
1520 2356 1582 2411 rex,
1607 2341 1686 2398 vivat
1700 2342 1770 2415 rexi.
1786 2343 1829 2401 Ad

128 2448 222 2505 passu
246 2431 289 2502 [h.
315 2435 345 2487 et
368 2434 487 2487 centum
509 2428 629 2502 passis],
653 2432 683 2484 et
706 2432 824 2484 centurn
844 2429 951 2485 massis
1006 2442 1094 2498 quem
1109 2427 1829 2502 Absalom‚haeoest,inquit,gratia(h.miseri·
1917 2462 1921 2468 ·

128 2520 326 2594 palatharum,
344 2523 373 2577 et
389 2519 504 2576 utribus
521 2517 582 2576 uini
605 2516 646 2584 [h.
664 2516 804 2589 amphora
817 2516 899 2589 vini].
916 2518 952 2574 ilc
1005 2516 1116 2587 cordis]
1131 2521 1182 2573 tua
1205 2517 1240 2572 ed
1264 2517 1393 2574 amicum
1418 2521 1530 2574 tuum?
1553 2535 1643 2591 quare
1667 2537 1725 2577 non
1751 2520 1828 2578 ivisti

128 2608 200 2667 dixit
215 2626 268 2666 rex
282 2609 357 2665 Sibe
374 2624 380 2664 :
397 2607 471 2675 Quid
486 2607 544 2664 sibi
560 2607 662 2664 volant
675 2606 761 2663 hac?
775 2606 950 2679 ltcspoudit-
1004 2621 1073 2661 oum
1084 2604 1179 2662 amico
1194 2606 1270 2662 tuot
1285 2606 1507 2679 Responditque
1518 2607 1607 2664 llusai
1624 2608 1660 2664 ad
1675 2608 1826 2667 Absalom:

128 2714 182 2772 que
198 2698 273 2757 Sibe
288 2714 296 2754 :
311 2697 405 2767 Asini,
420 2697 589 2755 domesticis
615 2694 693 2770 regis
716 2700 751 2752 ut
773 2696 906 2762 sedeant,
922 2700 951 2752 et
1004 2695 1209 2766 Nequaquam,
1224 2695 1294 2767 quia
1309 2694 1390 2751 illiue
1404 2711 1556 2768 eru,quem
1569 2695 1655 2768 elegit
1668 2697 1824 2768 Dominus,

130 2804 221 2861 pauca
237 2791 269 2845 et
282 2787 418 2860 polethe,
433 2787 469 2843 ad
484 2786 661 2844 vescendum
686 2784 786 2858 pueris
803 2787 823 2855 ¹]
848 2785 949 2841 viuum
1004 2788 1033 2840 et
1047 2785 1144 2840 omnis
1160 2783 1208 2839 hic
1222 2782 1362 2856 populus,
1377 2788 1407 2840 et
1423 2787 1577 2841 universus
1590 2785 1691 2851 lsrael,
1707 2790 1737 2842 et
1759 2802 1826 2844 oum

128 2882 238 2946 autern,
255 2882 288 2934 ut
303 2877 384 2934 bibat
396 2876 421 2933 si
436 2877 504 2949 quis
520 2876 659 2932 deiecerit
679 2875 710 2931 iu
724 2876 847 2931 deserto.
865 2875 900 2930 lle
910 2876 951 2930 ait
1004 2888 1039 2929 eo
1055 2873 1190 2929 mancho.
1206 2873 1272 2941 Sed,
1287 2877 1319 2929 ut
1333 2872 1430 2930 etheo
1445 2874 1579 2941 inieram,
1601 2874 1648 2931 oui
1663 2890 1717 2947 ego
1735 2876 1826 2947 [Vuis.

126 2982 172 3024 rex
189 2984 197 3024 ε
214 2965 270 3024 Ubi
286 2970 331 3024 est
344 2966 423 3023 lilius
438 2965 550 3022 domiui
565 2965 633 3021 tui?
648 2964 868 3038 Respondilque
880 2964 950 3021 Siba
1004 2962 1083 3034 ergo]
1092 2963 1255 3018 serviturus
1268 2978 1334 3017 sum
1344 2961 1358 3017 t
1369 2978 1466 3018 nonne
1477 2961 1536 3019 lilio
1548 2963 1731 3036 regisisiout
1742 2966 1826 3037 parui

125 3058 186 3129 regi
202 3072 210 3111 :
227 3055 382 3113 Remansit
393 3055 434 3128 [h.
451 3059 522 3111 Ecce
538 3054 630 3126 sodet]
654 3054 684 3109 in
708 3052 882 3119 Jerusalem,
902 3054 947 3111 di·
1004 3050 1079 3124 patri
1095 3056 1156 3122 tuo,
1173 3050 1215 3107 sio
1231 3052 1338 3123 parebo
1353 3055 1380 3107 et
1396 3051 1621 3125 cibi.[·r.cllll.]
1637 3053 1713 3109 Dixit
1727 3061 1825 3111 autem

125 3159 192 3202 oeus
208 3161 216 3200 ι
233 3144 325 3201 Hodie
340 3144 474 3201 restituet
487 3142 560 3199 mihi
578 3143 683 3199 domus
708 3141 796 3199 lsrael
823 3158 943 3213 regnum
1003 3140 1138 3197 Abselom
1149 3140 1184 3196 ad
1201 3139 1357 3213 ahitophel
1374 3157 1381 3196 :
1398 3140 1473 3198 luite
1484 3141 1641 3198 consilium
1657 3141 1727 3215 quid
1739 3159 1825 3216 egere

125 3234 216 3305 patris
231 3233 301 3290 mei.
317 3232 353 3289 ut
367 3232 408 3289 eit
423 3249 474 3289 rex
487 3232 562 3289 Sibae
579 3248 586 3286 :
601 3235 663 3287 Tua
683 3230 744 3287 sint
767 3230 866 3288 omuia
881 3248 944 3304 qum
959 3195 982 3266 c
1002 3230 1211 3297 debeamusilt
1221 3230 1263 3286 ait
1273 3230 1431 3303 ahitophel
1447 3232 1483 3287 ad
1495 3231 1634 3288 nbsslom
1647 3248 1653 3288 :
1666 3233 1823 3306 Ingredere

123 3320 241 3379 luerunt
264 3321 471 3395 Miphiboseth.
487 3320 623 3395 Dixitque
647 3320 716 3378 Sibe
732 3338 739 3377 :
754 3324 810 3378 Oro
826 3321 847 3388 ¹,
865 3321 945 3377 inve·
1000 3321 1037 3379 ad
1053 3321 1233 3379 concubinas
1250 3321 1342 3393 patris
1357 3321 1410 3391 tui,
1428 3338 1502 3394 quas
1525 3322 1640 3379 dimisit
1666 3324 1702 3380 ed
1727 3329 1824 3382 custo·

123 3410 199 3469 mam
216 3412 342 3484 gratiam
358 3427 457 3468 aorem
472 3414 501 3467 te
518 3410 558 3483 [h.
575 3411 605 3466 iu
621 3409 714 3468 oculis
730 3410 812 3482 tuis],
828 3410 945 3467 domiue
1001 3410 1137 3467 diendam
1151 3411 1272 3468 domum
1290 3428 1297 3468 :
1315 3415 1347 3467 ut
1367 3426 1435 3467 aum
1459 3411 1585 3470 audierit
1612 3413 1709 3469 omnis
1733 3413 1823 3472 lsrael

121 3499 157 3557 ui
172 3516 234 3557 rex.
250 3500 296 3573 [Τ.
310 3499 444 3571 critiri}
467 3499 555 3556 Venit
577 3514 647 3572 ergo
663 3515 713 3555 rex
737 3499 828 3557 David
852 3515 945 3572 usque
1000 3501 1078 3574 quod
1094 3501 1249 3558 loedaveris
1268 3505 1381 3573 patrem
1406 3505 1502 3570 tuum,
1528 3503 1704 3559 roborentur
1717 3520 1824 3561 manus

121 3588 272 3655 bahurim,
288 3594 317 3646 et
331 3606 398 3647 ecoe
412 3587 617 3662 egrediebatur
632 3589 702 3646 inde
716 3589 762 3644 vir
785 3589 821 3645 de
835 3606 943 3662 cogns-
998 3606 1102 3647 eorum
1113 3589 1421 3647 tecum'l'otenderunt
1435 3589 1673 3665 igiturhbsslom
1685 3593 1822 3650 taberne·

121 3678 200 3736 boue
215 3678 322 3735 domae
337 3679 418 3749 Saul,
435 3679 554 3735 nomine
568 3678 673 3745 Semel,
685 3677 765 3734 illius
780 3678 862 3747 Gora,
877 3695 943 3751 pro·
998 3679 1099 3736 culum
1114 3678 1143 3734 in
1160 3678 1277 3746 solario,
1295 3679 1506 3752 ingressusque
1529 3680 1625 3738 estad
1641 3681 1823 3740 concubinas

116 3767 240 3825 cedebat
262 3767 429 3840 egrediens,
463 3772 493 3825 et
517 3767 721 3835 maledicebat,
749 3768 943 3841 mittebatque
998 3769 1150 3842 patrissui
1166 3784 1264 3824 coram
1280 3768 1527 3826 univorsolsreol.
1543 3769 1706 3826 Consilium
1722 3782 1820 3827 autem

115 3852 234 3930 lapides
257 3861 359 3913 contra
382 3857 471 3915 David
497 3860 525 3913 ct
549 3861 650 3914 contra
675 3856 827 3914 universos
844 3875 943 3917 servos
996 3857 1252 3929 Ahitophcl,quod
1269 3858 1358 3913 dabat
1372 3860 1402 3914 in
1418 3858 1522 3914 dicbus
1542 3857 1699 3931 illis,quasi
1715 3858 1820 3932 siquis

110 3946 196 4021 ragis
214 3945 332 4003 David:
353 3945 452 4003 omnis
476 3950 573 4003 autem
598 3946 737 4019 populus,
760 3951 789 4003 et
814 3948 941 4005 uniuersi
996 3946 1638 4005 consuleretDeum:siceratomueconsilium
1647 3947 1817 4020 Ahitophel,

112 4030 285 4103 bellatores,
300 4051 317 4091 a
332 4035 434 4092 dextro
448 4039 477 4091 et
491 4052 509 4091 a
523 4035 641 4092 sinistro
660 4033 751 4093 latere
766 4036 843 4108 regis
862 4036 940 4095 inco·
994 4041 1024 4093 et
1034 4052 1101 4093 cum
1113 4039 1191 4092 esset
1201 4051 1267 4091 cum
1278 4035 1410 4102 David,et
1421 4052 1490 4092 cum
1500 4039 1655 4093 essetoum
1666 4036 1815 4094 absalom.

106 4122 408 4181 dabant.ltasutem
426 4122 798 4196 loquebatursemeicum
816 4125 940 4183 maledi·
1030 4126 1071 4198 [Τ.
1102 4124 1186 4194 CXX,
1209 4128 1275 4197 dap.
1312 4123 1409 4193 livii]
1436 4124 1509 4180 Dixit
1541 4124 1631 4197 igitur
1658 4123 1818 4199 Ahitophsl

107 4216 192 4269 earet
204 4212 239 4268 ⁸.
257 4212 412 4286 Egrederc,
438 4212 485 4268 sir
508 4213 703 4285 sanguinum,
727 4219 756 4271 et
778 4213 823 4270 vir
837 4212 938 4270 Belial.
993 4215 1030 4272 ed
1047 4213 1182 4271 absalom
1198 4229 1205 4268 ε
1223 4213 1333 4285 litigem
1345 4213 1416 4269 mibi
1433 4213 1567 4288 [hnuuc]
1579 4213 1735 4271 duodecim
1749 4214 1817 4271 mil·

107 4300 251 4359 Reddidit
285 4301 337 4357 tihi
374 4301 518 4359 Dominus
553 4301 724 4360 universum
763 4304 938 4375 sanguinem
993 4303 1034 4361 lia
1055 4302 1242 4373 virorum,et
1261 4318 1442 4376 consurgens
1465 4317 1625 4375 persequar
1648 4299 1738 4359 David
1762 4301 1817 4360 hae

111 4390 223 4447 domus
238 4389 306 4446 Saul
323 4409 330 4447 ι
345 4390 486 4463 quouiarn
502 4392 634 4449 invasisti
648 4408 771 4465 regnum
784 4410 835 4464 pro
851 4408 895 4464 eo,
910 4397 939 4448 et
992 4395 1124 4449 noctabt
1139 4390 1255 4447 irruens
1266 4407 1354 4462 super
1368 4406 1433 4447 euni
1450 4390 1572 4463 lquippe
1586 4389 1637 4463 qui
1652 4388 1812 4448 lassasset.

112 4478 196 4536 dedit
209 4478 355 4537 Dominus
366 4496 489 4553 regnum
504 4480 534 4537 in
551 4497 639 4537 mauu
656 4480 794 4539 absalom
811 4482 863 4538 lilii
875 4482 936 4539 tui:
992 4486 1022 4538 et
1035 4480 1141 4538 solutis
1156 4479 1309 4551 manibus]
1325 4479 1484 4552 percutiam
1497 4494 1564 4536 eum
1577 4494 1584 4535 :
1597 4479 1815 4552 cumqueluge·

112 4570 143 4625 et
155 4584 224 4625 ecoe
239 4573 378 4641 premunt
393 4573 420 4625 te
435 4568 574 4626 maletus
587 4569 629 4642 [h.
645 4569 680 4625 Dc
694 4586 760 4627 ecce
775 4580 805 4627 la
819 4573 850 4626 in
863 4572 938 4629 molo
953 4567 978 4635 li
992 4572 1029 4628 rit
1041 4569 1137 4628 omnis
1152 4568 1344 4643 populus,qui
1355 4585 1420 4624 cum
1436 4585 1470 4626 eo
1485 4568 1706 4641 est,peroatiam
1716 4584 1815 4643 regem

114 4658 183 4727 teo],
198 4656 339 4731 quoniam
351 4658 395 4714 rir
408 4658 587 4730 sanguinum
603 4674 645 4716 es.
659 4658 738 4716 Dixit
752 4664 851 4717 autem
867 4662 936 4718 Abi·
989 4659 1167 4717 desolatum.
1184 4658 1219 4715 bit
1229 4659 1368 4715 reducam
1383 4658 1553 4715 universum
1573 4657 1726 4730 populum,
1743 4675 1816 4731 quo·

116 4744 158 4801 sai
172 4744 252 4803 lilius
266 4746 383 4818 Servis,
400 4747 462 4819 regi
478 4764 485 4801 :
501 4750 595 4811 Quare
618 4746 768 4808 maledicit
791 4750 872 4806 cauis
888 4751 935 4807 hic
991 4751 1077 4805 ruodo
1093 4763 1194 4804 omncs
1206 4747 1310 4803 roverti
1324 4746 1419 4803 solent
1434 4749 1462 4814 ῖς
1479 4763 1573 4804 unum
1584 4746 1664 4805 euim
1676 4747 1772 4805 virum
1784 4751 1817 4805 tu

120 4835 508 4909 moriturust(h.mortuus)
519 4836 639 4895 domiuo
651 4854 715 4895 meo
724 4839 785 4912 regi
796 4840 810 4896 ‘t
820 4840 935 4909 vadam,
990 4837 1108 4911 quaeris,
1124 4842 1153 4894 et
1167 4836 1264 4893 omnis
1280 4835 1406 4910 populus
1422 4834 1477 4893 crit
1490 4836 1520 4893 iu
1536 4851 1618 4910 pace.
1643 4836 1816 4910 Placuitque

153 5102 162 5137 ¹
176 5104 212 5158 ll.
227 5102 387 5161 veronens.
399 5119 467 5159 cum
482 5102 616 5176 vulgatis
630 5103 712 5161 addit
727 5107 791 5163 tuta.
989 5102 1074 5161 facile
1090 5101 1222 5159 additum
1242 5102 1290 5159 hio
1305 5107 1349 5160 est
1364 5118 1399 5159 ex
1413 5102 1524 5170 Draco,
1538 5097 1618 5179 ἄφετε
1632 5098 1723 5159 αὐτόν.

152 5170 308 5232 ¹Pressius
321 5174 423 5232 liebree
437 5175 515 5232 idem
533 5192 601 5244 ms,
617 5176 716 5234 Adoro.
1026 5176 1037 5212 ⁶
1053 5174 1185 5231 Plurium
1200 5191 1323 5231 numero
1338 5174 1427 5231 hahet
1441 5173 1814 5247 Veronensmeretocittatr

150 5242 162 5277 ⁸
175 5246 261 5302 llddit
275 5247 354 5304 idem
369 5262 425 5303 ms.
442 5262 508 5304 cum
523 5247 671 5332 vulgetis,
686 5250 755 5318 rogi,
771 5266 824 5323 pro
835 5268 892 5323 quo
903 5252 933 5309 in
990 5251 1064 5309 sant.
1081 5246 1175 5319 magis
1191 5247 1226 5303 ad
1243 5246 1386 5311 Graecum,
1402 5252 1430 5303 ct
1446 5263 1513 5304 cum
1525 5244 1669 5318 Vulgatis.

120 5307 231 5373 Hebraeo
246 5322 293 5374 est
307 5320 337 5374 ei
351 5336 361 5375 .·
376 5334 442 5375 max
458 5335 576 5392 quoque
590 5320 667 5376 idem
694 5336 750 5377 ms.
773 5323 866 5379 reddet
882 5341 933 5398 pro
1025 5319 1155 5375 ⁷Verius
1171 5320 1202 5375 in
1215 5322 1377 5375 veronens.
1393 5336 1462 5390 ms,
1479 5319 1578 5376 Omnis
1605 5317 1707 5372 reverti
1729 5316 1807 5386 solet,

115 5386 237 5446 t'eddidit
985 5392 1071 5465 J'uxla
1087 5391 1252 5457 Hebroeum,
1277 5391 1526 5463 quemadmodum
1551 5393 1579 5445 et
1601 5388 1813 5460 Eparnothotes

150 5460 253 5527 ‘Quod
270 5458 445 5518 scholiastes
460 5461 591 5528 adnutat,
605 5465 740 5527 moneas,
752 5468 780 5520 et
794 5466 933 5523 Hebraeus
988 5464 1067 5535 apud
1084 5463 1190 5519 Lucam
1206 5462 1385 5535 Brugcnscur
1401 5462 1557 5535 legendam
1579 5462 1689 5527 mouet,
1705 5463 1734 5516 et
1749 5475 1811 5517 me·

110 5530 226 5589 eratne
239 5536 269 5589 ct
282 5532 441 5590 veronens.
458 5550 526 5602 ms,
543 5535 661 5591 doniam
678 5541 705 5591 sl
721 5535 837 5609 vulgati
854 5538 930 5597 libri.
989 5534 1071 5592 lionis
1091 5539 1164 5591 nota
1190 5534 1304 5590 codices
1331 5535 1496 5607 praeierunt.
1521 5531 1648 5604 Vulgati‚
1674 5533 1810 5601 Quomodo

154 5596 207 5661 'lu
221 5604 442 5663 Veronensms.
451 5610 483 5663 at
496 5612 580 5663 vacat
595 5624 602 5663 ε
618 5606 648 5663 iu
664 5607 782 5665 nebron
791 5614 891 5667 autem
904 5616 934 5668 st
986 5623 1060 5665 onus
1075 5607 1154 5665 tomo
1168 5604 1271 5664 reverti
1284 5605 1360 5663 solet.

110 5672 279 5736 umanum
295 5692 412 5737 mxuma
434 5676 554 5737 dimittet
576 5693 649 5750 eom,
675 5678 891 5754 desiderantur,
906 5687 936 5740 st
