3878 6150
632 366 739 423 nmen
756 371 769 423 l
788 366 992 423 ttsucfflu.
1613 358 1668 421 75⁴

90 492 430 568 alomonisragemluda,
442 495 470 551 et
480 492 515 550 sd
527 506 645 551 omnem
656 492 778 550 domum
793 493 820 562 Α
834 491 888 562 tui,
904 495 933 551 et
945 507 996 549 ors
1010 506 1063 565 pro
1074 507 1120 549 me
1136 493 1168 548 ut
1183 490 1358 549 restituatur
1378 504 1486 548 manus
1499 504 1565 548 mea
1580 489 1664 548 mihi.

99 583 271 658 Beniamin,
284 586 314 642 et
325 581 460 657 reliquos
473 583 509 640 de
523 581 644 656 populo,
658 581 761 640 diesne
777 601 784 640 :
840 581 998 654 oravitque
1011 579 1111 639 virDei
1127 581 1229 637 taciem
1240 579 1401 649 Domini,et
1411 594 1528 638 reverse
1542 583 1589 638 eet
1602 595 1666 639 me·

90 673 112 731 it
126 672 291 732 Dominus:
307 673 371 730 Non
382 672 559 746 ascendetis,
571 688 623 728 neo
639 671 785 729 bellabitis
840 687 897 728 nus
912 669 992 744 regis
1007 669 1042 728 ad
1059 685 1137 738 eum,
1158 674 1188 726 et
1201 670 1278 727 laete
1299 673 1344 727 est
1369 669 1444 728 sieut
1459 669 1543 743 prius
1556 670 1663 728 inerat.

90 766 180 820 ratres
194 767 311 819 uestros
333 760 411 819 illios
439 761 525 819 lsrael
544 780 551 818 :
567 765 729 819 revertetur
741 760 786 817 vir
840 761 883 833 (Τ.
900 759 943 833 b.)
960 760 1089 817 Locutus
1104 763 1149 817 eet
1165 766 1261 816 autem
1278 775 1328 816 rex
1343 760 1377 816 ad
1391 759 1486 816 virum
1499 758 1551 816 Del
1565 776 1573 818 τ
1589 760 1664 816 Veni

90 868 124 910 m
141 868 239 924 suam,
254 868 272 909 a
286 868 334 910 me
353 851 433 910 enim
459 851 574 909 lectum
600 855 651 909 eet
662 850 783 909 verbum
839 866 955 907 meeum
971 849 1093 907 domum
1109 853 1142 906 ut
1156 850 1301 922 prandeas
1316 849 1381 921 (ms.
1397 848 1620 923 prandeamus),
1634 853 1665 907 et

90 940 208 999 dierunt
223 956 391 998 sermonem
406 940 536 1010 Domini,
547 944 576 997 et
590 939 698 997 reversi
714 943 784 996 eunt
840 939 916 997 dabo
932 938 986 995 tihi
1001 938 1365 1012 munera.liesponditque
1380 938 1478 995 verei
1495 940 1531 996 ad
1546 953 1662 1014 regem:

90 1045 130 1100 re,
144 1029 222 1086 eleut
249 1028 291 1087 eis
320 1033 497 1104 praeeperat
523 1029 667 1086 Dominus
680 1028 720 1101 (h.
737 1043 783 1085 se·
838 1028 867 1085 Si
879 1028 1028 1087 dedideris
1044 1028 1116 1086 mihi
1133 1029 1260 1085 medinm
1276 1032 1390 1102 partem
1405 1029 1511 1085 domus
1526 1032 1661 1100 ture,non

101 1120 224 1177 verbum
239 1118 378 1184 Domini).
394 1118 558 1176 AEdiliuevit
583 1123 680 1175 autem
704 1117 784 1174 Jero·
836 1117 953 1175 venium
969 1121 1078 1190 tecum,
1096 1134 1148 1175 neo
1162 1118 1315 1174 comedam
1329 1133 1434 1189 panem
1451 1132 1548 1191 neque
1562 1117 1660 1175 bibam

91 1207 187 1265 lehem
201 1206 232 1263 in
245 1212 346 1265 monte
366 1208 517 1283 Dphraim,
533 1205 716 1263 ethabitavit
731 1206 782 1274 ihi,
838 1223 946 1280 aquam
962 1206 993 1264 in
1008 1205 1072 1265 loeo
1087 1207 1160 1276 isto;
1177 1206 1219 1263 sie
1234 1205 1312 1263 enim
1329 1207 1502 1264 mundatum
1523 1209 1568 1264 est
1589 1206 1662 1263 mihi

90 1312 142 1355 ens
164 1295 233 1354 inde
261 1297 414 1354 adifleavit
443 1296 583 1354 Phanuel.
611 1297 655 1366 (Τ.
672 1295 781 1367 XLVI.)
837 1295 867 1353 in
892 1312 1026 1354 sermone
1051 1295 1169 1354 Domini
1195 1294 1496 1369 precipientistNon
1526 1295 1663 1353 comedes

90 1386 260 1444 tlerohoem
273 1385 303 1442 in
320 1386 409 1444 eorde
423 1402 477 1444 sue
494 1403 501 1442 :
517 1386 601 1443 Nune
622 1390 783 1443 revertetur
838 1402 955 1461 panem,
971 1402 1067 1460 neque
1092 1385 1177 1442 bibes
1199 1400 1320 1458 aquam,
1350 1399 1403 1441 nee
1431 1384 1585 1443 reverter-ix
1611 1400 1664 1459 per

92 1474 128 1532 ad
144 1474 265 1532 domurn
290 1475 393 1546 David,
414 1475 438 1532 si
463 1474 629 1532 escenderit
653 1475 781 1548 populus
834 1475 912 1536 viam
928 1492 1016 1549 quarn
1031 1475 1147 1532 venisti.
1165 1474 1325 1549 lhiitergo
1340 1491 1392 1548 per
1418 1472 1506 1532 aliem
1527 1475 1619 1543 vlam,
1634 1481 1663 1533 et

90 1565 159 1621 toiat
172 1563 317 1621 seerilieie
332 1563 363 1621 in
377 1565 464 1622 domo
479 1565 595 1621 Domini
607 1565 637 1620 iu
659 1563 780 1621 Jeruea-
836 1582 895 1622 non
911 1568 956 1622 est
970 1580 1105 1622 reversus
1129 1581 1181 1637 per
1201 1563 1257 1622 iter
1272 1580 1330 1636 quo
1345 1566 1464 1621 venenet
1479 1563 1509 1621 in
1525 1563 1660 1622 Beth-nr.

90 1657 269 1712 tonuertetur
284 1653 449 1728 eor'populi
466 1653 557 1726 hujus
572 1654 608 1709 ad
625 1652 779 1709 dominum
837 1654 879 1728 (Τ.
896 1655 955 1726 tl.)
971 1655 1131 1726 Prophetes
1146 1657 1243 1711 autem
1261 1653 1382 1727 quidam
1397 1669 1484 1711 sexex
1508 1653 1662 1712 habitabat

90 1742 186 1801 >boum
201 1760 300 1818 regem
317 1744 406 1813 luda,
421 1742 658 1816 interficientque
673 1759 731 1814 me,
751 1745 781 1799 et
835 1743 865 1800 in
882 1742 1015 1815 Beth-Ill,
1028 1744 1063 1800 ad
1076 1759 1164 1817 quem
1176 1742 1345 1800 venitDlius
1362 1759 1436 1800 suus
1450 1747 1512 1814 (ms.
1529 1743 1616 1818 ejus),
1632 1748 1662 1800 et

90 1835 138 1889 tur
151 1832 187 1889 ud
203 1850 282 1890 eum.
310 1834 343 1890 nt
365 1832 528 1907 excogitato
555 1831 689 1903 consilio,
712 1831 818 1931 ieeitB
835 1833 983 1889 narravit¹
997 1831 1022 1890 ei
1038 1831 1138 1889 omnia
1153 1848 1241 1904 opere
1256 1847 1322 1905 quat
1340 1832 1447 1888 teneret
1458 1831 1559 1889 virDei
1570 1831 1661 1891 inille

90 1922 165 1980 tulos
192 1939 307 1992 aureos,
337 1926 366 1980 et
395 1922 469 1979 dixit
491 1922 534 1979 eis
553 1938 560 1978 :
580 1920 676 1978 Nolite
701 1920 779 1977 ultre
835 1921 926 1978 disin
942 1919 1074 1989 Beth-nb
1091 1926 1121 1977 et
1136 1921 1224 1977 verbe
1240 1937 1303 1994 que
1320 1921 1434 1978 loeutus
1449 1921 1596 1979 iueratad
1612 1938 1659 1978 re·

90 2011 161 2069 rein
176 2012 340 2071 Jerusalem
358 2028 366 2068 τ
381 2028 447 2068 euoe
463 2012 503 2068 dii
528 2012 584 2080 tui,
607 2009 709 2080 isreel,
729 2009 779 2084 qui
833 2026 908 2086 gem.
924 2010 959 2067 lit
973 2011 1168 2068 narraverunt
1194 2009 1270 2082 patri
1298 2026 1363 2076 suo,
1379 2013 1408 2067 et
1422 2008 1496 2067 dixit
1517 2010 1561 2068 eis
1574 2014 1658 2084 paler

94 2105 127 2157 nt
137 2104 165 2159 te
177 2102 213 2159 de
226 2105 304 2159 terra
314 2101 439 2176 AEgypti.
461 2101 619 2174 Posuitque
640 2117 732 2158 unum
748 2099 779 2156 in
833 2116 955 2158 eorum:
970 2102 1023 2157 Per
1038 2116 1126 2173 quum
1142 2099 1219 2156 vlam
1233 2098 1330 2156 abiit‘l
1345 2098 1545 2157 ostenderunt
1562 2099 1588 2156 ei
1603 2098 1657 2158 lilii

104 2194 134 2249 et
146 2190 271 2248 alterum
291 2192 321 2248 ln
341 2197 414 2249 Dan.
433 2192 468 2249 llt
479 2191 587 2249 laetum
599 2196 645 2250 est
657 2191 779 2248 verbum
833 2193 881 2251 sui
897 2192 975 2251 viam
991 2208 1043 2267 per
1054 2208 1140 2265 quam
1155 2192 1269 2248 ebierat
1280 2192 1328 2248 sir
1342 2192 1403 2264 Dei,
1418 2191 1469 2265 qui
1488 2196 1607 2250 venerat
1621 2193 1658 2250 de

90 2285 219 2338 senatum
233 2299 240 2338 :
252 2281 312 2337 ihat
322 2282 399 2338 eninr
410 2279 537 2356 populus
548 2282 582 2337 ad
594 2281 778 2339 adorandum
832 2283 848 2340 J
854 2283 921 2339 ude.
936 2283 972 2339 llt
984 2281 1026 2339 alt
1040 2280 1111 2339 liliis
1126 2281 1189 2340 suis
1205 2297 1212 2338 :
1229 2282 1357 2339 Sternite
1373 2281 1446 2338 mibi
1462 2282 1588 2339 asinum.
1601 2282 1657 2350 Oul

103 2369 240 2443 usquein
257 2371 330 2428 Dan.
343 2370 386 2444 (Τ.
401 2370 526 2428 XLVII.)
539 2371 574 2426 Dt
585 2369 653 2426 lecit
669 2371 735 2427 lana
749 2371 778 2427 in
834 2388 902 2429 oum
917 2370 1287 2443 stravissent,aseendit,et
1297 2371 1370 2430 abiit
1381 2376 1448 2446 poet
1461 2372 1556 2429 virum
1568 2370 1620 2431 Del
1630 2376 1659 2431 et

98 2461 128 2515 et
141 2460 307 2517 secerdotes
322 2460 358 2517 de
373 2461 512 2516 extremis
526 2459 639 2533 populi,
656 2459 706 2534 qui
722 2477 779 2517 non
833 2461 946 2519 invenit
960 2476 1027 2519 eum
1043 2462 1194 2519 sedentem
1220 2461 1327 2518 subtus
1343 2460 1554 2530 terebinthum,
1571 2465 1601 2518 st
1615 2463 1658 2521 eit

90 2562 97 2604 t
115 2546 188 2604 liliis
203 2548 279 2605 lesi.
294 2547 512 2622 eonstituitque
524 2549 602 2606 diem
618 2549 778 2607 solemnem
833 2549 876 2607 illi
894 2568 901 2608 :
916 2550 999 2607 'l'uno
1014 2553 1060 2607 est
1074 2550 1117 2606 vir
1131 2549 1195 2615 Dei,
1211 2549 1261 2623 qul
1277 2550 1371 2623 (ναῖς.
1387 2553 1458 2607 lucet
1473 2548 1536 2624 qui)
1551 2550 1657 2608 venisti

90 2639 225 2708 tootavo‚
249 2636 471 2711 quintadecima
486 2638 533 2696 die
558 2639 681 2707 mensis,
696 2639 726 2696 in
742 2637 779 2697 si·
833 2639 869 2696 de
879 2638 989 2696 Juda³t
1000 2637 1163 2713 Respondit
1174 2654 1181 2695 :
1191 2638 1252 2710 ligo
1262 2654 1339 2695 sum.
1351 2637 1430 2695 Dixit
1439 2639 1474 2695 nd
1487 2654 1554 2695 enm
1566 2656 1573 2696 :
1587 2638 1656 2696 Veni
1750 2648 1753 2653 ’

90 2739 152 2782 uem
181 2726 388 2793 solemnitatis,
419 2744 484 2801 que
508 2726 727 2785 celebritatum
747 2727 777 2785 in
832 2744 948 2786 mecum
963 2728 1097 2800 domum,
1115 2731 1148 2784 ut
1162 2727 1300 2784 eomedas
1314 2742 1430 2801 panem.
1447 2727 1501 2794 Qui
1517 2727 1558 2785 alt
1572 2730 1655 2800 :Non

90 2855 91 2865 ,
106 2815 271 2872 aseendens
287 2815 391 2887 eltare,
407 2815 546 2873 similiter
560 2816 628 2874 teelt
642 2817 673 2874 iu
688 2816 778 2875 Beth·
833 2833 954 2892 possum
970 2817 1086 2884 reverti,
1098 2832 1193 2891 neque
1207 2817 1307 2874 venire
1317 2820 1425 2884 tenum,
1439 2832 1492 2874 nee
1503 2818 1653 2874 eomedam

92 2903 249 2961 mmoleret
275 2903 375 2962 vitulis
404 2922 478 2979 quos
505 2905 665 2963 lubricatus
691 2914 751 2964 erat
768 2924 775 2964 :
831 2906 1115 2980 penem,neehiham
1126 2922 1235 2979 aquam
1248 2905 1277 2961 in
1289 2904 1352 2962 loco
1363 2905 1420 2962 isto
1434 2923 1442 2962 ε
1454 2905 1524 2978 quis
1537 2905 1655 2964 loeutus

90 2992 154 3067 ique
182 2993 211 3049 ln
242 2993 360 3051 Beth-ill
390 2996 557 3053 sacerdotes
583 2994 775 3069 excelsorum,
830 3000 876 3055 eat
889 2995 1021 3053 Dominus
1035 2994 1076 3069 (h.
1094 3012 1152 3052 non
1172 2994 1271 3066 babet)
1287 2994 1322 3050 ed
1341 3011 1386 3051 me
1400 2994 1430 3050 in
1445 3010 1581 3053 sermone
1594 2995 1654 3052 Do·

90 3087 159 3139 eret.
182 3083 218 3139 Dt
241 3084 374 3140 aseendit
399 3099 489 3157 super
513 3085 604 3142 altere
631 3086 706 3157 quod
731 3102 777 3143 ex·
830 3086 902 3143 mini
919 3085 1020 3142 dicens
1036 3102 1043 3141 :
1061 3084 1125 3143 Non
1150 3084 1284 3141 consedes
1309 3099 1429 3157 panem,
1454 3100 1550 3158 neque
1569 3085 1655 3143 bibes

90 3175 101 3229 t
121 3171 153 3228 in
175 3172 309 3245 Beth-Di,
330 3173 519 3247 quindecima
538 3175 585 3231 die
604 3176 713 3233 mensis
726 3193 774 3233 oo·
831 3192 939 3250 aquem
954 3173 1231 3245 ihi,neoreverteris
1243 3174 1380 3248 perviam
1397 3190 1456 3247 qua
1470 3175 1654 3245 veneris.l)ui

92 3275 122 3317 m
138 3261 263 3319 fluxerat
278 3263 315 3319 de
333 3264 419 3321 corde
434 3280 499 3336 suo,
511 3267 539 3321 et
549 3264 617 3321 iecit
635 3265 774 3323 solemni·
790 3243 812 3311 (ἶ
832 3265 874 3324 ait
888 3265 951 3322 illi:
967 3265 1003 3322 lit
1014 3280 1068 3339 ego
1079 3263 1223 3338 propbeta
1232 3280 1299 3322 sum
1309 3262 1416 3322 similis
1424 3263 1479 3336 tui,
1491 3268 1520 3322 et
1529 3264 1655 3339 angelus

90 3348 138 3407 liis
167 3350 266 3422 Israel,
296 3356 325 3409 et
348 3352 482 3409 aseendit
510 3370 601 3427 super
624 3353 726 3424 altare,
743 3359 777 3412 ut
831 3351 1655 3413 loeutusestmibiinsermoneDominidieene:liedue

95 3436 257 3497 insensum
273 3446 335 3511 (mr.
352 3440 537 3515 adoleretur).
830 3458 899 3501 eum
913 3447 1011 3501 teoum
1027 3441 1057 3500 in
1073 3442 1192 3500 domum
1209 3445 1301 3511 tuem,
1318 3444 1347 3498 et
1361 3442 1454 3514 (t'ulq.
1465 3444 1507 3517 ut)
1520 3443 1655 3502 eomedat

93 3526 170 3599 illl,
182 3529 248 3602 Cap.
265 3529 355 3604 lllll.)
381 3531 415 3588 lit
438 3548 505 3589 eece
523 3531 567 3588 vir
578 3532 630 3590 Dei
644 3533 723 3590 venit
739 3534 776 3591 de
831 3549 948 3607 panem,
964 3536 994 3591 et
1007 3532 1090 3590 hibat
1105 3548 1225 3605 aquam,
1252 3530 1365 3588 Felellit
1392 3547 1473 3603 eum,
1488 3537 1518 3590 et
1537 3533 1654 3591 reduxit

112 3632 249 3676 sermone
276 3618 394 3676 Domini
423 3621 451 3676 iu
478 3620 608 3688 Beth-nt,
623 3623 775 3680 Jerohoem
830 3638 931 3680 seeum
944 3640 951 3678 :
964 3621 1169 3695 comeditergo
1185 3638 1291 3696 penem
1309 3622 1338 3678 in
1354 3621 1440 3678 domo
1455 3622 1531 3695 ejus,
1542 3623 1655 3680 etbihit

90 3721 158 3779 uper
170 3706 272 3781 altare,
284 3714 313 3765 et
322 3708 391 3765 thus
397 3709 525 3781 jaciente
534 3710 774 3784 (Vulplsoiente).
830 3727 947 3786 equum·
963 3710 1007 3783 (Τ.
1020 3711 1093 3783 hil.)
1103 3716 1236 3783 Cumque
1251 3711 1387 3768 sederent
1399 3711 1435 3768 ad
1452 3727 1597 3784 mensam,
1610 3711 1654 3769 la·

90 3794 172 3852 nevit
187 3802 288 3854 contre
303 3796 394 3854 altare
407 3798 437 3855 in
453 3815 588 3856 sermone
602 3800 729 3869 Domini,
748 3809 776 3860 et
830 3804 895 3859 etus
906 3804 952 3858 est
962 3816 1060 3858 sermo
1070 3800 1188 3857 Domini
1197 3800 1232 3856 ad
1245 3800 1484 3874 prophetamqui
1496 3800 1652 3857 reduxerat

91 3899 134 3953 re,
147 3885 250 3956 altare,
261 3884 407 3944 heodioit
427 3888 587 3946 Dominus:
602 3892 674 3947 Eooe
696 3889 775 3949 lilius
829 3905 908 3946 eum.
921 3892 957 3945 lit
968 3887 1146 3946 exelamavit
1160 3890 1196 3945 ad
1213 3888 1308 3944 virum
1327 3888 1386 3958 Dei,
1411 3887 1461 3962 qui
1482 3893 1600 3945 venerat
1614 3889 1651 3946 de

100 3972 203 4030 domui
214 3975 315 4046 David,
324 3975 421 4034 lorias
432 3977 561 4047 nomine,
573 3983 601 4035 et
609 3978 775 4039 immolabit
827 3977 914 4047 luda,
926 3977 1028 4034 dioene
1041 3993 1047 4034 :
1060 3977 1125 4033 Hno
1141 3977 1214 4032 dixit
1224 3977 1463 4044 Domiuuazouia
1478 3976 1651 4034 inobediens

90 4085 93 4112 ι
121 4064 289 4123 sacerdotes
316 4064 510 4136 excelsorum,
525 4068 576 4141 qui
603 4085 681 4125 nune
700 4069 775 4129 inte
828 4065 911 4151 luisti
939 4065 982 4122 ori
1009 4066 1138 4131 Domini,
1165 4070 1194 4121 et
1223 4081 1280 4122 non
1305 4065 1461 4123 custodisti
1477 4067 1649 4122 mandatum

90 4151 774 4233 teendunt,etossahominuminoendetsuper
827 4155 905 4227 quod
920 4155 1059 4228 praeoepit
1074 4154 1128 4210 tibi
1153 4154 1215 4226 (ms.
1238 4160 1311 4212 tecet
1326 4154 1390 4228 tihi)
1412 4154 1556 4211 Dominus
1570 4159 1649 4211 Deus

90 4256 146 4313 qus
168 4240 198 4297 in
222 4243 270 4301 die
283 4243 334 4300 illa
357 4244 474 4318 signum
503 4245 605 4303 dioens
621 4263 627 4302 :
644 4247 703 4305 lloe
718 4248 774 4306 erit
827 4247 909 4311 tuus,
926 4246 955 4300 et
968 4259 1103 4301 reversus
1117 4248 1196 4315 es,et
1211 4243 1364 4300 comedisti
1381 4246 1534 4317 panem,et
1548 4243 1649 4301 bibisti

90 4330 280 4402 quodlooutus
290 4338 334 4389 est
343 4334 500 4392 Dominus:
513 4338 584 4393 lteee
594 4335 684 4394 altere
694 4337 773 4394 sein·
828 4349 936 4400 equam
951 4333 982 4389 in
997 4331 1061 4390 loeo
1076 4334 1106 4389 ln
1122 4348 1180 4406 quo
1194 4333 1331 4407 precepit
1353 4333 1415 4405 (me
1441 4334 1648 4407 preceperam)

90 4418 279 4477 leflundelur
297 4420 382 4494 cinis,
399 4423 449 4494 qui
474 4422 505 4479 in
524 4440 557 4481 00
572 4429 626 4481 eet.
642 4427 773 4500 Cumque
826 4421 880 4481 tibi
897 4439 933 4479 ne
948 4422 1117 4480 comederes
1142 4439 1247 4496 panem
1273 4438 1367 4496 neque
1398 4421 1514 4479 biberes
1528 4438 1647 4495 aquam,

97 4522 323 4566 rexeermonem
335 4510 465 4568 hominis
475 4512 623 4586 Dei‚quem
634 4513 774 4575 inclama·
826 4528 885 4568 non
901 4511 1043 4568 inseretur
1055 4510 1256 4584 (meintertur)
1270 4512 1486 4569 cadavertuum
1499 4510 1530 4567 in
1545 4511 1648 4583 sepul·

90 4613 106 4653 r.
120 4596 342 4670 exclamaverat)
367 4605 470 4657 eontra
484 4600 576 4658 altere
594 4603 623 4659 in
640 4604 768 4674 Beth-ll),
784 4601 808 4666 1)
823 4618 906 4658 erum
922 4605 1039 4675 patrum
1050 4601 1315 4675 tuorumcurnque
1327 4599 1646 4674 comedissetethihis·

90 4700 212 4743 manum
228 4703 313 4744 suem
337 4688 373 4745 de
397 4686 493 4758 alteri,
515 4688 617 4748 dicens
634 4710 641 4749 :
656 4695 769 4766 Appre-
825 4696 871 4746 set
884 4689 989 4747 stravit
1005 4689 1120 4745 asinum
1141 4706 1228 4746 suum
1246 4690 1403 4763 prophetae.
1421 4705 1508 4762 quem
1523 4690 1644 4748 redure-

90 4788 160 4829 rum.
176 4779 220 4843 (Τ.
243 4775 351 4849 Xhlll).
376 4780 410 4833 Et
433 4779 549 4834 exaruit
573 4797 679 4837 manus
693 4784 769 4855 eJ‘us,
824 4783 880 4836 ret,
895 4780 949 4844 Qui
965 4794 1032 4835 eum
1058 4779 1190 4849 abiisset,
1214 4778 1325 4835 invenit
1347 4794 1415 4836 eum
1439 4778 1485 4836 leo
1500 4779 1601 4853 invia,
1616 4787 1647 4837 et

90 4863 221 4921 tenderet
235 4869 339 4922 uentre
355 4881 434 4935 eum;
447 4883 501 4923 nee
515 4866 607 4925 veluit
622 4872 769 4930 retrahere
824 4868 941 4938 oceidit,
956 4872 984 4924 et
998 4872 1061 4924 erat
1074 4868 1198 4924 oedaver
1210 4869 1275 4938 ejus
1291 4868 1455 4941 projectum
1471 4867 1501 4924 in
1516 4867 1621 4926 itinere
1637 4887 1644 4926 ι

90 4966 121 5008 o.
136 4949 236 5010 attere
251 4969 372 5026 quoque
386 4955 514 5012 suissum
540 4961 595 5025 eei,
610 4964 639 5015 et
657 4960 768 5018 ellusus
822 4957 925 5014 asinus
940 4960 1039 5014 autem
1051 4957 1150 5014 stabat
1160 4958 1242 5029 juxte
1254 4955 1349 5028 illum,
1361 4961 1390 5014 et
1401 4955 1446 5014 leo
1456 4957 1646 5030 etnhatjuxte

95 5039 133 5098 de
143 5039 239 5110 alteri,
258 5042 344 5113 iuxta
358 5044 476 5117 signum
492 5046 570 5118 quod
596 5049 768 5119 predixerat
822 5047 956 5103 cadaver.
971 5049 1006 5103 nt
1019 5060 1086 5103 ecoe
1101 5045 1155 5102 viri
1165 5050 1353 5104 transeuntes
1373 5047 1510 5104 viderunt
1524 5047 1646 5103 oedaser

90 5127 215 5201 dedebat)
227 5130 271 5186 vir
298 5130 349 5188 Dei
373 5131 404 5188 in
433 5149 569 5191 sermone
589 5137 716 5194 Domini.
732 5139 768 5196 nt
822 5136 984 5209 projectum
999 5135 1030 5193 iu
1045 5136 1099 5206 via,
1117 5142 1146 5193 et
1166 5136 1280 5194 leonem
1302 5140 1430 5194 stantem
1451 5139 1536 5208 juxte
1557 5136 1645 5193 oede-

90 5217 96 5275 l
112 5217 210 5277 virum
220 5219 271 5277 Dei
283 5236 290 5276 ε
302 5219 462 5294 Deprecere
472 5223 575 5280 laniem
586 5227 704 5285 Domini
714 5227 766 5286 Dei
820 5241 880 5282 ver.
897 5226 933 5282 Dt
945 5232 1100 5296 venerunt,
1116 5232 1145 5284 et
1168 5226 1394 5300 divulgaverunt
1418 5227 1448 5283 in
1470 5223 1598 5293 eivitate,
1613 5225 1644 5281 in

100 5476 170 5544 Onu
186 5477 377 5562 subsequitur
394 5479 562 5565 soholiaatis
576 5487 686 5558 notam,
702 5503 766 5546 exe·
819 5493 940 5550 verbum
955 5492 1010 5552 hoo
1025 5493 1142 5568 penitus
1157 5494 1278 5552 omittit.

90 5552 156 5607 itote
183 5548 301 5625 litteris,
329 5568 362 5609 ee
391 5556 581 5625 conjectando
599 5559 764 5635 extendisse,
855 5563 1012 5638 'vulgati
1027 5573 1161 5623 uenerunt
1175 5568 1231 5638 filii
1243 5565 1299 5633 sui,
1316 5570 1344 5622 et
1357 5567 1545 5622 narraverunt
1565 5567 1624 5621 ete-

97 5621 227 5681 monuit.
740 5704 747 5718 Ι
854 5635 1037 5694 ³verouene.
1069 5655 1123 5694 ms.
1152 5641 1293 5694 emit:et
1320 5653 1387 5693 mox
1413 5652 1480 5692 cum
1497 5608 1643 5711 volgatis

100 5708 171 5766 ms,
184 5693 349 5753 celebretur.
368 5694 510 5754 llehrsleu
524 5703 622 5756 autem
647 5701 765 5775 phrasis
819 5708 970 5781 Respondit
983 5708 1032 5766 itte
1049 5727 1056 5767 :
1073 5713 1234 5783 utrumque
1247 5709 1284 5766 ah
1299 5707 1419 5766 Hebreo
1434 5706 1564 5781 longius.
