3878 6150
127 294 182 356 563
653 300 682 353 S.
703 294 907 351 ffllteortrut
926 293 1053 348 nivem
1070 292 1319 348 stettorflttce.

131 427 215 482 terre
230 423 364 481 funditus
377 422 548 495 coequavit.
560 420 721 493 Respondit
737 419 774 487 is,
786 418 834 474 cui
851 418 951 490 loque·
966 416 994 485 Α
1009 415 1080 472 bant
1095 421 1197 473 contre
1212 418 1429 489 eum.Cumque
1444 418 1573 475 venisset
1587 416 1704 475 Gedeon
1722 434 1744 475 er

132 514 219 571 betur
234 531 241 569 :
258 513 319 569 Non
336 516 381 569 est
396 512 451 568 hoc
466 511 558 581 eliud,
575 510 632 566 nisi
659 509 775 581 gladius
799 507 954 576 Gedeonis,
1012 505 1129 575 denam,
1157 505 1294 562 transivit
1319 522 1384 562 cum
1412 523 1480 562 eum
1505 506 1644 565 trecentis
1673 507 1744 564 viris

132 601 273 670 dliilcas,
289 601 345 657 viri
355 600 510 670 Israelita;
528 599 648 656 tradidit
663 598 740 655 enim
760 604 835 654 Deus
859 598 953 669 [Vulp.
1011 611 1109 651 sectius
1122 602 1215 664 erant,
1228 601 1257 652 et
1268 614 1325 669 pre
1337 597 1523 666 lassitudine,
1539 598 1685 670 fugientes
1697 614 1744 671 per

132 690 330 763 Dominus],in
348 707 453 746 manus
469 691 533 761 ejus
547 690 662 745 Madian
686 692 714 743 et
738 687 837 743 omnia
860 692 956 742 cestra
1011 701 1068 740 non
1085 690 1227 758 poterant.
1246 687 1380 759 Dixitque
1404 688 1440 742 ad
1465 687 1543 743 viros
1566 686 1691 743 Soccoth
1718 705 1726 743 τ

133 781 209 852 ejus.
225 783 358 852 Cumque
373 779 505 836 audisset
520 779 637 835 Gedaun
651 777 810 844 somnium,
825 780 854 832 et
865 775 955 832 inter·
1010 775 1141 844 obsecro,
1159 792 1248 847 penes
1265 775 1381 848 populo,
1399 776 1449 847 qui
1465 793 1578 833 mecum
1595 781 1651 843 est,
1668 778 1740 850 quie

131 869 324 943 pretationem
341 869 415 941 ejus,
431 867 571 935 adoravit,
588 872 616 923 et
642 882 774 922 reversus
799 866 833 921 ad
860 870 956 920 castre
1010 863 1744 938 deiecerunt,}utpossimuspersequiZebeeetSelr

132 958 233 1027 lsrael,
250 959 292 1016 ait
305 958 433 1030 Surgile,
449 957 572 1013 tradidit
588 955 665 1011 enim
681 955 822 1011 Dominus
838 955 867 1010 iu
894 947 953 1010 ma·
1010 969 1093 1025 reges
1110 953 1236 1008 Madian.
1254 954 1478 1025 Responderunt
1504 955 1651 1027 principes
1674 955 1744 1012 Secu

134 1064 191 1105 nus
216 1052 333 1104 nostres
357 1050 452 1103 castre
476 1045 604 1102 Madian.
628 1044 786 1115 Divisitque
811 1047 955 1099 trecentos
1010 1042 1142 1098 Forsitan
1155 1042 1257 1114 palmae
1273 1059 1414 1098 manuum
1432 1043 1522 1098 Zebee
1535 1049 1563 1099 ct
1576 1044 1741 1100 Selmenei

133 1136 212 1195 viros
225 1137 255 1193 in
270 1141 329 1193 tres
344 1140 452 1209 partes,
468 1137 497 1190 et
512 1134 591 1190 dedit
607 1132 738 1204 tubasgin
754 1132 892 1187 manibus
907 1147 954 1186 eo·
1010 1149 1049 1187 nu
1065 1136 1115 1187 tua
1131 1136 1242 1199 suntet
1258 1132 1366 1188 idcirce
1382 1133 1514 1204 postulas
1528 1140 1562 1189 ut
1577 1134 1680 1190 demus
1697 1151 1744 1192 exe

134 1241 212 1294 rum,
225 1221 762 1297 lagenasquevacueseclampadesin
775 1219 955 1290 mediclage·
1009 1225 1059 1276 tuo
1075 1235 1174 1292 penes.
1192 1220 1304 1284 Quibus
1320 1220 1369 1276 ille
1392 1222 1432 1278 ait
1455 1238 1462 1277 :
1488 1221 1560 1278 Cum
1586 1239 1655 1296 ergo
1680 1225 1745 1281 tred

134 1313 583 1376 aarum.lltdiritadeos:Qu0d
594 1310 890 1377 metaccrcvidsritis,
901 1310 955 1365 hoc
1010 1310 1154 1366 Dominus
1169 1311 1296 1366 Zebeeet
1307 1309 1447 1367 Selmena
1463 1313 1492 1367 in
1509 1329 1611 1368 manus
1626 1330 1744 1384 meast

134 1401 239 1466 inciter
255 1402 401 1474 ingrediar
411 1407 522 1474 partem
535 1406 709 1467 castrorum,
725 1404 752 1456 et
767 1400 845 1471 quod
861 1399 955 1455 secero
1010 1415 1070 1455 rem
1085 1416 1188 1455 carnes
1203 1405 1313 1455 vestras
1326 1416 1393 1455 cum
1410 1401 1505 1473 spinis
1520 1402 1699 1474 tribulisque
1713 1403 1744 1460 de

133 1490 298 1549 sectemini.
314 1490 435 1555 Quando
451 1488 715 1563 personueritluba
727 1489 755 1543 in
773 1504 862 1544 manu
879 1503 954 1553 mee,
1009 1493 1043 1543 [lt
1059 1488 1126 1545 inde
1139 1489 1433 1556 conscendens‚venit
1448 1489 1477 1545 in
1493 1490 1625 1548 Phanuel
1640 1492 1740 1549 :locut

134 1596 186 1637 vos
200 1596 317 1654 quoque
333 1596 384 1652 per
406 1584 570 1636 castrorum
596 1578 752 1635 circuitum
777 1576 902 1649 clangite
926 1581 955 1632 ct
1009 1582 1054 1634 est
1066 1579 1102 1634 ad
1114 1578 1190 1634 viros
1202 1578 1330 1649 ejusleci
1347 1579 1466 1635 similia.
1483 1581 1534 1636 Cui
1549 1581 1592 1637 illi
1604 1583 1744 1655 responde

134 1669 325 1737 conclamate,
338 1668 460 1726 Domino
475 1673 504 1725 et
518 1667 655 1724 Gedeoni.
672 1667 885 1739 ingressusque
900 1664 953 1721 Ge·
1009 1667 1086 1724 sicut
1097 1668 1309 1738 responderunt
1320 1669 1374 1722 viri
1386 1669 1519 1725 Soecoth.
1534 1670 1610 1726 Dixit
1623 1672 1744 1745 itaquee

134 1759 220 1829 deon,
236 1761 266 1815 et
280 1757 402 1816 trecenti
418 1757 472 1813 viri
488 1755 537 1829 qui
553 1759 637 1811 erant
651 1771 718 1812 cum
732 1771 776 1822 eo,
792 1754 821 1810 in
843 1759 954 1826 partem
1009 1756 1081 1812 Cum
1096 1772 1231 1811 reversus
1248 1757 1327 1813 luero
1343 1757 1435 1812 victor
1450 1759 1478 1813 in
1496 1774 1575 1831 pace,
1592 1761 1744 1818 destruam

135 1852 311 1918 castrorum,
327 1846 537 1918 incipientibus
552 1844 661 1917 vigiliis
676 1844 771 1900 noctis
789 1844 901 1915 media,
927 1849 956 1900 et
1010 1860 1069 1900 rem
1085 1844 1172 1900 benc.
1187 1845 1277 1901 Zebee
1292 1851 1390 1901 autem
1407 1851 1435 1902 et
1449 1846 1587 1904 Selmena
1609 1850 1744 1922 nequisse

134 1936 305 1994 custodibus
320 1934 480 2006 suscitatis,
496 1939 647 2006 caeperunt
661 1933 794 1989 buccinis
809 1933 954 2006 clangere,
1009 1950 1075 1990 cum
1088 1933 1168 1989 omni
1179 1934 1305 1990 exercitu
1317 1952 1380 1991 suc.
1396 1936 1568 2002 Quindecim
1580 1938 1658 1994 enim
1676 1939 1741 1996 mill

133 2027 162 2082 et
176 2024 362 2098 complodere
377 2024 453 2080 inter
467 2040 499 2080 se
513 2008 642 2095 lagonas.
660 2023 701 2095 [C.
718 2022 843 2096 XllVlL]
866 2022 952 2079 Cum·
1008 2024 1401 2081 remanserantexomnibus
1413 2027 1519 2081 turmis
1534 2026 1722 2084 orientalium
1740 2046 1744 2100 ν

132 2130 190 2186 que
202 2130 254 2188 per
267 2128 371 2187 gyrum
398 2116 563 2169 castrorum
586 2111 617 2167 in
644 2112 738 2168 tribus
763 2118 953 2184 personarent
1006 2111 1198 2181 lorum,caesis
1213 2117 1331 2169 centum
1347 2114 1451 2187 viginti
1467 2115 1600 2174 millibus
1616 2117 1742 2175 bellator

129 2202 214 2273 loeis,
229 2207 258 2260 et
273 2202 392 2276 hydrias
407 2200 629 2273 confregissent,
646 2205 804 2257 tenuerunt
822 2201 952 2258 sinistris
1006 2201 1194 2258 educentium
1220 2202 1362 2275 gladium.
1387 2205 1616 2278 Ascendensque
1638 2207 1744 2266 Godeor

129 2290 268 2349 manibus
284 2290 447 2363 lampades,
463 2295 492 2347 et
507 2290 615 2346 dextris
631 2295 768 2347 senentes
784 2290 880 2361 tubes,
891 2291 950 2348 cle·
1005 2291 1082 2347 viem
1097 2307 1195 2347 eoram
1212 2294 1261 2363 qui
1287 2292 1317 2347 in
1343 2292 1540 2350 tabernaculis
1567 2297 1741 2355 morabantu

130 2384 340 2453 moveruntque
351 2379 490 2439 :Gladius
502 2379 618 2436 Domini
631 2385 660 2436 et
673 2379 827 2449 Gedeonis,
837 2385 950 2438 stantes
1006 2378 1175 2436 orientalem
1187 2384 1299 2452 partem
1313 2381 1392 2436 Nobe
1403 2387 1431 2437 et
1440 2381 1561 2454 legbaa,
1574 2386 1720 2456 percussit
1734 2403 1744 2443 e

125 2470 235 2545 singuli
249 2471 278 2526 iu
289 2467 417 2527 locoaue
429 2468 949 2540 percircuitumcastrorumhostium
1005 2468 1148 2537 hostium,
1164 2469 1215 2540 qui
1232 2470 1324 2526 secuti
1340 2474 1432 2538 erant,
1449 2475 1477 2527 ct
1492 2472 1567 2528 nihil
1592 2474 1705 2531 adversi
1733 2493 1744 2533 s

126 2559 225 2634 [Vulp.
250 2558 425 2631 hostilium]
451 2557 557 2615 Omnia
581 2558 681 2630 itaque
709 2563 805 2614 cestra
831 2559 950 2615 turbata
1004 2559 1156 2616 dabantur.
1185 2559 1391 2632 Fugeruntque
1419 2561 1509 2617 Zebee
1530 2565 1558 2618 et
1580 2563 1730 2637 Selmena,

125 2653 208 2720 suut,
218 2653 246 2706 et
261 2648 464 2717 vociferantes,
474 2647 682 2720 ululantesque
698 2647 844 2720 sugerunt,
861 2654 890 2704 et
905 2651 949 2704 ui·
1004 2663 1183 2720 persequens
1208 2648 1322 2704 Gedeon
1348 2651 1579 2724 comprehendit,
1604 2653 1725 2710 turbato

48 2784 52 2791 .
126 2735 288 2795 hilominus
300 2737 479 2795 insistebant
493 2735 615 2792 trecenti
629 2735 683 2792 viri
699 2736 831 2794 buccinis
847 2755 949 2810 perso·
1004 2739 1129 2792 exercitu
1146 2755 1257 2794 eorurn.
1275 2738 1491 2812 Revertensque
1506 2741 1541 2796 de
1563 2741 1638 2798 bello
1662 2748 1732 2800 ante

127 2830 242 2885 nentes.
258 2825 448 2904 [exxvlllq
465 2825 649 2896 Immisitque
664 2825 803 2881 Dominus
816 2825 948 2899 gladium
1003 2826 1308 2898 ortum‚epprehendit
1323 2845 1446 2899 puerum
1462 2830 1497 2885 de
1513 2831 1584 2886 biris
1600 2831 1724 2889 Soccoth

127 2916 158 2974 in
173 2917 311 2975 omnihus
326 2915 442 2988 castris,
456 2921 484 2971 st
500 2919 603 2972 mutua
618 2931 649 2971 se
664 2915 742 2971 caedc
760 2917 948 2989 truncabant,
1003 2916 1216 2987 terrogavitquc
1231 2932 1299 2972 cum
1317 2917 1436 2973 nentina
1451 2920 1617 2992 principum
1633 2926 1662 2977 et
1676 2923 1742 2979 seni

125 3005 273 3079 fugientes
288 3019 382 3077 usque
397 3004 433 3060 ed
450 3002 617 3069 Beth-Sata,
632 3007 661 3059 et
673 3003 851 3075 crepidinem
865 3005 949 3062 Abel·
1003 3004 1136 3075 soccoth,
1152 3011 1181 3061 et
1204 3005 1363 3078 descripsit
1387 3009 1575 3082 septuaginta
1601 3015 1714 3083 septem
1740 3030 1744 3047 ¹

126 3093 222 3150 lleula
236 3094 266 3150 in
282 3090 660 3150 rotbrehcoeclemaeres
675 3099 773 3149 eutem
789 3094 841 3149 viri
860 3095 947 3151 lsrael
1003 3093 1147 3165 Venitque
1162 3095 1198 3149 ud
1214 3094 1347 3164 Soccolb,
1373 3100 1402 3152 et
1424 3097 1500 3153 dixit
1524 3099 1566 3154 eie
1592 3116 1598 3155 :
1623 3100 1663 3156 lln
1687 3101 1744 3157 Zsh

124 3184 160 3239 de
174 3182 342 3255 Nephtbali,
353 3187 382 3238 et
394 3183 476 3252 Aser,
490 3185 520 3237 et
533 3182 613 3237 omni
629 3181 774 3251 blanasse,
791 3200 945 3257 perseque-
960 3171 982 3239 C
1003 3182 1151 3250 Selmena,
1162 3199 1252 3256 super
1263 3185 1371 3254 quibus
1382 3186 1580 3257 exprobrastis
1592 3188 1676 3259 mihi,
1686 3189 1744 3247 dict

122 3271 232 3328 benlm
244 3270 515 3341 MediamMisilque
526 3269 641 3326 Gedeon
654 3270 773 3327 nuntios
784 3271 814 3327 in
828 3288 945 3330 ornnem
1001 3272 1135 3328 Forsitan
1151 3289 1257 3329 manus
1272 3274 1361 3331 Zebee
1374 3279 1402 3330 st
1416 3275 1554 3333 Selmena
1569 3277 1598 3332 in
1615 3279 1744 3336 manibur

124 3363 254 3418 montem
269 3358 532 3432 Ephraimdicens
542 3374 548 3413 :
560 3359 731 3415 Descendite
745 3359 774 3415 in
790 3376 946 3419 occursum
1001 3368 1081 3429 sunt,
1096 3367 1126 3418 et
1141 3362 1248 3419 idcirco
1265 3363 1398 3435 postulas
1412 3370 1445 3421 ut
1459 3366 1565 3423 demus
1580 3367 1662 3437 viris,
1678 3369 1732 3441 qui

123 3448 252 3520 Madian,
269 3453 298 3505 et
311 3452 452 3519 occupate
466 3463 560 3519 aquas
575 3463 669 3518 usque
683 3447 754 3504 Beth
772 3453 844 3505 Bere
859 3456 947 3524 etque
1002 3456 1109 3509 suntet
1120 3453 1300 3523 defecerunt,
1316 3469 1418 3525 panes.
1434 3455 1513 3512 Tulit
1527 3472 1594 3527 ergo
1610 3458 1743 3516 seniores

121 3537 292 3594 Jordenem.
302 3535 502 3608 Clamavitque
516 3535 613 3592 omnis
630 3535 779 3609 Ephraim,
795 3543 825 3594 et
839 3555 947 3610 praec·
1000 3541 1070 3598 tetis
1085 3546 1114 3597 et
1126 3541 1228 3614 spinas
1243 3542 1351 3598 deserti
1368 3559 1400 3599 ac
1416 3543 1552 3615 tribules,
1564 3550 1593 3601 el
1607 3546 1743 3604 contrivit

124 3625 243 3700 oupaeit
257 3642 350 3698 aquas
365 3641 459 3697 aeque
482 3624 550 3681 Beth
573 3628 647 3681 Dara
668 3633 753 3695 elque
777 3628 944 3685 tardarem.
1001 3631 1335 3702 eis,utquscomminuit
1345 3631 1423 3688 viros
1433 3633 1696 3692 soccothlurrem
1709 3653 1744 3710 qu

123 3715 387 3790 Apprebensosque
400 3715 475 3771 duos
490 3713 568 3771 viros
583 3714 708 3784 Madian,
728 3716 802 3772 ltreb
827 3721 855 3773 et
878 3718 945 3789 Zeb‚
1001 3720 1129 3776 Phanuel
1146 3720 1299 3790 subvertit,
1316 3721 1421 3778 occisis
1446 3721 1662 3781 habitatoribus
1687 3726 1743 3785 civi

123 3804 272 3863 interfecit
286 3805 362 3862 Qreb
378 3805 408 3860 iu
424 3807 510 3860 Petra
525 3803 611 3871 Oreb,
627 3804 682 3860 Zeb
700 3821 765 3860 vero
782 3807 811 3862 iu
835 3807 945 3864 Torcu-
1000 3812 1040 3884 [D.
1054 3812 1169 3879 XXXI]
1185 3809 1324 3882 Dixitque
1338 3812 1375 3867 ed
1390 3812 1480 3869 Zebee
1495 3817 1524 3869 et
1539 3813 1678 3871 Selmena
1696 3832 1704 3871 ε
1720 3817 1743 3883 Q

122 3893 176 3950 leri
193 3894 258 3950 Zeb.
275 3895 316 3969 [C.
333 3893 440 3966 xxlxq
458 3891 491 3948 tr
504 3893 650 3965 persecuti
666 3898 737 3949 sunt
752 3894 878 3967 Madian,
895 3913 944 3953 ce·
1000 3902 1118 3957 luerunt
1129 3900 1193 3967 viri,
1205 3917 1279 3972 quos
1290 3901 1438 3957 occidistis
1450 3901 1480 3958 ia
1491 3903 1686 3970 ThaburtQui
1702 3922 1744 3963 rer

121 3984 183 4056 pita
200 3983 275 4041 Oreb
290 3987 319 4039 et
333 3983 390 4040 Zeb
407 3986 557 4055 portantes
573 3983 608 4038 ad
626 3981 743 4039 Gsdcon
760 3983 768 4017 ¹
784 3985 820 4041 de
845 3993 945 4044 contre
1000 3991 1107 4047 derunt
1122 4007 1128 4046 :
1146 3989 1263 4046 Similes
1277 3989 1331 4060 tui,
1357 3995 1385 4046 et
1411 4008 1488 4047 uuus
1512 4010 1546 4048 ex
1568 3993 1609 4050 cis
1625 3997 1720 4071 ‚numi

119 4072 395 4130 fluenlelordenis.
1000 4080 1088 4152 regis.
1105 4079 1217 4144 Quibus
1238 4079 1287 4134 ille
1312 4079 1353 4135 ait
1376 4080 1465 4153 [Valp.
1491 4084 1652 4155 respondit]
1678 4101 1685 4140 :
1711 4089 1744 4141 llr

154 4162 233 4235 [Cep.
249 4160 339 4233 Vlll.]
355 4161 557 4234 Dixeruutque
573 4161 609 4218 ed
623 4176 689 4217 cum
706 4161 759 4216 viri
772 4162 910 4236 Ephraim
938 4185 945 4224 ι
1001 4169 1058 4225 mei
1075 4169 1202 4236 luerunt,
1219 4167 1270 4222 lilii
1284 4169 1387 4225 matris
1403 4186 1482 4226 mcae.
1499 4171 1573 4229 Vivit
1587 4172 1741 4243 Dominus,

119 4249 417 4324 Quidesthocqued
433 4251 672 4319 lacerevoluisti,
691 4256 796 4308 utnon
821 4270 874 4311 nos
897 4272 946 4313 vo·
1002 4260 1025 4315 si
1056 4257 1227 4314 servassetis
1249 4272 1309 4327 eos,
1334 4274 1392 4314 non
1417 4276 1466 4315 vos
1491 4261 1662 4318 occiderem.
1688 4264 1742 4320 Dix

116 4355 208 4411 ceree,
224 4355 292 4396 uum
308 4341 344 4396 ad
366 4355 497 4412 pugnem
525 4356 661 4414 pergeres
684 4345 787 4397 contre
811 4345 948 4401 Madian?
1002 4347 1102 4405 lether
1118 4346 1313 4418 primogenito
1328 4365 1381 4403 suo
1408 4365 1414 4403 :
1437 4349 1539 4421 Surge,
1555 4357 1584 4407 el
1606 4351 1739 4411 interfice

112 4428 255 4500 jurgante
267 4428 391 4498 sortiter,
404 4432 433 4486 et
446 4445 535 4500 prope
545 4430 602 4485 vim
614 4429 783 4487 inserentes.
795 4432 834 4503 [C.
848 4432 946 4517 xqu
1003 4438 1055 4505 Qui
1074 4453 1130 4493 non
1146 4436 1245 4492 eduxit
1261 4436 1529 4509 gladium2limcbet
1543 4440 1631 4509 enim,
1643 4441 1714 4514 quie
1729 4461 1744 4499 a

117 4516 230 4583 Quibus
245 4516 295 4574 ille
309 4517 558 4591 responditzQuid
575 4519 652 4575 enirn
670 4519 727 4577 tels
743 4521 836 4577 lacere
850 4516 943 4595 potui,
960 4549 983 4614 D
1002 4544 1075 4601 puer
1098 4530 1170 4582 crat.
1197 4528 1394 4599 bircruntque
1417 4528 1507 4584 Zebee
1531 4533 1560 4585 et
1583 4529 1725 4589 Selmena

116 4605 203 4678 quale
232 4622 283 4663 vos
314 4606 450 4664 lecistis?
476 4613 580 4664 Nonne
607 4607 709 4665 molior
737 4614 783 4665 est
810 4627 942 4669 racemus
996 4634 1094 4690 surge,
1109 4621 1136 4672 ct
1151 4614 1228 4670 irrue
1245 4615 1273 4671 in
1291 4618 1534 4689 nus,quiajuxte
1548 4623 1663 4675 atatem
1674 4623 1744 4679 robu

115 4692 264 4767 Ephraim,
275 4694 430 4754 vindemiis
439 4696 572 4753 Abiczer‘l
588 4698 620 4754 ln
633 4714 740 4754 munus
755 4702 867 4757 vestras
881 4707 940 4758 tra·
995 4705 1135 4765 bominis.
1151 4705 1281 4759 Surrexit
1305 4704 1434 4776 Gsteon,
1461 4713 1489 4762 ot
1512 4707 1655 4764 interiecit
1681 4710 1744 4767 'debr

115 4781 197 4839 dedit
206 4782 348 4841 Dominus
360 4785 506 4858 principes
520 4787 646 4850 Madian,
656 4786 730 4844 Orsb
745 4792 772 4843 et
786 4788 939 4863 Zcbzquid
995 4795 1144 4860 Selmena,
1162 4791 1229 4848 tulit
1242 4799 1415 4850 ornamenta
1432 4812 1464 4850 ec
1479 4795 1587 4865 bullas,
1612 4796 1723 4868 quibus

114 4869 173 4930 lale
187 4872 283 4930 lacere
303 4875 397 4947 potui,
422 4876 508 4949 quale
533 4893 584 4933 vos
608 4874 742 4934 lecistis?
765 4878 847 4944 Quod
871 4896 939 4937 cum
994 4882 1137 4957 regalium
1154 4880 1332 4939 cenrelcrum
1348 4884 1479 4940 decorari
1495 4884 1601 4943 solent.
1622 4888 1744 4945 Dixeras

113 4960 231 5020 locutus
245 4966 334 5031 esset,
351 4963 490 5037 requievit
504 4965 626 5038 spiritus
641 4982 754 5033 eorum,
769 4983 827 5040 quo
844 4972 938 5025 tume-
994 4988 1095 5029 omnes
1111 4970 1164 5028 viri
1182 4971 1270 5028 lsrael
1285 4973 1321 5028 ad
1338 4974 1453 5030 cheon
1471 4991 1478 5029 ι
1497 4975 1651 5033 Dominerc
1668 4986 1745 5036 nostr

146 5180 204 5236 ¹lu
221 5177 341 5236 Hebraeo
357 5183 402 5237 cst
417 5165 491 5252 preth
514 5189 611 5253 tatto,
634 5197 740 5238 mercer
762 5182 936 5256 beliardem,
993 5187 1171 5257 Spmmartus
1185 5183 1342 5255 ἐξεναντίας,
1359 5185 1388 5242 id
1402 5191 1450 5256 cst,
1476 5192 1563 5256 treas,
1588 5189 1633 5245 vel
1658 5191 1692 5249 dc
1713 5209 1744 5250 ce

110 5266 189 5341 quod
204 5267 396 5341 Septuaginta
411 5266 464 5322 ἀπὸ
479 5268 561 5343 πέραν
578 5272 627 5324 τοῦ
641 5266 792 5346 Ἰορδάνου,
819 5272 880 5328 sive
905 5278 937 5329 ul
992 5259 1047 5314 A'i'-
1063 5275 1135 5314 ¹¹¹⁵&
1152 5256 1312 5314 Biblifflflffl
1328 5258 1439 5331 legunt>
1455 5263 1542 5316 mm·
1559 5261 1654 5318 MART·

107 5338 137 5395 in
160 5355 217 5396 ms.
242 5339 438 5398 Alexandrino
463 5338 494 5395 ta
517 5341 566 5395 red
594 5339 676 5415 πέραν
706 5345 755 5396 τοῦ
784 5340 935 5417 Ἰορδάνου,
1027 5346 1171 5402 -Nostri
1187 5364 1271 5414 mse,
1287 5347 1322 5403 ed
1335 5347 1440 5404 chcon
1452 5358 1529 5405 trans
1547 5350 1652 5423 lluerrtc
1674 5353 1744 5411 lord

110 5410 140 5467 id
155 5418 210 5479 est,
230 5410 264 5467 de
287 5425 365 5468 lacae
387 5412 548 5479 dordonam,
577 5414 801 5471 transtulerunt.
825 5421 935 5488 Cenon,
993 5417 1066 5474 lllud
1083 5419 1228 5474 decontra
1244 5420 1375 5491 pressius
1391 5420 1480 5477 haeret
1496 5422 1612 5478 llebraeo
1629 5434 1727 5496 naum,

111 5485 208 5538 contra
221 5484 326 5552 ducale
340 5484 477 5542 Iordanis.
494 5490 531 5541 et
545 5485 738 5559 llieronpmus
761 5487 934 5558 particulam
989 5494 1040 5546 tur
1055 5507 1111 5563 quc
1127 5490 1188 5561 ipsc
1199 5492 1394 5555 llieronvmus
1406 5499 1472 5573 poet
1483 5493 1616 5564 Aquilam
1629 5503 1658 5553 at
1668 5499 1738 5569 Sym

110 5553 145 5608 de
161 5553 356 5627 supplendam
371 5556 487 5613 monuit
501 5573 554 5613 nos
570 5556 620 5612 lib.
636 5558 670 5614 dc
684 5559 752 5615 locis
766 5558 908 5616 ltebraicia
923 5579 933 5619 .·
989 5561 1060 5618 bum
1078 5563 1218 5634 probasse
1235 5563 1286 5620 lib.
1303 5548 1335 5620 dc
1350 5565 1434 5636 locta,
1450 5566 1486 5621 ad
1502 5581 1602 5624 vocem
1617 5567 1744 5638 Derdam

109 5622 337 5700 hoelminquit,
347 5643 398 5701 pre
412 5643 466 5702 qao
477 5628 581 5704 Aquila
595 5631 750 5703 transtulit,
761 5627 815 5685 ἀπὸ
829 5629 932 5708 κίρνη
988 5637 1016 5691 et
1030 5633 1164 5692 llertien.
1178 5638 1271 5691 notet.
1305 5659 1309 5665 ·
