3870 6120
105 223 159 278 979

139 348 240 403 leones
251 345 400 415 eiecerunt
418 356 506 399 eum:

104 420 223 476 Primus
239 416 365 471 eomedit
379 431 445 470 eum
463 429 512 468 rex
527 416 623 467 Assur

142 493 198 546 iste
214 487 391 543 novissimus
407 484 553 542 exossavit
568 499 648 540 sum.
665 480 935 540 Nabuchodonosor

142 579 192 617 rex
207 557 374 630 Babylonis.

108 635 260 704 Propterea
297 629 358 685 huo
382 628 453 684 dieit
475 626 619 683 Dominus
646 624 828 682 exereituum
857 623 934 681 Deua

143 702 250 759 lsrael:

107 781 179 833 Beue
194 788 247 845 ego
262 770 388 826 visitabo
404 785 500 841 regem
520 767 726 841 Babylonis,et
736 770 846 823 terram
859 766 933 837 ejus,

145 847 221 901 siout
235 843 350 898 visitavi
361 857 459 913 regem
484 843 594 897 Assur:

143 921 172 973 et
188 916 328 971 reducam
345 911 433 969 lsrael
445 911 481 968 ad
499 909 700 968 hahitueulum
716 914 826 966 suum:

144 994 173 1044 et
188 992 326 1071 pascetur
340 982 525 1041 charmelum
537 987 566 1038 et
580 986 685 1053 Besara
910 1047 916 1062 ι

143 1065 174 1116 et
188 1075 217 1113 in
232 1060 363 1113 montem
371 1054 508 1129 Ephraim
517 1057 546 1111 et
556 1053 666 1111 (laland
677 1050 861 1110 saturabitur
869 1066 935 1107 anr-

183 1143 322 1185 maeus.

110 1204 143 1258 In
159 1129 349 1264 diebusjlllis,
365 1201 395 1253 et
409 1196 439 1252 in
456 1200 588 1268 temporo
602 1194 665 1264 illo,
682 1195 724 1251 ait
738 1194 892 1264 Dominus,

144 1276 293 1347 quaeretur
307 1269 450 1342 iniquitas
460 1266 561 1335 lsrael,
577 1270 606 1323 et
621 1282 679 1323 non
695 1266 761 1334 erit,

146 1354 175 1400 et
189 1346 339 1426 peecatum
353 1340 440 1409 tuda,
455 1342 485 1395 et
499 1354 557 1395 non
572 1338 754 1394 invenietur:

109 1420 253 1483 Quoniam
269 1412 414 1487 propitius
429 1410 546 1477 erneis,
562 1425 636 1482 quos
650 1411 807 1482 reliquere.

108 1492 324 1560 superterram
341 1482 557 1539 dominantium
573 1481 710 1538 aseende.

145 1566 174 1616 et
189 1574 278 1629 super
293 1555 475 1612 habitatores
490 1555 555 1625 alus
569 1553 657 1609 visita
673 1571 681 1621 ;

111 1630 241 1702 Dissipa,
256 1634 286 1686 et
300 1628 432 1684 interliee
452 1642 516 1697 queo
532 1629 598 1696 post
626 1640 676 1681 eos
700 1626 781 1691 sunt,
810 1622 852 1678 ait
879 1622 938 1679 Do-

183 1715 254 1756 nus:

146 1778 176 1831 et
191 1772 330 1856 laejuxta
343 1769 443 1825 omnia
455 1765 742 1842 qnesspracepitibl.

6 1842 10 1849 ’
112 1846 175 1902 Vox
189 1843 259 1900 belli
274 1843 304 1897 in
321 1847 410 1906 terra,

149 1921 178 1974 et
190 1915 327 1972 contritio
343 1927 459 1985 magna.

110 1987 261 2054 Quomodo
276 1984 441 2041 mniraotus
456 1985 501 2039 ast
516 1988 546 2038 et
559 1980 705 2038 enutritus
719 1978 844 2037 malleus
872 1979 939 2036 uni·

182 2054 396 2114 versmterrre‘l

146 2129 292 2202 quomodo
308 2142 393 2182 versa
405 2128 451 2181 est
464 2124 494 2180 in
510 2124 661 2181 desertum
677 2122 806 2196 Babylon
822 2122 853 2178 ln
868 2136 940 2195 gan-

186 2201 277 2256 tibus.

115 2270 274 2344 lllaqueevi
289 2275 328 2336 te,

147 2347 176 2399 et
191 2345 275 2415 eapte
289 2357 320 2397 os
334 2336 474 2413 Babylon,
488 2341 518 2393 et
532 2336 706 2394 nasoiebas:

116 2417 237 2471 Inventa
252 2429 283 2469 es
297 2415 327 2467 at
341 2409 545 2484 apprehensa:

150 2485 293 2558 quoniam
312 2480 475 2539 Dominum
486 2479 663 2554 provocasti.

114 2557 238 2630 Aperuit
248 2555 390 2611 Dominus
405 2552 578 2609 thesaurum
588 2566 687 2618 suom,

151 2633 181 2685 et
197 2625 322 2700 protulit
335 2641 405 2682 vasa
419 2625 469 2680 ira
484 2638 563 2680 sue:

149 2700 288 2827 quoniggi
301 2713 379 2824 1(ἂριιε
391 2700 437 2752 est
452 2694 823 2752 Dominusbeoexsroitum
833 2694 863 2751 in
887 2699 942 2751 ter·

188 2787 220 2828 ra
283 2786 300 2825 a
334 2782 454 2834 eorum,

116 2841 218 2900 Venite
230 2842 266 2897 ad
281 2856 346 2897 eam
362 2839 399 2896 ah
412 2837 552 2924 extremis
564 2837 684 2910 tinibus,

118 2908 834 3054 ettttttttutttttttttlltttttn„‚

150 3063 180 3112 et
195 3055 350 3111 interlloite
364 3070 448 3110 eam:

150 3143 202 3183 neo
214 3125 253 3182 sit
270 3125 433 3197 quidquam
450 3123 607 3194 reliquum,

118 3199 266 3268 Dissipats
281 3196 430 3252 univorsos
445 3196 534 3250 tortas
548 3194 623 3265 ejus,

147 3269 326 3325 descendant
341 3267 370 3323 in
386 3266 573 3324 oeeisionem.

117 3339 167 3395 Va
182 3339 235 3407 eis,
252 3339 413 3410 quieverit
428 3337 490 3394 dias
504 3352 617 3406 eorum,

146 3415 264 3481 tempus
278 3408 455 3466 visitationis
471 3423 587 3465 eorum.

119 3480 190 3609 vo}3
202 3480 391 3608 iffae-tium,
415 3487 444 3536 et
458 3490 560 3535 eorum
576 3476 629 3550 qui
644 3482 800 3536 evaserunt
814 3480 851 3536 de
866 3481 944 3537 terra

193 3570 209 3609 a
261 3568 336 3620 onis,

151 3629 183 3680 ut
197 3570 374 3680 anlnuntient
387 3621 416 3677 ln
432 3620 499 3676 Sion
515 3619 657 3678 ultionem
671 3621 786 3677 Domlul
802 3622 853 3679 Del
875 3638 942 3679 nos·

153 3695 201 3761 tri,
219 3695 362 3751 ultionem
377 3693 479 3765 templi
492 3692 567 3763 ejus.

115 3767 292 3824 ,lnnuntiate
303 3767 334 3821 in
349 3763 525 3838 Babylonem
536 3761 685 3836 plurimis,

152 3839 291 3894 omnihus
327 3835 358 3892 ui
372 3836 500 3892 madunt
518 3849 642 3891 areum:

116 3908 274 3966 Consistite
284 3853 425 3965 advorsus
440 3922 505 3964 eam
520 3920 703 3979 pergyrum,

150 3985 180 4037 et
195 3980 295 4037 nullus
305 3980 430 4035 evadat:

117 4052 241 4108 Reddite
255 4052 281 4108 ei
297 4051 460 4107 seeundum
475 4064 551 4134 opus
565 4060 654 4105 auum
670 4049 777 4121 :juxta

166 4124 261 4180 omnis
280 4138 343 4194 que
361 4121 440 4190 lecit,
455 4120 542 4177 laerte
552 4118 616 4176 illi:

149 4195 218 4266 quia
232 4197 337 4321 oirntra¹
347 4192 507 4251 Dominum
524 4196 622 4249 ereata
637 4195 694 4261 ast,
710 4191 942 4250 advorsussanr·

203 4283 231 4321 m
278 4281 348 4321 re.

114 4272 225 4395 ldoitrueo
239 4282 344 4394 oasdgnt
354 4337 479 4420 iuvenes
493 4334 557 4406 ojus
571 4333 600 4389 in
613 4331 718 4406 plateis
733 4334 798 4406 elus

151 4415 180 4466 et
194 4426 297 4466 omnes
312 4408 366 4464 vlrr
381 4407 538 4463 bellatores
552 4407 618 4478 ejus
632 4406 829 4464 continuarent
839 4407 870 4463 in
893 4407 940 4465 die

184 4481 244 4550 illa,
261 4481 303 4536 alt
314 4480 466 4537 Dominus.

113 4553 185 4608 Eece
197 4568 248 4676 ostro
263 4552 299 4607 nd
316 4556 354 4621 te,
371 4551 508 4623 superbe,
523 4548 594 4604 dioit
610 4548 751 4606 Dominus
766 4550 845 4607 Deus
861 4563 941 4607 exar-

186 4638 212 4677 οι
228 4638 320 4677 uum:

149 4692 219 4763 quia
233 4693 312 4748 venit
326 4691 390 4747 dies
405 4696 485 4758 tuus,
501 4694 620 4762 tempus
635 4689 813 4749 visitationis
829 4699 894 4750 tua.

113 4764 148 4819 Bt
163 4764 247 4819 cadet
261 4763 419 4846 superbus,
436 4767 465 4817 et
475 4766 602 4829 corruet,

147 4838 177 4890 et
192 4851 250 4890 non
266 4839 322 4889 erit
337 4834 388 4906 qui
409 4832 632 4890 suseitetaum:

112 4907 147 4962 Bt
162 4905 338 4962 sueeendam
354 4904 496 4976 ignomin
511 4903 636 4961 urbibus
646 4903 722 4976 ejus,

149 4982 179 5034 et
192 4975 342 5032 devorabit
356 4975 455 5032 omnia
470 4975 500 5032 in
515 4976 640 5033 oironitu
655 4977 729 5048 eius.

114 5048 180 5104 Haeo
193 5047 265 5104 dioit
282 5046 423 5104 Dominus
438 5047 636 5115 exereituum;

113 5118 297 5176 Calumniam
314 5118 463 5174 sustinent
477 5117 530 5172 lilii
546 5118 646 5186 Israel,

148 5190 240 5247 attilii
254 5190 331 5246 Juda
346 5187 436 5245 simul
453 5205 461 5257 ;

112 5264 232 5332 Omnes,
248 5262 298 5334 qui
313 5264 522 5334 reparantem,
538 5262 648 5328 tenent,

147 5479 155 5513 ¹
172 5477 354 5534 vetustiores
367 5474 435 5533 libri
451 5471 513 5543 alii,
526 5476 559 5529 ut
569 5476 599 5529 at
608 5472 704 5530 ltlblia
718 5475 937 5547 Complutensia

113 5552 143 5600 at
159 5549 230 5603 Sinti
252 5550 283 5617 V,
298 5548 387 5619 seteis
398 5563 450 5620 pro
459 5545 557 5631 saunis
571 5544 757 5604 :aliisa‘eerttr
768 5560 820 5618 pro
830 5548 937 5616 noenia

634 220 664 273 S.
684 214 889 273 maturitati
907 214 1037 271 umas
1054 210 1303 270 ammonemus.

943 341 971 407 Α
1022 337 1127 393 nolunt
1141 335 1290 394 dimittere
1300 353 1360 395 eos.

988 409 1165 491 Redemptor
1176 423 1280 464 eorum
1300 408 1395 479 fords,

1023 480 1167 537 Dominus
1182 481 1363 536 exercituum
1380 496 1486 537 nomen
1502 480 1568 552 ejus
1585 496 1592 549 ;

989 554 1021 608 ln
1033 551 1146 624 judieio
1162 552 1299 609 defendet
1313 568 1433 609 oausam
1449 568 1563 622 eorum,

1024 628 1350 750 υιὲιιξεῖνεᾳιῑοπαω,
1373 629 1402 681 et
1426 626 1610 681 commoveat
1635 621 1815 681 habitatores

1083 712 1099 751 a
1151 710 1227 750 oms.

987 766 1109 823 Gladius
1121 711 1160 821 {d
1176 765 1338 836 chaldaeos,
1354 764 1396 822 uit
1409 765 1564 836 Dominus,

1023 842 1054 895 et
1067 837 1295 894 adhabitatores
1309 836 1476 910 Babylonis,
1491 842 1520 894 et
1542 836 1580 895 ad
1603 836 1770 911 prinsipes,
1792 845 1820 895 et

1059 909 1095 964 ad
1112 925 1145 965 sa
1167 910 1260 966 lentes
1276 909 1351 981 ejus.

988 980 1111 1038 Gladius
1126 926 1165 1036 ag
1178 981 1294 1037 divinos
1310 982 1385 1049 a'us,
1401 979 1450 1050 qui
1465 979 1549 1036 stulti
1565 983 1674 1037 erunt:
1785 1002 1788 1007 ·

1025 1051 1142 1124 gladius
1157 1053 1193 1107 ad
1210 1052 1298 1108 lortos
1313 1052 1322 1107 i
1338 1052 1405 1120 lius,
1443 1052 1473 1107 ui
1487 1052 1658 1108 timebunt:

990 1124 1112 1181 Gladius
1124 1124 1161 1179 ad
1176 1125 1348 1196 equosejus‚
1365 1131 1395 1181 et
1406 1069 1442 1180 aa
1458 1140 1563 1180 currus
1577 1124 1657 1196 ejus,

1026 1199 1054 1251 et
1068 1195 1104 1251 ad
1120 1210 1207 1251 omne
1222 1196 1338 1267 vulgus,
1354 1196 1432 1266 qued
1446 1199 1492 1251 eet
1508 1194 1537 1251 ln
1554 1194 1655 1252 medio
1670 1195 1758 1267 ejus:

1026 1272 1056 1323 et
1069 1271 1156 1323 erunt
1167 1267 1253 1339 quasi
1270 1267 1427 1323 mulieres:

991 1337 1113 1394 Gladius
1128 1337 1164 1393 ad
1177 1338 1334 1395 thesauros
1348 1337 1424 1410 ejus,

1027 1410 1077 1493 qui
1089 1408 1283 1480 deripisutur.

990 1481 1106 1537 Sieritas
1131 1496 1220 1553 snper
1233 1498 1325 1609 aquas
1341 1481 1405 1551 ejus
1420 1479 1485 1550 erit,
1501 1485 1530 1537 et
1545 1484 1694 1550 arescent,

1027 1553 1097 1624 qula
1111 1557 1190 1608 terra
1205 1569 1256 1610 sou
1271 1551 1388 1625 ptilium
1405 1557 1461 1622 est,
1483 1556 1512 1608 et
1535 1552 1564 1607 in
1590 1550 1740 1626 portentis
1757 1550 1812 1625 glo·

1064 1624 1187 1680 riantur.

952 1704 977 1770 Β
994 1695 1148 1767 Propterea
1162 1694 1341 1752 habitabunt
1355 1694 1807 1752 draconeseumlaunisfieariiat:

1045 1771 1074 1822 et
1085 1767 1262 1824 habitabunt
1273 1768 1302 1823 in
1316 1783 1350 1824 ea
1365 1766 1565 1823 struthiones:

992 1838 1028 1894 Bt
1047 1855 1103 1894 non
1121 1836 1336 1896 inhabitabitur
1350 1836 1428 1894 ultra
1443 1853 1537 1911 usque
1552 1837 1589 1894 ad
1605 1837 1806 1910 sempiternum

1028 1926 1084 1993 nso¹
1095 1914 1262 1969 exstruetur
1272 1926 1364 1983 usque
1375 1910 1410 1966 ad
1425 1910 1647 1983 generationem
1658 1916 1689 1967 st
1701 1926 1808 1983 genera·

991 1986 1229 2138 Siouffiffirtit
1245 2054 1320 2110 Deus
1332 2053 1488 2110 Sodomam
1511 2056 1541 2110 et
1560 2051 1765 2122 Gomorrbam,
1784 2056 1806 2109 et

1029 2124 1622 2281 norgessrgmriats,issttv¹13prgttzra‚incolet
1650 2212 1717 2255 eam
1743 2195 1802 2252 llius

993 2266 1296 2413 Berzobnoiplrllutsvenit
1310 2338 1346 2395 ab
1361 2338 1510 2412 aquilone,
1524 2343 1554 2394 et
1567 2354 1641 2412 gens
1656 2353 1767 2411 magna,

1029 2415 1058 2466 et
1069 2428 1150 2485 reges
1166 2410 1249 2467 multi
1262 2427 1353 2468 consu
1390 2415 1472 2467 enta
1487 2410 1599 2468 fluibus
1612 2415 1707 2467 terras.

993 2484 1100 2539 Areum
1116 2488 1147 2539 et
1161 2485 1278 2539 sautum
1290 2498 1380 2555 appre
1402 2483 1510 2538 sudent
1527 2496 1535 2536 :

1029 2554 1160 2610 crudeles
1176 2558 1247 2611 sunt
1260 2560 1289 2611 et
1304 2554 1574 2611 immiserieordss:

993 2626 1054 2682 Vox
1069 2642 1170 2682 eorum
1186 2625 1271 2698 quasi
1286 2626 1422 2682 sonabit:

1029 2701 1059 2753 et
1072 2713 1160 2771 super
1173 2714 1265 2770 equos
1281 2698 1450 2762 ascendent,

1029 2768 1105 2825 sieut
1118 2770 1163 2825 vir
1177 2774 1299 2842 paratus
1314 2770 1351 2825 ad
1367 2768 1499 2842 prelium
1510 2771 1616 2826 eontra
1629 2772 1668 2840 ta,
1685 2767 1739 2824 illia
1756 2766 1792 2822 Ba·

994 2840 1175 2969 lutlklvyrlilllrex
1190 2910 1347 2985 Babylonis
1362 2912 1472 2968 lamam
1487 2927 1603 2984 eorum,

1029 2988 1057 3040 et
1069 2983 1222 3041 dissolute
1237 2987 1308 3040 sunt
1323 2999 1429 3040 manus
1444 2984 1527 3055 ejus:

955 3078 978 3143 c
997 3055 1144 3127 angustia
1158 3054 1352 3140 apprehendit
1366 3070 1444 3125 eum,

998 3126 1082 3182 dolor
1096 3143 1181 3199 qnasi
1212 3127 1413 3184 arturientem.

998 3202 1070 3255 Boea
1095 3199 1178 3271 quasi
1191 3145 1239 3255 leo
1254 3199 1386 3257 aseendit
1400 3200 1437 3254 da
1461 3197 1602 3270 soperbia
1623 3195 1751 3254 Jordanls
1770 3190 1794 3249 ad

1048 3269 1301 3343 pulehritudinem
1317 3270 1468 3326 robustam
1484 3285 1491 3325 :

1033 3342 1104 3414 quia
1117 3341 1216 3399 subito
1232 3358 1348 3398 currere
1359 3357 1428 3399 enm
1446 3340 1550 3397 leolam
1568 3341 1604 3396 ad
1620 3339 1712 3396 lllam.

996 3416 1034 3468 Et
1048 3414 1115 3485 quis
1130 3413 1186 3471 erit
1200 3412 1321 3480 elautus,
1338 3429 1426 3497 quem
1440 3427 1610 3484 praeponam
1626 3410 1653 3467 el
1668 3410 1681 3466 ?

997 3485 1067 3549 Quis
1082 3484 1159 3541 enirn
1176 3484 1283 3541 similis
1298 3485 1374 3541 mer?
1389 3485 1496 3556 etquis
1511 3482 1676 3539 sustinebit
1688 3480 1750 3538 mat

1032 3556 1141 3629 etquis
1157 3559 1202 3612 est
1215 3556 1271 3612 iste
1286 3560 1396 3629 pastor,
1414 3556 1464 3627 qui
1481 3554 1602 3611 resistat
1624 3553 1718 3611 vultui
1731 3545 1795 3608 maol

996 3632 1155 3701 Propterea
1170 3627 1269 3683 audite
1284 3626 1441 3683 eonsilium
1466 3626 1593 3695 Domlni,
1619 3625 1796 3699 quodments

1067 3698 1200 3771 eoneeplt
1216 3699 1372 3755 adversum
1388 3696 1579 3771 babylonem.

1031 3776 1060 3826 et
1074 3788 1107 3826 eo
1129 3770 1340 3843 irationesejus
1354 3786 1427 3842 quus
1443 3770 1582 3843 cogitavit
1600 3784 1692 3842 super
1714 3770 1800 3825 tarrau

1032 3788 1256 3899 chaldeorum:

996 3912 1059 3968 Nisi
1075 3913 1253 3971 detraxerint
1267 3928 1317 3970 eos
1333 3912 1447 3985 parvuli
1464 3926 1598 3985 gregum,

1031 3983 1089 4041 nisi
1104 3984 1280 4058 dissipatum
1297 3983 1385 4041 tuerit
1400 3999 1468 4040 oum
1478 3983 1552 4056 ipsis
1563 3982 1809 4040 babitaculumeo

1030 4072 1107 4112 rum.

994 4130 1020 4181 Δ
1033 4143 1103 4184 roes
1120 4126 1300 4200 eaptivitatis
1314 4124 1471 4200 Babylonis
1488 4129 1639 4183 commota
1661 4130 1708 4184 est
1732 4131 1811 4191 tarra,

1030 4202 1058 4256 at
1072 4198 1184 4256 elamor
1198 4198 1275 4254 inter
1289 4202 1391 4283 gentes
1404 4198 1525 4256 auditus
1539 4204 1594 4256 est.

994 4269 1077 4341 (Cep.
1095 4270 1153 4341 Ll.)
1171 4272 1235 4326 llao
1251 4268 1321 4326 diost
1335 4270 1497 4326 Dominus:

1028 4346 1103 4398 lteee
1118 4357 1171 4415 ego
1186 4340 1337 4398 suseitabo
1352 4358 1387 4398 su
1410 4358 1442 4397 er
1456 4340 1648 4413 Babylonem,

1031 4418 1061 4470 at
1074 4429 1164 4486 super
1179 4412 1356 4470 habitatores
1371 4358 1446 4484 esus.

1032 4484 1082 4557 qui
1098 4501 1246 4569 uersuum
1257 4482 1692 4557 levaverunteontrame,quasi
1705 4491 1821 4544 ventum

993 4555 1380 4710 Btmltetztrlrlllltffibylonem
1391 4626 1589 4711 ventilatores,
1598 4629 1823 4687 etventilabunt

1064 4715 1140 4771 eam,
1153 4704 1182 4754 et
1197 4697 1393 4754 demolientur
1407 4703 1515 4753 terram
1527 4714 1612 4768 sJus:

1029 4771 1169 4898 quofrtrllartrn
1185 4774 1328 4912 vssnaffint
1351 4784 1441 4841 super
1463 4784 1528 4826 eam
1543 4769 1682 4843 undique
1713 4774 1746 4830 in
1776 4772 1822 4830 dia

1064 4858 1081 4898 a
1115 4858 1142 4898 ro
1158 4857 1263 4898 ronse
1298 4858 1322 4896 s.

993 4912 1057 4969 Non
1072 4915 1174 4970 tendat
1186 4912 1237 4984 qui
1253 4912 1348 4967 tandit
1363 4928 1464 4969 eroum
1480 4928 1579 4980 suum,

1063 4990 1093 5041 et
1108 5002 1166 5040 non
1181 4984 1321 5041 ascendat
1335 4982 1496 5050 loricatus:

1028 5054 1184 5113 interlloite
1200 5054 1318 5112 omnem
1334 5054 1468 5111 militiam
1482 5055 1557 5127 ejus.

992 5125 1086 5183 Nolite
1102 5125 1389 5200 paruerojuvenibus
1404 5127 1479 5198 ejus.

991 5197 1027 5252 Bt
1042 5196 1147 5254 eadent
1160 5198 1304 5255 interlecti
1321 5198 1350 5254 in
1367 5202 1445 5253 terra
1458 5194 1675 5272 chaldeorum,

1026 5272 1056 5323 et
1069 5269 1213 5327 vulnerati
1229 5270 1258 5326 iu
1274 5269 1443 5342 regionibus
1457 5269 1531 5341 ejus.

991 5496 1065 5551 qvios
1080 5481 1212 5537 nonnulli
1229 5482 1325 5538 lituos
1338 5481 1454 5538 llearies
1464 5486 1824 5551 vorantuutdaemonum

991 5568 1098 5623 genera
1119 5553 1316 5627 intelligunt.»
1347 5554 1462 5611 Videris
1486 5570 1551 5626 quae
1575 5554 1664 5611 nobis
1681 5561 1827 5617 adnotata

113 5616 227 5699 legunt.
253 5619 394 5676 Geminus
417 5618 578 5675 huroloeus
593 5621 637 5673 est
655 5617 734 5701 Isaiae
748 5622 937 5692 oap.xnr‚21,
990 5627 1060 5679 sont
1075 5624 1110 5679 ad
1125 5623 1220 5680 Vitam
1242 5626 1334 5681 saneti
1348 5626 1430 5680 Pauli
1447 5627 1590 5691 Fremitu
1607 5630 1680 5683 tom.
1702 5631 1741 5702 ll,
1767 5634 1822 5689 eol.

110 5704 141 5771 ru
157 5704 244 5760 quem
255 5691 282 5744 S.
295 5693 442 5763 Interpres
456 5689 486 5747 in
497 5690 748 5757 commentaria«
760 5689 935 5762 lnrubonos,
988 5696 1016 5750 7.
1033 5698 1092 5751 not.
1109 5710 1173 5768 oap.
1197 5697 1342 5770 impressa
1371 5697 1416 5752 hie
1445 5695 1532 5754 laelio
1559 5701 1628 5771 poet
1656 5699 1825 5763 Clementis

107 5762 159 5828 art,
179 5759 220 5816 vel
235 5766 362 5833 satyros,
376 5762 421 5820 vel
437 5760 594 5833 sylvestres
619 5761 765 5836 quosdam
789 5762 935 5836 homines,
988 5766 1055 5825 thl
1068 5767 1300 5826 emendationem
1313 5784 1373 5825 una
1388 5768 1509 5826 obtinet.
