3878 6150
37 224 40 231 ’
122 252 192 309 roso
643 255 672 304 s.
694 246 898 303 alanorum
917 245 1043 299 btleA
1061 242 1309 298 aleatoraaca.
1765 242 1828 299 voto

120 380 191 437 Post
207 377 294 433 linem
310 374 659 448 quadragintaennorum
672 371 855 446 congregabo
864 371 947 445 AEgy·
960 373 988 439 Α
1040 367 1075 424 ad
1091 367 1299 424 conterendam
1315 367 1468 442 AEthiopie
1483 368 1719 437 confidentiam

195 454 278 522 ptum
294 447 329 504 de
345 448 460 519 populis
475 445 632 518 inquibus
647 444 772 519 dispersi
789 446 915 514 fuerant,
1001 446 1037 504 ut
1049 440 1105 498 crit
1120 455 1209 512 pavor
1226 438 1255 494 iu
1270 439 1314 494 cis
1330 441 1359 495 in
1375 440 1422 497 die
1436 441 1564 515 AEgypti,

121 524 156 578 Et
171 523 307 578 reducam
324 518 521 591 captivitatem
537 517 665 644 AEssypti,
1038 513 1108 594 quia
1122 511 1233 594 absquo
1243 510 1337 592 ¹dubio
1352 513 1456 568 veniet.

159 599 188 649 et
203 591 350 648 collocabo
365 606 415 645 cos
430 589 459 644 iu
476 594 554 645 terra
592 591 711 645 hatures
726 586 766 661 lh.
780 585 947 658 Phalhroa),
1002 589 1068 646 Haec
1081 586 1152 640 dicit
1167 583 1309 639 Dominus
1324 584 1401 640 Deus
1418 601 1425 639 ι

194 664 222 718 in
239 668 317 717 terra
334 660 496 716 nativitatis
509 678 579 728 sum,
1002 662 1123 719 Cessare
1139 654 1244 709 facium
1263 653 1481 712 multitudinem
1496 654 1613 728 AEgypti
1625 654 1656 711 in
1672 671 1761 711 mann
1775 655 1818 712 ila·

160 738 189 790 et
202 738 289 790 crunt
303 732 344 788 ibi
360 733 389 788 iu
406 749 529 806 regnum
545 732 658 788 humile
675 747 682 787 :
1040 726 1267 787 buchodouosor
1281 727 1359 800 regis
1374 726 1543 798 Rabylonis.

123 810 204 864 Inter
219 810 323 861 cratera
339 820 428 875 regna
444 804 499 860 erit
512 802 690 872 humillima,
1003 806 1069 876 lpse
1083 804 1112 855 et
1127 796 1253 870 populus
1268 797 1333 869 eJ'us
1348 814 1414 854 cum
1430 814 1474 864 eo,
1491 797 1647 855 fortissimi
1661 799 1797 871 gentium,

159 884 188 934 et
203 888 260 932 non
277 876 437 933 elevabitur
452 875 530 932 ultra
545 891 635 946 super
649 873 792 939 nationes,
1039 872 1222 952 adducentur
1236 869 1273 925 ed
1288 870 1517 941 disperdendum
1533 875 1645 927 terram
1664 888 1672 925 ε

159 953 188 1005 et
204 949 380 1004 imminuam
397 964 447 1004 cos
463 964 499 1004 no
514 947 662 1019 imperent
676 946 824 1018 gentibus.
1004 951 1040 1002 Et
1053 941 1253 1014 evaginabunt
1266 941 1381 1012 gladius
1395 959 1484 1015 super
1498 946 1671 1015 AEgyptom,

123 1025 224 1092 Neque
239 1023 326 1075 crunt
341 1018 417 1074 ultra
434 1019 532 1075 domui
550 1018 637 1075 lsrael
653 1017 682 1073 in
699 1014 887 1080 confidentia,
1039 1025 1067 1072 ct
1082 1011 1245 1084 implebunt
1261 1019 1370 1069 terram
1385 1014 1557 1070 interfectis.

160 1095 301 1148 ducentes
314 1090 512 1163 iniquitatem,
529 1095 562 1146 ut
578 1090 691 1163 fugiant
705 1093 733 1146 ct
747 1093 909 1160 sequautur
1005 1090 1039 1146 Et
1055 1086 1157 1143 facium
1174 1082 1272 1139 alveos
1287 1085 1444 1141 fluminum
1460 1085 1570 1153 aridos,

198 1179 247 1219 eos
265 1179 272 1217 τ
1040 1165 1070 1215 et
1084 1156 1198 1213 tradam
1215 1159 1322 1212 terram
1339 1157 1368 1212 in
1385 1174 1474 1213 mauu
1489 1159 1705 1230 pessimorum.

161 1239 190 1290 et
205 1234 301 1290 scient
315 1233 386 1303 quia
400 1250 453 1317 ego
469 1233 611 1290 Dominus
625 1233 714 1290 Deua.
1006 1232 1041 1288 ltt
1054 1226 1205 1311 dissipabo
1220 1232 1328 1284 terram
1343 1234 1373 1285 et
1387 1229 1604 1303 plenitudinem
1618 1229 1685 1302 cJ'us
1702 1228 1731 1284 iu
1747 1244 1816 1284 mean

126 1307 162 1363 Dt
177 1307 285 1362 lactum
301 1311 346 1360 est
360 1305 390 1360 in
404 1305 543 1362 vicesimo
559 1309 588 1360 et
603 1303 728 1377 septimo
744 1318 831 1370 auno,
847 1301 877 1358 iu
1078 1301 1253 1366 alienorum,

198 1377 304 1449 primo,
321 1376 350 1432 in
365 1393 423 1433 unu
439 1376 561 1446 moesia,
1043 1389 1096 1447 ego
1113 1370 1260 1426 Dominus
1274 1369 1391 1427 locutus
1407 1388 1484 1428 sum.

164 1448 272 1505 factum
289 1451 334 1503 cst
348 1448 468 1504 verbum
487 1447 601 1505 Domini
617 1447 652 1503 ad
669 1463 727 1515 me,
743 1444 866 1503 dicens:
1009 1447 1073 1502 llaec
1088 1443 1159 1499 dicit
1176 1442 1318 1498 Dominus
1331 1442 1420 1500 Deus.

128 1520 182 1578 Fili
198 1519 340 1584 hominis,
1008 1517 1043 1574 lte
1057 1512 1228 1586 disperdam
1246 1513 1447 1584 simulacra,et
1459 1529 1576 1571 cessare
1593 1512 1703 1571 faciam
1718 1514 1819 1572 idolade

164 1590 435 1650 Nabuchodonosor
446 1605 495 1646 rex
506 1589 663 1661 Babylonis
674 1587 783 1646 servire
796 1587 863 1643 fecit
872 1601 953 1642 exer·
1079 1584 1223 1658 Memphis
1238 1585 1279 1658 (h.
1296 1584 1402 1712 Nopb).
1589 1657 1596 1669 Ι

199 1664 290 1718 citum
307 1679 394 1719 suum
410 1661 549 1717 servitute
565 1677 672 1734 magna
683 1660 824 1716 advorsus
834 1661 953 1727 Tyrum:
1044 1663 1073 1716 et
1086 1659 1145 1713 dux
1160 1658 1195 1712 de
1210 1661 1286 1713 terra
1301 1661 1331 1727 (A
1350 1699 1356 1713 .
1374 1658 1468 1730 terme)
1480 1657 1597 1731 AEgyptv
1613 1658 1625 1693 ⁸
1640 1674 1702 1714 non
1713 1658 1766 1714 erit

128 1736 221 1792 Omne
236 1738 325 1806 caput
337 1733 563 1803 decalvatum,et
577 1733 674 1789 omnis
690 1733 832 1788 humerus
843 1728 954 1802 depita·
970 1748 994 1813 ῃ
1080 1727 1219 1802 amplius,

199 1812 248 1862 tus
264 1810 309 1861 eat
326 1821 332 1860 :
1044 1806 1073 1858 et
1087 1802 1162 1857 dabo
1177 1804 1317 1856 terrorem
1332 1800 1362 1855 in
1378 1805 1454 1857 terra
1469 1801 1522 1874 AEg
1542 1802 1598 1874 pti.

164 1882 194 1934 et
207 1894 318 1933 merces
332 1892 390 1931 non
405 1879 451 1932 eet
465 1875 579 1931 reddita
595 1875 632 1941 oi,
1008 1876 1043 1931 Et
1058 1872 1224 1945 disperdam
1241 1877 1349 1928 torrem
1364 1873 1507 1930 Phaturcs
1522 1819 1564 1945 gh.
1582 1871 1751 1945 Phathroz),

165 1964 260 2022 neque
275 1947 412 2005 exercitui
429 1948 503 2017 ejus,
521 1947 556 2002 de
570 1948 658 2019 Tyro,
674 1961 724 2016 pro
738 1946 877 2002 servitute
896 1958 955 2016 qua
1044 1951 1073 2001 et
1087 1944 1163 2000 dabo
1179 1944 1275 2014 iguem
1291 1944 1321 2000 iu
1337 1944 1479 2016 Taphnis,

202 2020 321 2076 servivit
337 2018 407 2074 mihi
423 2019 564 2074 adversus
579 2034 654 2074 eam.
1043 2022 1072 2073 et
1088 2016 1192 2072 luciam
1205 2015 1319 2086 judicia
1333 2015 1362 2070 izi
1382 2014 1558 2072 Alexandria
1572 2016 1595 2071 ⁸.

130 2096 289 2162 Propterea
304 2091 363 2145 hacc
379 2089 451 2145 dicit
467 2090 606 2145 Dominus
622 2088 699 2145 Deus
716 2105 722 2143 :
1008 2093 1043 2146 at
1057 2087 1204 2146 effundam
1221 2085 1453 2170 indignationem
1470 2104 1567 2144 meam
1584 2103 1681 2160 super
1692 2083 1820 2143 Pelusium

166 2164 238 2218 Ecce
252 2177 305 2234 ego
321 2160 396 2216 dabo
411 2159 681 2217 Nabuchodonosor
690 2175 787 2232 regom
800 2156 954 2229 Babylonia
1079 2160 1169 2216 robur
1182 2158 1307 2231 AEgyptr,

202 2235 231 2288 in
246 2237 325 2289 terra
339 2236 371 2285 AE
392 2231 467 2304 ypti)
1044 2235 1073 2288 et
1087 2229 1261 2287 interficiam
1276 2229 1495 2287 multitudinem
1513 2229 1712 2299 alexaudriae,

166 2309 194 2361 et
210 2303 334 2375 accipiet
346 2247 399 2364 tlh.
416 2303 539 2373 auferet)
553 2300 774 2357 multitudinem
789 2299 864 2372 ejus,
1045 2308 1074 2359 et
1089 2302 1165 2358 dabo
1180 2301 1320 2374 ignomin
1336 2303 1458 2376 AEgypto
1474 2318 1482 2358 :

166 2380 195 2432 et
209 2375 424 2448 depretiabitur
440 2373 596 2429 manubiae
611 2376 688 2445 ejus,
1009 2373 1098 2439 Quasi
1134 2374 1280 2430 arturiano
1296 2372 1404 2430 delebit
1418 2373 1582 2443 Pelusium,

165 2450 194 2503 et
209 2446 326 2519 diripiet
339 2444 432 2518 spolia
447 2446 521 2516 ejus.
815 2513 821 2525 ⁵
840 2513 845 2525 Ι
1046 2450 1074 2502 et
1088 2390 1261 2501 taxandria
1275 2444 1330 2501 erit
1344 2446 1499 2518 dissipata,

133 2523 165 2574 itt
180 2519 236 2574 crit
250 2533 360 2574 merces
376 2516 428 2585 (tt.
445 2517 474 2572 in
491 2515 667 2587 mercedem)
683 2515 822 2572 exercitui
838 2512 931 2569 illius.
1046 2523 1075 2574 et
1086 2516 1115 2571 in
1133 2516 1278 2587 Memphis
1294 2517 1334 2589 [h.
1348 2516 1444 2590 Noph]
1460 2517 1605 2589 angustiae
1621 2515 1799 2588 quotidiana.

166 2594 199 2645 Et
214 2590 305 2671 operi,
315 2605 367 2660 pro
382 2588 438 2660 (tt.
450 2591 520 2644 tacet
536 2591 600 2660 pro)
617 2602 675 2660 quo
691 2586 809 2644 servivit
824 2585 877 2657 (Al.
888 2585 955 2642 cdd.
1010 2589 1137 2647 iuvenes
1148 2587 1332 2661 Heliopoleos
1342 2592 1370 2645 et
1380 2589 1501 2646 uubaati
1512 2584 1821 2661 (hPhibezctblgladio

202 2662 287 2731 mibi)
302 2661 442 2716 adversus
457 2660 490 2714 ad
508 2675 584 2715 eam.
1081 2660 1196 2724 cadent,

131 2732 201 2788 Dedi
218 2735 248 2789 et
260 2736 368 2788 terram
384 2731 510 2804 AEgypti,
1046 2737 1074 2787 et
1088 2731 1158 2803 ipae
1174 2730 1293 2802 captive
1308 2732 1464 2788 ducentur.

165 2821 218 2877 pro
233 2819 267 2860 ao
284 2805 360 2875 quod
376 2801 550 2859 laboraverit
564 2803 619 2872 (lt.
635 2801 855 2872 laboraverunt)
871 2798 954 2867 mihi,
1046 2804 1126 2860 latin
1141 2801 1272 2886 Taphnis
1287 2802 1432 2875 nigrescet
1445 2803 1519 2861 dies.

201 2875 243 2930 ait
256 2876 401 2932 Dominus
417 2874 506 2932 Deus.
1010 2877 1082 2933 Cum
1098 2878 1262 2930 contrivero
1277 2874 1318 2930 ibi
1329 2879 1446 2947 sceptra
1461 2873 1588 2947 AEgypti,

131 2948 164 3003 ln
176 2947 224 3002 die
237 2946 285 3002 illo
299 2946 457 3017 pullulabit
469 2945 667 3002 cornudomui
678 2942 955 3015 (fidemusllsrael,
1045 2952 1074 3002 et
1088 2945 1226 3002 defecerit
1241 2946 1271 3001 iu
1287 2962 1320 3002 ea
1335 2948 1473 3018 superbia
1488 2945 1627 3019 potentia·
1644 2947 1710 3018 ejus
1724 2963 1731 3000 :

166 3023 195 3072 et
210 3017 262 3072 tibi
279 3018 354 3073 dubo
368 3021 499 3089 apertum
516 3034 549 3074 os
567 3019 596 3073 in
613 3018 710 3074 medio
726 3033 847 3086 eorum;
1011 3022 1108 3091 Ipsum
1125 3018 1217 3073 nubes
1233 3018 1355 3088 operiet,

166 3094 195 3144 ct
209 3088 303 3143 sciant
316 3088 386 3160 quia
400 3105 451 3158 ego
465 3088 616 3147 Dominus.
970 3118 994 3184 c
1013 3089 1115 3217 Efiliae
1131 3095 1227 3145 autem
1244 3089 1309 3161 ejus
1324 3088 1353 3145 in
1369 3089 1564 3162 captivitatem
1580 3089 1735 3146 ducentur.

131 3160 208 3232 (Cep.
226 3158 319 3228 XXX.)
333 3165 370 3216 ut
383 3160 492 3215 lactum
506 3165 552 3216 est
565 3162 686 3217 verbum
702 3159 819 3217 Domini
835 3161 871 3216 ad
897 3175 954 3228 mc,
1037 3166 1048 3216 t
1058 3159 1169 3231 judicia
1184 3160 1289 3216 faciam
1306 3160 1333 3216 iu
1349 3161 1487 3244 AEgypio;

203 3229 305 3288 dicens
321 3248 328 3285 ε
1048 3239 1077 3288 et
1091 3232 1261 3303 scientquia
1275 3248 1328 3305 ego
1344 3231 1498 3289 Dominus.

131 3301 183 3357 Pili
198 3301 339 3373 hominia,
356 3301 508 3375 propheta,
522 3306 551 3358 ct
565 3303 613 3359 dic
629 3319 636 3360 :
1012 3304 1046 3359 itt
1059 3307 1224 3359 factumest
1240 3306 1269 3360 in
1287 3303 1442 3361 undecimo
1456 3320 1545 3373 anno,
1561 3303 1592 3360 in
1609 3304 1706 3377 primo
1725 3312 1813 3363 meum.

133 3372 198 3428 Hac
214 3374 285 3429 dicit
301 3375 442 3429 Dominus
456 3374 533 3430 Deus
551 3391 557 3429 :
1082 3375 1111 3431 in
1128 3375 1253 3447 septima
1269 3376 1390 3442 mensis,

133 3443 258 3512 Ululate,
274 3462 326 3512 ve,
340 3461 382 3499 vae
397 3445 470 3513 diei3
1047 3447 1157 3502 factum
1173 3453 1217 3502 est
1231 3448 1352 3504 verbum
1370 3446 1483 3502 Domini
1499 3446 1535 3502 ad
1555 3462 1602 3502 me
1618 3445 1740 3503 dicens:

166 3515 955 3644 gpgssjuffietstsgi⁰⁸'et0⁸¹{p1f⁰pi⁰⁹,⁰⁸tdm⁰⁰mini³
1011 3518 1064 3573 Fili
1081 3517 1220 3644 homrinis,
1236 3520 1390 3576 brachium
1408 3517 1570 3574 Pharaonis
1586 3518 1667 3592 regis
1681 3512 1781 3590 AEgppii

188 3604 195 3640 v
248 3604 386 3653 noi,e
442 3604 477 3644 ue
531 3604 705 3645 niurerr.
1082 3605 1223 3657 courev,

131 3658 165 3713 lit
180 3659 276 3715 veniet
291 3658 408 3731 gladius
421 3602 454 3714 Fu
469 3603 511 3714 ll}3
522 3662 623 3732 yptum
643 3676 650 3714 :
1047 3665 1076 3718 et
1090 3676 1157 3717 ecce
1172 3605 1230 3717 agon
1244 3665 1289 3718 est
1302 3660 1473 3719 obvolutum
1490 3665 1522 3716 ut
1538 3655 1772 3718 restituereturei

203 3732 300 3786 eterit
315 3747 404 3803 pavor
417 3729 447 3785 in
462 3675 618 3803 AEfhiopia,
1081 3734 1203 3803 sanitas,

132 3802 202 3857 Cum
219 3803 378 3858 ceciderint
393 3801 535 3858 vulnerati
551 3803 581 3858 in
596 3806 730 3875 AEgypto,
1048 3809 1079 3860 ut
1095 3804 1236 3874 ligaretur
1250 3805 1404 3879 pannis,ct
1417 3803 1592 3861 fasciaretur
1605 3795 1809 3876 (claudant

167 3878 197 3929 ct
212 3873 311 3930 ablata
327 3873 413 3930 luerit
430 3873 589 3931 multitudo
604 3874 696 3941 illius,
1081 3875 1220 3947 linteolis,

166 3950 197 4000 et
211 3946 359 4002 destructa
374 3945 567 4003 fundamenta
581 3948 657 4017 ejus.
1047 3952 1079 4002 ut
1093 3953 1207 4020 recepto
1221 3948 1334 4013 robore,
1351 3951 1450 4018 posset
1463 3952 1562 4004 tenere
1577 3946 1720 4020 gladium.

131 4014 288 4089 AEthiopia,
305 4022 332 4073 et
350 4017 449 4085 Libya,
465 4021 493 4073 et
511 4018 603 4086 Lydii,
617 4023 646 4074 et
660 4033 747 4074 omne
764 4016 908 4091 reliquum
1010 4024 1167 4092 Propterea
1181 4019 1242 4075 haec
1257 4020 1328 4075 dicit
1342 4021 1485 4077 Dominus
1501 4019 1580 4075 Deos
1597 4036 1605 4075 :

202 4088 318 4160 vulgus,
335 4093 364 4153 ¹et
378 4088 471 4156 Chub,
488 4093 517 4145 ct
532 4088 584 4144 filii
600 4095 682 4146 terrae
698 4089 827 4161 foederis,
1011 4091 1083 4146 Dece
1095 4108 1147 4164 ego
1163 4092 1198 4147 ed
1215 4091 1397 4147 Pharaonem
1413 4106 1510 4163 regem
1526 4090 1655 4165 AEgypti,

130 4159 536 4288 Haecppitceilstgludioicsslcnt.
1046 4163 1290 4288 eticomlminuam
1311 4162 1464 4219 brachium
1489 4165 1555 4235 ejus
1579 4165 1666 4230 forte,
1689 4158 1736 4217 sed
1756 4168 1803 4212 ccc·
1860 4223 1863 4248 ξ

234 4248 268 4285 tl
322 4248 430 4288 omaus
467 4247 544 4287 eus:
1095 4250 1206 4290 rucum
1859 4266 1863 4275 ·

131 4301 167 4355 Di
182 4307 317 4359 corruent
333 4302 487 4359 fulcientes
498 4304 666 4386 AEgyptum,
1046 4308 1075 4360 ct
1090 4276 1225 4377 dejiciam
1239 4305 1369 4378 gladium
1383 4306 1419 4361 de
1435 4321 1523 4362 manu
1540 4305 1605 4377 ejus
1621 4320 1630 4363 ε

165 4377 194 4429 et
209 4374 375 4431 destruetur
389 4392 423 4431 eu
447 4375 528 4431 orbiu
541 4375 657 4446 imperii
671 4375 736 4446 ejus
753 4391 760 4430 :
1010 4376 1046 4430 Et
1060 4376 1160 4448 disper
1182 4393 1227 4433 am
1245 4378 1399 4449 lligyptum
1416 4377 1446 4432 in
1460 4378 1610 4451 gentibus,

166 4447 278 4528 aturre
292 4446 400 4528 Syenes
413 4391 455 4516 (h.
473 4450 582 4502 zevene
598 4448 619 4518 ¹)
635 4446 732 4519 gladio
748 4446 893 4503 cadentia
910 4461 955 4517 ea,
1045 4450 1074 4503 et
1088 4394 1233 4506 ventilabo
1246 4465 1296 4505 eos
1312 4450 1341 4504 in
1359 4448 1457 4505 terris.

200 4521 241 4572 avt
257 4521 398 4574 Dominus
413 4522 489 4574 Deus
504 4518 687 4575 exercituum
702 4519 723 4573 ⁸.
971 4488 994 4554 D
1010 4519 1043 4572 Bt
1059 4521 1230 4577 confortabo
1246 4519 1366 4577 brechia
1380 4520 1460 4593 regis
1474 4519 1645 4593 babylonie,

128 4589 164 4642 Et
179 4587 404 4658 dissipabuntur
418 4590 448 4645 in
465 4591 561 4646 medio
575 4594 718 4646 terrarum
743 4587 953 4658 desolatarum,
1045 4590 1179 4664 daboque
1192 4592 1325 4665 gladium
1339 4608 1438 4648 meum
1452 4592 1483 4647 in
1498 4608 1589 4647 manu
1606 4592 1682 4664 ejus.

164 4663 194 4714 ct
209 4659 297 4715 urbes
312 4660 376 4731 ejus
391 4661 421 4717 iu
438 4662 535 4718 medio
550 4661 701 4719 civitatum
717 4662 899 4719 desertarum
1008 4662 1043 4718 lit
1058 4664 1241 4738 confringam
1257 4663 1377 4720 brachia
1391 4663 1565 4733 Pharaonis,
1707 4730 1714 4743 ι
1767 4726 1772 4738 Ι

201 4735 297 4787 eruut.
1044 4739 1072 4789 ct
1083 4741 1200 4805 gement
1215 4735 1371 4806 gemitibus
1386 4735 1530 4792 interfecti
1545 4749 1646 4792 coram
1661 4733 1733 4790 facte
1752 4737 1807 4800 citt·

129 4801 163 4857 itt
178 4802 272 4858 scient
308 4802 357 4858 uia
371 4819 425 4887 ego
440 4804 584 4862 Dominus
602 4821 609 4860 :
1007 4808 1044 4861 Bt
1056 4807 1227 4864 confortabo
1243 4806 1364 4863 brachia
1376 4806 1453 4880 regis
1468 4805 1639 4876 Rabylonis,

164 4890 231 4930 cum
249 4819 354 4960 degero
371 4892 466 4959 iguem
484 4877 512 4932 in
526 4877 658 4950 AEgypto‚
781 4949 786 4960 .
1044 4882 1072 4932 ct
1087 4878 1208 4934 brachia
1223 4878 1384 4935 Pharaonis
1398 4877 1553 4935 concident
1568 4893 1577 4936 ε

164 4950 193 5001 et
207 4950 299 5002 attrita
316 4947 425 5004 fuerant
439 4964 541 5005 omncs
557 4948 746 5006 auxiliatores
761 4964 835 5021 ejus.
1008 4948 1043 5004 Et
1059 4950 1153 5006 scient
1168 4951 1238 5023 quia
1253 4966 1306 5024 ego
1321 4949 1476 5018 Dominus,

127 5017 158 5073 lu
175 5016 223 5102 die
228 5017 287 5146 billa
303 5019 492 5092 egredientur
508 5021 603 5078 nuntii
619 5038 637 5078 a
652 5020 723 5079 facio
738 5037 803 5078 mea
828 5022 857 5078 iu
882 5020 952 5078 trie·
1043 5036 1110 5147 culm
1126 5023 1232 5106 dedero
1247 5022 1378 5095 gladium
1394 5038 1492 5080 meum
1503 5020 1533 5077 in
1545 5037 1638 5078 manu
1649 5020 1727 5095 regis
1739 5015 1813 5083 bibl·

200 5106 225 5145 rv
248 5107 293 5159 us,
1091 5109 1166 5161 ouis,

162 5305 170 5340 ¹
187 5303 347 5360 advertant
361 5303 484 5360 lectores
499 5303 682 5361 Scholiaaten
704 5307 832 5363 Cononis
854 5306 950 5381 legere
1006 5308 1127 5381 AEpypta'.
1144 5310 1231 5365 Dour.

125 5375 277 5436 utamect
290 5374 441 5432 Hebraeum
456 5379 490 5431 ut
503 5393 520 5432 e
533 5380 668 5434 nostrum
685 5394 691 5432 :
708 5379 811 5435 Zcuene
826 5395 880 5453 pro
900 5379 948 5437 Sc·
1044 5379 1230 5436 ‘Pristinum
1246 5396 1351 5438 nomen
1365 5380 1422 5437 fuit
1435 5389 1489 5446 >aa
1502 5385 1544 5437 ito
1567 5397 1578 5436 .·
1604 5404 1619 5433 a
1643 5380 1705 5438 flos
1726 5380 1820 5439 subm.

124 5464 207 5511 cene:
226 5452 348 5504 Pbutroo
363 5464 414 5519 pro
431 5446 557 5504 Plvotrca.
574 5448 666 5505 Matar.
1007 5451 1105 5524 inquit
1120 5451 1325 5523 Hieronymus,
1341 5469 1393 5526 pro
1408 5452 1672 5511 Nohlexaudriam
1684 5448 1825 5527 pmoimat

154 5518 172 5600 ι’
187 5519 249 5602 Nou
270 5518 350 5575 addit
373 5517 459 5574 llcbr.
483 5519 659 5602 excercitatum
684 5537 694 5576 .·
717 5524 746 5578 et
769 5520 823 5605 hoc
848 5525 947 5580 tamen
1006 5539 1058 5595 per
1072 5523 1324 5596 anticipationem,
1341 5540 1406 5598 quae
1422 5525 1521 5583 Graece
1536 5522 1684 5600 πρόληψις
1708 5516 1823 5609 appell!-

123 5592 211 5645 ctvam
240 5607 270 5645 vn
295 5592 459 5647 comment.
483 5595 602 5648 Hieron.
628 5607 734 5648 nomen
758 5597 874 5661 retract,
898 5610 949 5651 ex·
1005 5601 1099 5650 tun...
1118 5595 1349 5652 utmanifeetior
1365 5595 1448 5652 locus
1472 5594 1557 5652 fieret
1581 5594 1705 5654 lectoris
1727 5588 1825 5652 sublii·

124 5666 235 5728 puncto
251 5659 343 5718 altero
359 5662 439 5717 Deua.
1004 5665 1117 5733 gentica.
1136 5688 1149 5717 a
1164 5667 1238 5724 Vide
1263 5666 1313 5724 lib.
1341 5683 1370 5725 ιι
1394 5670 1557 5726 comment.
1586 5666 1619 5725 fu
1643 5664 1826 5727 mentetua

152 5729 166 5764 ⁸
176 5731 364 5803 Exempleric
380 5730 520 5804 aaronis,
536 5734 595 5793 dac
609 5739 691 5793 tcrvae
714 5737 837 5810 AEpgpti.
863 5737 949 5810 rtpud
1006 5741 1095 5795 Mlier.

102 5799 327 5876 Hieronymum
366 5805 399 5865 iu
436 5809 691 5887 commentariis,
724 5810 785 5869 dac
815 5809 848 5869 in
878 5813 957 5869 terro
