3870 6120
103 241 174 301 {337
745 236 854 295 Lissa
873 236 1172 297 ssovssmosout.
1744 225 1814 287 1838

174 365 281 423 tundet
295 367 419 422 matrem
435 378 534 421 suam.
942 361 971 432 Α
986 361 1152 430 Generatio,
1169 379 1233 435 qus
1245 379 1297 436 pro
1316 332 1460 420 dentibus¹
1470 357 1585 434 gladios
1599 356 1700 431 habet,

102 441 136 499 ln
152 433 929 509 multiplicationeimpiorummultiplicabuntursoe·
1022 441 1053 492 st
1067 435 1248 491 commandit
1262 436 1292 492 in
1308 432 1471 491 molaribus
1486 431 1601 503 suis,ut
1617 430 1753 488 comedat
1767 429 1813 490 iu·
1930 441 1934 447 “

182 511 244 567 lers
257 525 264 564 z
1040 523 1110 579 opes
1125 507 1160 563 de
1173 517 1260 576 terra,

142 586 172 638 et
181 581 258 656 justi
274 578 377 635 ruinas
391 594 493 635 sorum
508 576 661 647 videbunt,
1022 585 1051 634 et
1064 593 1206 651 pauperos
1222 595 1256 635 ox
1271 576 1453 634 bominibus.

105 655 196 712 ltrudi
212 652 307 709 titium
323 656 420 718 tuum,
436 654 466 706 et
481 649 666 720 refrigerabit
681 653 720 721 ts,
987 649 1178 732 sanguisuga
1195 649 1259 706 dna
1274 653 1355 714 sunt,

142 732 173 783 st
187 722 270 782 dabit
284 721 406 779 delicias
421 721 528 777 animm
544 726 612 776 tus.
1024 720 1090 778 lllrae
1106 722 1236 778 dicentes
1253 737 1260 776 t
1277 719 1365 788 Alter,
1380 718 1462 787 aller,

104 799 179 857 Cum
195 793 353 870 prophetis
366 792 517 861 deiecerit,
535 790 731 865 dissipabitur
744 789 873 865 populus
888 805 896 848 ε
988 792 1058 850 Tria
1072 800 1143 850 sunt
1156 790 1373 859 insaturabilia,

144 869 195 943 qui
214 882 282 923 varo
298 864 428 923 custodit
442 863 546 936 legem,
562 865 667 920 beatus
681 867 737 921 cst.
1024 868 1054 922 et
1068 868 1217 937 quartum,
1229 865 1307 937 quod
1331 877 1488 935 nunquam
1507 858 1601 918 dicit:

106 941 215 999 Seruus
228 937 327 994 vorbis
343 951 402 993 nou
415 939 515 1020 poisat
529 934 641 991 erudiri
657 949 665 990 ε
1059 936 1184 1003 Suldcit,

144 1011 215 1085 quia
229 1008 308 1138 qtuod
323 1008 398 1065 dicis
413 1007 564 1081 intelligit,
590 1010 620 1064 et
641 1005 821 1079 respondere
834 1006 935 1062 conte·
989 1007 1136 1136 lnlstrpna
1151 1013 1181 1064 st
1194 1023 1228 1092 os
1243 1005 1429 1134 vumtiatur
1448 1092 1464 1132 a
1487 1091 1526 1132 uu

183 1098 269 1138 mur.
1024 1097 1040 1135 e
1081 1095 1147 1136 erra
1182 1095 1336 1135 urnonsa
1542 1091 1550 1132 ε

109 1152 216 1215 vidisti
232 1150 384 1208 hominem
399 1149 527 1207 velocem
543 1148 579 1204 ad
595 1146 805 1221 loquendum?
1024 1150 1102 1223 ignis
1117 1096 1185 1210 verb
1208 1165 1362 1222 nunquam
1378 1148 1451 1205 dicit
1462 1091 1603 1205 :qsuidoit

147 1219 768 1296 stultitiamagissperandaestqusmillius
780 1217 935 1292 correptio.
989 1222 1126 1292 Oculum,
1142 1222 1193 1294 qul
1209 1222 1374 1279 subsannat
1388 1225 1512 1292 patrem.

111 1298 166 1365 oui
181 1295 305 1352 delicate
323 1310 340 1349 a
353 1295 480 1367 pueritia
492 1292 588 1349 nutrit
603 1307 720 1348 seruum
737 1307 837 1358 suum,
1025 1295 1113 1366 etqui
1123 1293 1248 1366 despicit
1263 1297 1380 1365 partum
1397 1290 1502 1348 matris
1514 1306 1576 1347 suu
1593 1303 1602 1345 s

148 1373 250 1441 postea
264 1366 350 1421 illum
366 1366 474 1422 sentiet
488 1368 703 1421 contumacem.
990 1365 1135 1423 iillodiant
1149 1381 1217 1423 sum
1230 1365 1307 1422 oorvi
1319 1365 1355 1420 ds
1374 1362 1569 1431 torrentibus,

112 1440 164 1496 Vir
177 1439 337 1495 iracundus
373 1439 488 1493 rovocat
501 1435 578 1493 rixas
595 1451 602 1491 :
1061 1444 1089 1494 et
1104 1438 1259 1495 comedant
1273 1452 1341 1493 eum
1356 1435 1408 1492 lilii
1424 1433 1541 1508 aquila.

148 1517 177 1568 et
196 1510 248 1583 qui
263 1509 301 1565 ad
316 1454 533 1635 inspirandam
550 1504 645 1564 facilis
657 1509 714 1574 cst,
739 1504 795 1564 erit
817 1506 853 1562 ad
869 1520 937 1579 pso·
989 1507 1058 1565 'iris
1072 1514 1143 1567 sunt
1157 1508 1291 1565 ditflcilia
1310 1506 1394 1574 mibi,

203 1586 303 1637 catum
319 1597 388 1654 proc
402 1597 485 1636 rvror.
1026 1587 1055 1636 et
1069 1589 1207 1654 quartum
1223 1580 1342 1654 penitus
1356 1579 1459 1652 ignoro
1475 1592 1483 1634 ι

112 1654 281 1726 Superbum
298 1652 434 1725 sequitur
446 1648 601 1707 humilitas
615 1666 623 1717 ;
989 1649 1074 1709 Viam
1090 1651 1198 1727 aquilas
1210 1651 1240 1708 in
1256 1651 1338 1721 omlo,

149 1730 179 1781 et
193 1723 338 1781 humilem
359 1723 465 1796 spirito
482 1721 627 1805 suscipiet
641 1718 745 1803 gioria.
951 1731 976 1799 Β
1030 1725 1109 1782 viam
1125 1723 1237 1781 colubri
1253 1739 1343 1795 super
1357 1723 1483 1802 petram,

111 1795 168 1862 oui
183 1811 249 1853 cum
265 1795 328 1851 lure
342 1794 510 1869 participat,
525 1794 588 1875 odit
602 1806 732 1876 animam
743 1807 830 1849 susm
846 1807 854 1849 z
1026 1796 1106 1855 viam
1120 1794 1203 1853 navis
1218 1795 1248 1850 in
1265 1792 1362 1852 medio
1377 1807 1463 1874 mari,

150 1868 338 1939 adJnrantsm
353 1866 448 1935 audit,
463 1867 493 1922 Gi
507 1881 564 1922 ³⁰¹¹
580 1864 702 1920 mmm·
1028 1874 1058 1928 st
1069 1867 1146 1925 viam
1159 1867 1213 1923 viri
1229 1867 1259 1923 in
1274 1863 1483 1923 adolescentis.

111 1939 168 2005 ont
181 1939 267 1995 timet
281 1937 445 2004 hominem.
460 1937 518 1994 cito
533 1940 649 1993 corruo
664 1950 672 1991 τ
992 1941 1075 2002 uatis
1088 1945 1134 1997 esc
1147 1944 1176 1996 st
1189 1937 1237 1995 via
1251 1935 1385 1996 mulieris
1399 1933 1551 2005 adultera,

113 2011 203 2140 alil
216 2008 512 2139 :solstitiis
526 2006 751 2136 :silut-¹¹⁰⁸
1028 2009 1571 2142 utttm‘ilcli‘tdttiltm

151 2161 181 2211 et
194 2170 212 2210 a
225 2097 351 2210 ngino
362 2094 675 2236 judiciumpegreditur
689 2147 886 2224 singulorum.
992 2100 1268 2215 Ροιιῗιιίιίιιονοιιιι
1283 2097 1370 2219 caria,
1473 2218 1479 2231 .
1558 2115 1565 2132 ⁸

113 2224 334 2283 abominantur
343 2223 419 2295 lusti
433 2223 531 2279 virum
545 2236 689 2294 rmprum:
1029 2232 1058 2287 et
1069 2229 1209 2298 quartum
1223 2240 1283 2281 non
1297 2224 1394 2296 potest
1405 2221 1552 2276 sustinere
1567 2233 1575 2273 ε

151 2301 181 2355 et
192 2294 402 2353 abominantur
411 2295 495 2367 impii
506 2293 660 2368 eos,quiin
672 2295 751 2350 reots
761 2295 831 2348 sunt
839 2291 913 2350 siat
994 2299 1048 2357 Per
1061 2313 1178 2355 servum
1193 2312 1261 2353 oum
1277 2290 1442 2368 regnaverit
1458 2306 1465 2346 :
1607 2358 1613 2370 ι

168 2411 290 2469 arra
305 2409 581 2470 coartans
595 2408 679 2466 un
694 2407 886 2478 auos·
994 2357 1706 2501 omabsurdissimi„sim
1729 2426 1820 2486 nn
1913 2472 1916 2477 .

114 2510 194 2584 (dap.
210 2508 309 2580 XXX.)
325 2506 860 2581 Visio‚quamlocutusestvir,oum
881 2523 941 2581 quo
1064 2515 1239 2585 assumpta:
1368 2478 1376 2507 ’
1556 2573 1563 2588 ,
1676 2571 1682 2586 ‚

188 2586 235 2640 est
248 2581 337 2650 Deus,
1029 2590 1058 2643 et
1073 2600 1125 2657 par
1138 2581 1277 2640 ancillam
1292 2595 1359 2637 oum
1371 2577 1465 2634 hares
1490 2575 1579 2633 luerat
1603 2574 1729 2632 domine
1743 2586 1817 2631 suo.

152 2656 182 2709 et
197 2650 247 2724 qni
263 2651 322 2709 Deo
336 2667 435 2709 senum
449 2654 583 2709 morante
597 2651 792 2720 conlortatus,
808 2648 850 2707 ait
864 2667 871 2707 :
994 2662 1126 2728 quatuor
1140 2659 1212 2712 sunt
1226 2651 1348 2710 minima
1363 2654 1458 2717 terra,

111 2723 320 2782 Stulliesimut
335 2740 402 2781 sum
417 2722 560 2794 virorum,
1029 2728 1131 2812 etipsa
1141 2731 1212 2784 sunt
1222 2715 1605 2796 sapientiorasspieutibus.

153 2801 183 2852 et
197 2794 343 2867 sapientia
358 2794 512 2852 hominum
528 2810 586 2852 non
602 2796 647 2851 est
661 2807 788 2851 mecum.
993 2800 1131 2858 [dormies
1148 2796 1274 2870 populus
1287 2794 1435 2861 infirmus,
1581 2857 1588 2870 ·

119 2867 191 2924 Non
205 2867 295 2924 diditi
310 2866 497 2940 ῦᾶρῑθῦῐίθω,
1029 2889 1093 2944 quac
1109 2866 1311 2944 praeparantia
1322 2860 1522 2921 massecibum
1533 2858 1605 2918 sibi:

155 2943 186 2994 et
199 2938 266 2995 novi
282 2945 452 2995 sanctorum
468 2936 623 2995 scientiam
634 2937 656 2991 ¹.
995 2941 1178 3016 Lopusoulus
1189 2939 1273 3014 plebs
1287 2935 1427 3002 invalida,

116 3010 338 3093 ouisusscennjc
349 3009 379 3093 ip
392 3009 510 3094 cotum.
525 3014 614 3092 atoue
629 3006 802 3091 descendit?
1031 3016 1081 3087 qni
1097 3012 1220 3070 collocat
1234 3012 1265 3067 in
1280 3015 1363 3082 petra
1380 3002 1475 3064 cubile
1490 3018 1579 3061 snum
1595 3018 1603 3058 :

119 3079 838 3236 0¹3:33²&ssliqna?ffliiuhffebzllffizgffis‘?
957 3090 981 3160 c
999 3078 1430 3228 septegngrleopipgpsuplppepssbgg}
1441 3150 1556 3204 turmas
1570 3159 1642 3202 suas
1656 3156 1663 3202 :

159 3239 229 3296 quis
243 3228 400 3281 suscitavit
410 3240 514 3281 omnes
526 3230 668 3282 terminos
680 3224 785 3279 terrm?
998 3229 1097 3288 stollis
1110 3227 1248 3284 manibus
1263 3223 1378 3292 nititur,

120 3296 205 3361 onon
221 3297 417 3367 nomenoius,
1034 3289 1481 3365 camoratnrinaedinusrcgis.

121 3368 406 3497 odollami
421 3366 567 3510 illm
998 3364 1609 3515 *tristissimos

161 3508 280 3583 clypeus
294 3515 338 3566 est
352 3478 545 3582 sperantibus
554 3508 584 3564 in
600 3525 641 3565 se.
997 3520 1054 3574 ιω
1069 3460 1250 3572 [grtissimds
1264 3509 1435 3578 bestiarum,

118 3584 163 3637 Ns
179 3581 272 3637 addas
287 3582 449 3654 quidquam
465 3581 560 3638 verbis
573 3579 665 3650 illius,
1034 3588 1070 3645 ad
1087 3585 1199 3643 nullius
1214 3583 1329 3657 pavebit
1343 3593 1498 3638 occursum
1515 3591 1523 3632 ²

54 3696 57 3702 .
156 3656 188 3708 st
201 3654 347 3724 arguaris,
362 3651 581 3724 inveniarisque
597 3651 734 3707 mendax.
997 3659 1100 3717 Gallus
1114 3657 1284 3715 sucoinctus
1300 3652 1418 3712 lumbos
1435 3668 1441 3705 :

118 3723 183 3779 Duo
196 3725 295 3792 rogavi
307 3730 346 3790 te,
356 3742 393 3781 ns
402 3725 527 3794 deneges
540 3722 611 3780 mihi
635 3726 793 3793 antequam
810 3721 943 3781 moriar:
1032 3737 1061 3787 st
1073 3727 1171 3786 aries:
1189 3744 1241 3785 nen
1256 3728 1302 3783 ost
1314 3741 1374 3788 rex,
1390 3722 1438 3793 qui
1454 3717 1570 3776 resistat
1584 3715 1622 3771 ei.
1790 3784 1796 3796 Ι

155 3795 332 3868 vanitatem,
352 3800 382 3853 st
396 3797 485 3853 verba
505 3792 658 3852 mendacia
681 3791 768 3866 longe
793 3794 837 3850 iac
852 3810 869 3850 a
885 3809 942 3853 mc.
997 3801 1031 3858 iit
1046 3799 1095 3875 qui
1107 3798 1218 3857 stultus
1232 3796 1370 3870 apparuit
1384 3797 1541 3867 postquem
1570 3785 1701 3844 elesatua
1724 3791 1770 3842 est
1788 3801 1819 3841 ιιι

118 3865 352 3935 modicitatem,
368 3872 397 3924 st
411 3866 530 3923 divitias
545 3883 581 3923 ne
596 3863 711 3922 dederis
726 3864 799 3920 mihi
814 3882 824 3922 .·
1067 3870 1195 3929 sublime
1211 3887 1218 3927 :

154 3938 252 3996 trisne
267 3942 384 3995 tantum
398 3938 488 3995 victui
506 3954 569 3994 meo
585 3937 776 3994 necessaris:
1031 3944 1058 4001 st
1072 3943 1151 4000 enim
1168 3938 1369 4006 intellexisset,
1396 3934 1440 3992 ori
1465 3948 1520 3992 suo
1541 3927 1735 4005 imposuisset
1754 3942 1819 3985 ma·
1918 3952 1925 3959 -

116 4011 160 4065 Ns
172 4009 246 4066 forts
262 4011 389 4067 satiatus
405 4009 510 4066 illiciar
524 4009 560 4066 ad
578 4009 758 4081 negandum,
1067 4031 1148 4072 nuru·
1605 4073 1611 4087 ,
1632 4074 1639 4086 ,

154 4089 182 4137 θῑ
196 4081 291 4138 dicam
309 4099 317 4138 τ
333 4081 405 4147 Οΰὶῦ
419 4085 466 4138 tvi
482 4080 645 4138 Domlmw?
995 4086 1049 4151 Oui
1063 4092 1160 4143 autam
1178 4084 1291 4141 lortiter
1306 4080 1413 4156 prsmit
1427 4077 1519 4136 ubsra
1533 4069 1816 4139 adeirorendumlao,

155 4157 184 4207 et
198 4157 329 4225 egestate
338 4154 512 4228 compulsus
528 4153 617 4222 turer,
631 4155 661 4208 et
671 4151 819 4225 perjurem
834 4168 942 4210 nomen
1065 4157 1203 4230 exprimit
1217 4155 1356 4226 butyrum
1371 4169 1380 4209 t
1688 4215 1695 4230 ‚

154 4223 207 4279 0θὶ
224 4223 290 4281 mei·
1030 4234 1060 4287 et
1074 4229 1126 4303 qui
1136 4229 1324 4286 vehementer
1338 4221 1483 4295 emungit,
1499 4218 1788 4303 slioitnsangannem:

117 4293 160 4351 Ne
177 4310 298 4353 recusos
314 4311 432 4353 servum
448 4294 484 4351 su
500 4294 659 4352 nominum
674 4310 774 4365 sunm,
1030 4308 1059 4359 et
1074 4304 1210 4375 provocat
1224 4299 1294 4366 iras,
1309 4295 1447 4371 produco
1462 4289 1638 4350 discordas·

114 4367 717 4511 sitili‘llidlttllltttillidi?
1180 4415 1297 4474 inam
1311 4409 1494 4471 arnonus
1509 4406 1626 4467 mars.

152 4513 182 4563 et
196 4525 259 4578 qua
273 4527 331 4567 nou
345 4510 491 4567 benedicit
506 4509 591 4566 matri
607 4527 678 4566 sua.
993 4515 1071 4584 (dap.
1088 4512 1195 4584 XXXI.)
1207 4511 1300 4583 Visio,
1316 4526 1375 4595 qua
1389 4507 1517 4565 erudivit
1540 4521 1608 4562 eum
1635 4507 1731 4563 mater
1750 4519 1816 4570 sus,
1879 4550 1885 4561 ,
1913 4514 1922 4523 ·

114 4577 283 4647 (temeratio,
297 4598 362 4653 qua
379 4582 436 4638 sibi
452 4582 564 4637 munda
577 4581 702 4646 videtur,
994 4586 1081 4653 Quid,
1097 4584 1201 4641 diiscte
1215 4585 1271 4639 mi:
1285 4582 1367 4655 quid,
1380 4580 1486 4637 dilecta
1501 4578 1576 4635 uteri
1592 4577 1666 4646 rusi;

150 4660 181 4707 et
195 4656 294 4709 tamen
310 4670 368 4709 non
381 4659 427 4709 cst
442 4651 503 4709 lota
517 4670 534 4709 a
550 4653 688 4711 sordibus
702 4652 777 4710 suis.
1031 4657 1112 4729 quid,
1128 4656 1233 4712 dilecte
1248 4658 1382 4710 votorum
1399 4650 1551 4709 meorum?

110 4719 281 4790 Generatim
301 4727 388 4796 culus
403 4723 511 4781 excelsi
527 4729 598 4780 sunt
613 4724 702 4793 oculi,
995 4727 1036 4786 Ne
1052 4728 1166 4786 dederis
1180 4726 1355 4784 mulieribus
1370 4723 1571 4781 substantiam
1585 4725 1680 4790 tuam,

150 4799 180 4850 st
194 4795 342 4870 palpebra
357 4797 422 4867 ejus
437 4796 468 4851 in
482 4795 541 4851 alta
556 4801 706 4853 surrecta.
1030 4807 1059 4857 et
1072 4800 1134 4857 viss
1149 4798 1238 4857 tuas⁸
1252 4798 1288 4855 ad
1304 4797 1445 4854 delendos
1459 4810 1554 4869 reges,

154 5006 162 5042 ¹
180 5003 339 5087 Subiungit
363 5006 450 5078 vulg.
475 5006 565 5064 editio
588 5005 766 5064 uersiculum
792 5025 801 5065 ι
827 5009 944 5067 Verbum
995 5032 1060 5073 vam
1098 5012 1265 5081 articulum,
1280 5016 1306 5070 et
1319 5012 1462 5078 nonnosi,
1478 5014 1534 5068 eto.
1549 5026 1613 5083 qus
1633 5007 1752 5082 quidam
1768 5022 1820 5064 su·

112 5076 273 5133 0l⁴⁸²⁰d¹0n³
286 5078 378 5147 filim.
390 5086 472 5136 extra
484 5078 673 5163 perditionem
688 5078 812 5152 oritoni
824 5083 944 5139 tametsi
996 5031 1211 5158 bintefligenda
1233 5084 1312 5141 venit
1335 5083 1366 5140 in
1395 5083 1545 5141 similibus
1569 5078 1763 5144 Hebrsismis,
1787 5081 1822 5135 ut
1924 5144 1928 5151 ι

113 5163 151 5231 px
168 5148 237 5204 LXX
254 5149 397 5206 duntaxat
413 5151 605 5208 translatione
632 5167 660 5205 ru
689 5150 804 5208 Latinos
830 5154 944 5211 codices
991 5161 1054 5232 jam
1072 5159 1243 5215 monuimus
1267 5156 1297 5213 in
1313 5156 1554 5213 adnotationibus
1570 5152 1680 5210 nostris
1694 5151 1732 5207 ad
1743 5148 1823 5223 psal·

112 5224 297 5291 importatas
313 5227 359 5279 cst
374 5240 381 5279 :
398 5221 416 5276 ii
434 5227 533 5279 tamen
550 5238 608 5279 non
622 5221 669 5278 hio
684 5220 740 5279 loei
756 5223 876 5295 habent,
891 5228 943 5282 sed
996 5230 1058 5288 mul
1075 5247 1103 5287 rx
1119 5230 1215 5287 Mirr.

112 5290 261 5360 superiori
277 5294 373 5364 capite
387 5310 465 5361 xxiv,
481 5297 546 5365 post
565 5292 744 5350 versiculum
769 5295 944 5354 vicesimum
1030 5303 1150 5358 ⁸[rocus
1167 5318 1224 5358 non
1243 5316 1301 5356 uno
1318 5299 1404 5356 modo
1420 5298 1599 5368 depravatus
1613 5308 1712 5352 errore
1731 5290 1820 5349 libra·

113 5363 291 5420 secundum.
318 5365 348 5422 S.
376 5365 564 5437 Augustinus
586 5365 661 5422 libro
687 5367 720 5421 ds
743 5366 886 5424 tteodocio
908 5369 945 5425 ud
996 5372 1121 5430 riorum.
1141 5374 1269 5430 Canonis
1284 5369 1473 5440 exemplaria,
1488 5365 1682 5438 nonnullique
1692 5363 1822 5421 sliimss.

111 5436 253 5491 &nuent
271 5452 297 5492 o.
314 5437 359 5506 18,
407 5437 454 5493 lus
473 5436 571 5495 adhuc
595 5436 710 5492 videtur
733 5435 862 5508 legisse:
882 5440 943 5496 Ver·
997 5446 1112 5502 codices
1128 5446 1204 5501 bano
1215 5443 1341 5501 retinent
1363 5441 1500 5497 vitiosam
1515 5437 1671 5496 lactionum
1683 5453 1690 5491 τ
1702 5437 1739 5493 Et
1751 5435 1824 5505 dim·

113 5505 182 5589 tum
203 5508 351 5589 'excipiens
374 5453 454 5594 μΡΙὶιιι
467 5525 479 5592 ,j
494 5525 512 5565 o
526 5507 695 5592 'perditione
722 5509 768 5590 too
787 5524 802 5566 c
829 5512 945 5568 oberit:
997 5522 1053 5572 sios
1067 5525 1129 5572 tuos
1144 5517 1183 5573 od
1196 5516 1325 5573 delendos
1339 5528 1424 5586 repes.
1451 5513 1483 5569 ln
1509 5509 1611 5566 moltis
1635 5508 1774 5582 legimus,
1788 5509 1823 5565 Et

112 5591 258 5706 {mm
276 5584 503 5708 “wtizam
520 5579 708 5651 attrectasset
727 5527 801 5637 ιιιὴρὶὶ
813 5582 882 5653 sotei
909 5584 946 5642 de
996 5587 1114 5716 sefflica
1128 5592 1261 5714 tuaaepo.
1274 5585 1459 5712 corbtaiepsliis
1471 5587 1569 5711 tumn
1581 5580 1695 5709 ιέιὶιτιὲιέιέ
1703 5580 1824 5711 pegigi:

152 5718 224 5777 ’ita
237 5667 415 5807 exgmplaria
430 5721 558 5780 Cononis
574 5720 723 5780 Hebraico
738 5722 879 5794 veritatis,
893 5742 945 5783 nso
997 5671 1654 5802 34⁰3„&3:¹5¹ssssssssgfflssufpfvissm
1666 5726 1736 5792 etc,
1746 5668 1826 5798 guod

115 5806 178 5849 non
207 5792 338 5852 universi
352 5809 427 5854 mss.
457 5792 583 5854 codices.
605 5793 682 5853 iidlti
698 5793 813 5853 addunt
828 5798 945 5874 neguti-
997 5803 1039 5863 ita
1053 5803 1198 5876 scriptum
1207 5800 1353 5874 reperitur
1367 5798 1398 5857 iu
1414 5796 1548 5862 asarota
1558 5790 1828 5868 solaminibut.ubl
