3870 6120
76 194 147 255 seor
296 175 300 183 '
751 202 859 260 arnan
878 199 1116 259 sannuonnu.
1719 210 1789 275 iem

112 326 144 382 et
157 337 217 382 noo
232 326 373 392 revertar,
388 324 481 383 donce
496 341 669 387 consumam
685 344 745 388 eos.
918 324 947 396 Α
996 325 1231 399 perseverancia
1247 327 1354 388 secula
1368 328 1409 403 (h.
1427 333 1600 405 eternum)=

74 396 192 455 Cedam
207 410 269 464 eos,
285 402 315 453 et
330 413 388 454 non
401 403 542 470 poterunt
555 416 685 475 surgere,
960 396 1077 456 iudicio
1093 398 1207 456 Domini
1223 415 1301 466 vera,

111 467 217 525 cadent
234 468 289 524 sub
306 469 431 541 pedibus
446 472 530 528 meis.
993 471 1159 528 JustiDonta
1176 473 1206 527 in
1223 471 1400 544 semetipsis.

70 540 109 597 llt
124 539 280 596 accinxisti
296 556 343 597 me
360 541 533 598 tortitudine
548 543 584 599 ad
601 545 748 617 praelium.
957 542 1170 599 Desiderabilin
1185 559 1275 616 super
1290 561 1396 601 eurum

111 611 283 669 incurvabis
295 612 466 670 resistentes
482 615 555 670 mibi
570 616 627 672 sub
642 632 700 674 mc.
993 618 1022 679 et
1036 613 1163 686 lapidem
1180 616 1339 687 pretiosum
1357 616 1482 674 multum
1498 616 1539 690 (h.
1557 618 1718 693 obryzum).

73 683 271 741 inimicorum
286 699 418 740 meorum
434 686 541 743 dedisti
558 687 629 744 mihi
645 689 780 758 dorsum,
992 685 1163 742 etdulciora
1179 703 1269 759 super
1283 686 1339 743 mel
1355 690 1492 744 etluvum
1503 690 1727 749 redundantem.

110 760 139 812 et
153 755 287 812 odientes
303 770 350 811 ms
366 756 581 829 disperdidisti.
957 756 1038 813 Unde
1057 762 1086 813 et
1101 774 1204 814 servus
1220 767 1288 814 tuus
1303 759 1418 815 docebit
1429 777 1480 816 ea:

71 826 265 896 Clamabunt,
280 832 310 882 et
325 844 383 883 non
399 829 455 885 erit
469 829 520 901 qui
536 829 649 886 salvet:
991 829 1022 885 in
1038 829 1240 886 custodiendis
1256 831 1298 885 sis
1314 831 1429 888 tructus
1444 830 1568 888 multus.

109 898 147 954 ad
165 899 335 970 Dominum,
351 903 380 955 et
395 916 452 956 non
468 901 605 957 exaudiet
620 916 680 957 eos.
954 899 1074 956 Errores
1089 900 1156 972 quis
1171 900 1360 973 intelligigit:

71 969 182 1027 Dslebo
193 969 518 1045 (btlomminuamleos
528 976 559 1030 ui
569 970 902 1045 pulveremanteiauiom
990 973 1026 1028 ab
1041 971 1163 1029 occultis
1179 974 1290 1028 munda
1305 988 1362 1029 me.

145 1040 238 1109 venti,
952 1045 976 1099 Α
990 1043 1127 1116 superbis
1143 1059 1260 1116 quoque
1275 1043 1368 1101 libere
1382 1059 1500 1102 servum
1514 1047 1612 1113 tuum,

110 1112 250 1169 uitulum
268 1111 433 1185 platearum
448 1114 601 1188 projiciam
616 1131 676 1172 eos.
988 1115 1013 1172 si
1030 1131 1088 1171 nnn
1104 1115 1214 1172 luerint
1229 1114 1374 1172 dominati
1389 1117 1458 1188 mei,
1473 1120 1545 1172 tuno
1567 1117 1777 1180 immaculatus

72 1183 209 1242 Salvabis
224 1200 272 1240 me
287 1201 304 1240 n
318 1185 601 1244 contradictionibus
617 1185 738 1260 popuii;
1022 1202 1083 1254 oro,

106 1272 200 1330 pones
215 1271 263 1312 me
274 1255 305 1311 in
319 1260 408 1329 caput
424 1259 568 1329 gentium.
986 1261 1015 1314 et
1027 1256 1193 1314 mundabor
1208 1273 1224 1314 u
1239 1256 1345 1315 delicto
1361 1259 1499 1316 maximo.

71 1327 203 1401 Populus
218 1343 305 1399 quem
321 1327 464 1400 ignoravi,
482 1332 589 1387 serviet
605 1328 698 1386 mibi:
949 1328 1013 1384 Sint
1027 1329 1175 1401 placentes
1186 1345 1336 1387 sermones
1351 1331 1411 1388 oris
1426 1330 1497 1398 mei,

105 1399 258 1456 auditione
273 1400 354 1456 auris
369 1401 508 1458 obaudiet
523 1401 608 1458 mihi.
985 1405 1014 1457 et
1030 1400 1181 1457 meditatio
1197 1400 1293 1458 cordis
1310 1403 1367 1459 mei
1383 1403 1411 1459 in
1428 1406 1586 1474 conspectu
1602 1406 1672 1460 tuo:

69 1470 243 1598 Filiilulielni
260 1471 439 1598 mfpmflenmr
454 1472 544 1529 mihi:
949 1472 1083 1543 Domine,
1100 1472 1239 1529 fortitudo
1252 1489 1327 1545 mea,
1344 1479 1373 1529 et
1388 1474 1555 1546 redemptor
1570 1488 1664 1531 meus.

152 1559 161 1597 t
218 1559 263 1597 iu

105 1547 568 1685 1⁶²:crogtroassenpuppptangusffis
584 1614 657 1673 suis.
1070 1606 1181 1646 ΜΘΝ
1195 1605 1339 1646 “mm
1354 1589 1394 1662 (¹¹¹
1412 1589 1535 1664 palmi
1551 1606 1645 1646 ww·

66 1684 147 1742 Viuit
161 1684 313 1752 Dominus,
330 1691 360 1743 et
375 1686 547 1743 benedictus
562 1687 639 1744 Deus
651 1685 692 1760 (b.
706 1685 799 1759 lortis)
811 1695 932 1761 meusss
949 1687 1034 1761 (XX.)
1048 1688 1190 1743 Exaudiet
1203 1691 1232 1743 te
1247 1688 1390 1744 Dominus
1416 1687 1446 1743 in
1474 1689 1521 1744 die
1549 1687 1769 1748 tribulationis:

103 1761 134 1814 et
148 1756 330 1813 exaltabitur
343 1758 397 1827 (At.
414 1756 568 1832 exaltetur)
582 1760 660 1817 Deus
679 1756 785 1816 salutis
807 1773 890 1815 meae.
982 1763 1114 1843 protegat
1129 1763 1157 1816 te
1172 1775 1279 1816 nomen
1296 1759 1346 1816 Dei
1361 1759 1461 1816 Jacob.

64 1832 157 1894 Deus,
172 1831 222 1900 qui
237 1829 291 1885 das
305 1828 449 1886 vindictas
465 1829 549 1894 mihi,
946 1831 1043 1888 Mittet
1058 1830 1111 1888 nbi
1126 1830 1267 1887 auxilium
1283 1831 1319 1887 de
1334 1835 1446 1888 sancto.

103 1904 134 1957 et
148 1915 311 1972 congregas
323 1900 447 1985 populos
463 1903 519 1958 sub
534 1917 591 1958 me.
981 1907 1009 1959 et
1021 1904 1056 1959 de
1071 1901 1138 1959 Sion
1151 1903 1268 1959 roboret
1284 1907 1321 1958 te.

64 1971 121 2037 Qui
138 1987 238 2027 servas
254 1973 352 2029 moab
368 1972 497 2029 inimicis
513 1973 599 2040 meis,
945 1975 1057 2030 liemon
1072 1973 1111 2030 sit
1125 1975 1223 2031 omnis
1238 1972 1373 2030 sacrificii
1389 1972 1443 2044 tui,

102 2047 132 2100 et
145 2058 162 2099 a
176 2043 383 2125 resistentibus
399 2043 472 2100 mibi
487 2043 581 2100 elevas
597 2059 643 2099 me
659 2058 666 2100 :
980 2050 1009 2103 et
1023 2044 1226 2102 holocaustum
1242 2049 1339 2116 tuum,
1351 2045 1404 2117 (At.
1416 2053 1468 2102 inc.
1483 2046 1579 2118 tuum)
1589 2044 1697 2120 pingue
1706 2044 1768 2104 ilat.

101 2131 120 2170 a
131 2114 195 2171 viro
212 2115 313 2187 iniquo
328 2114 469 2171 liberabis
483 2116 536 2188 (nt.
554 2115 657 2186 libera)
673 2129 730 2170 ms.
978 2122 1105 2173 Saurea.

62 2186 222 2258 Propterea
236 2186 396 2243 confitebor
411 2185 464 2243 tibi
479 2187 508 2243 in
521 2186 670 2260 gentibus,
686 2183 819 2242 Domine.
944 2191 998 2247 Dct
1011 2189 1066 2244 tibi
1081 2188 1245 2244 seeundum
1261 2204 1311 2244 cor
1323 2192 1420 2253 tuum,

100 2262 131 2314 et
146 2258 258 2314 nomini
274 2263 324 2313 tuo
340 2258 463 2314 cantabo
479 2259 520 2331 (b.
537 2257 684 2331 psallum).
980 2265 1010 2318 et
1025 2276 1141 2317 ornnem
1155 2261 1334 2317 voluntatem
1350 2263 1432 2316 tuam
1447 2257 1489 2331 (h.
1506 2274 1592 2316 omne
1611 2258 1768 2318 eonsilium

62 2328 268 2402 Magnificenti
283 2327 394 2386 salutes
409 2330 487 2456 regis
502 2330 560 2394 sui,
1014 2333 1111 2404 tuum)
1128 2331 1259 2403 impleat.
1796 2340 1799 2345 '

101 2407 131 2458 et
149 2400 265 2457 lanianti
281 2400 432 2458 misericor
456 2405 512 2457 iam
525 2405 532 2439 ¹
545 2400 661 2457 Christo
676 2415 740 2456 suo.
946 2404 1147 2460 Laudabimus
1158 2403 1187 2458 in
1202 2402 1327 2460 salutari
1339 2405 1390 2458 tuo
1406 2402 1417 2436 ²

63 2471 160 2531 David
176 2476 205 2528 et
219 2472 327 2529 semini
341 2474 511 2546 elususque
526 2473 556 2529 in
573 2477 715 2529 aeternum
731 2472 773 2545 (b.
797 2487 892 2530 secu·
980 2480 1010 2531 et
1025 2476 1054 2530 in
1071 2475 1191 2531 nomine
1203 2475 1253 2531 Dei
1269 2474 1361 2531 nostri
1377 2473 1558 2530 deducemus
1571 2475 1594 2532 ³.

137 2544 221 2617 lum).
945 2545 1070 2618 Impleat
1084 2546 1228 2603 Dominus
1238 2561 1341 2602 omnes
1357 2545 1513 2617 petitiones
1527 2549 1612 2602 tuas:

191 2675 302 2716 mmm
317 2647 463 2717 cmm
478 2659 508 2733 (h
537 2658 632 2717 psalm
646 2661 657 2730 >
671 2676 754 2716 ww
981 2635 1060 2675 nunc
1075 2617 1136 2673 scio
1150 2617 1290 2690 quoniam
1306 2615 1431 2672 salvabit
1449 2617 1595 2674 Dominus
1623 2614 1771 2673 ebriatum

513 2701 519 2716 ·
637 2701 643 2714 ·
758 2701 764 2715 ·
971 2703 974 2708 ’
1015 2704 1121 2746 suum:

60 2756 163 2831 (xix.)
178 2757 250 2814 Caeli
266 2762 405 2815 enarrant
418 2757 541 2832 gloriam
554 2759 613 2825 Dei,
944 2761 1086 2818 Exaudiet
1099 2776 1165 2817 eum
1182 2759 1218 2815 da
1233 2758 1306 2816 coelo
1321 2762 1423 2814 sancto
1437 2773 1504 2825 suo,

99 2833 131 2885 et
148 2845 222 2902 opus
238 2845 380 2886 manuum
393 2831 458 2902 ejus
479 2830 636 2887 annuntiat
660 2829 891 2888 firmamentum.
980 2833 1010 2888 in
1025 2831 1249 2889 tortitudinibus
1263 2832 1274 2866 ὅ
1288 2830 1393 2887 salutis
1408 2830 1531 2887 dexterae
1546 2844 1617 2886 suas.
1724 2844 1728 2851 ·

62 2900 136 2958 Dies
153 2900 210 2958 diei
225 2906 338 2957 eructat
353 2905 486 2967 verbum,
980 2904 1016 2960 Hi
1030 2904 1060 2959 in
1076 2902 1222 2971 curribus,
1238 2906 1267 2959 et
1280 2901 1312 2958 hi
1327 2903 1355 2957 in
1373 2901 1477 2971 equis:

97 2977 128 3029 et
144 2988 201 3029 nox
215 2972 294 3030 noeti
305 2973 417 3030 indicat
431 2972 597 3030 scientium.
981 2992 1035 3032 nos
1050 2980 1148 3031 autem
1164 2975 1192 3031 in
1209 2974 1328 3031 nomine
1342 2972 1457 3029 Domini
1466 2971 1517 3028 Dei
1528 2970 1621 3028 nostri
1635 2971 1771 3029 reeorda-

60 3046 128 3101 lton
146 3049 192 3100 est
206 3059 315 3114 sermo,
326 3050 355 3100 et
367 3061 425 3101 non
441 3049 511 3101 sunt
526 3046 624 3117 verba,
906 3061 928 3124 c
1018 3048 1139 3103 bimurl

86 3115 177 3173 uibus
192 3131 250 3172 non
265 3116 404 3173 audiatur
417 3133 471 3173 vox
484 3132 597 3184 corum,
947 3118 1005 3192 Ipsi
1020 3119 1133 3175 curvati
1149 3118 1207 3189 (ll.
1222 3116 1378 3187 incurvati)
1394 3117 1465 3172 sunt
1480 3118 1509 3171 et
1523 3113 1711 3173 ceciderunt:

77 3205 97 3244 n
114 3187 283 3243 universnm
296 3191 404 3244 terram
420 3188 508 3244 exivit
522 3204 614 3244 sonus
629 3202 741 3258 eorum,
981 3205 1035 3246 nos
1050 3206 1116 3247 vero
1132 3189 1315 3246 surreximus
1330 3191 1359 3246 et
1372 3186 1461 3244 erecti
1475 3201 1581 3244 sumus

100 3263 132 3315 et
147 3258 177 3314 iu
194 3258 282 3315 linem
299 3259 380 3316 orbis
394 3261 482 3315 rerba
496 3273 616 3316 eorum:
945 3261 1079 3332 Domine,
1095 3260 1194 3318 salva:

100 3328 159 3387 soli
175 3330 273 3403 posuit
287 3329 510 3387 tabernaculum
523 3330 554 3386 in
570 3330 622 3386 eis.
1017 3348 1067 3390 rex
1077 3333 1272 3390 exaudietnos
1282 3328 1770 3405 indiegusinvnnavnrtmusenm‘.

61 3402 99 3458 Et
110 3401 176 3474 ipse
191 3401 278 3474 quasi
293 3418 421 3474 sponsus
437 3403 596 3475 procedens
612 3401 664 3474 (il.
691 3400 831 3473 procedit)
855 3400 891 3458 de

137 3471 269 3529 thalamo
284 3490 349 3541 guo,
1068 3466 1181 3507 vroronr
1197 3464 1344 3505 murreum
1356 3447 1398 3521 (h.
1414 3445 1644 3518 Psalm.)oav1n.

99 3543 269 3615 exsultavit,
285 3550 319 3602 ut
334 3544 418 3602 fortis
430 3545 466 3601 ad
477 3544 653 3601 currendam
664 3544 740 3600 viam
751 3542 794 3617 (h.
805 3544 893 3600 semi·
946 3547 1049 3622 (xxi.)
1064 3548 1195 3614 Domine,
1210 3548 1239 3602 in
1256 3545 1427 3603 fortitudine
1455 3549 1507 3602 tua
1533 3543 1681 3601 laetabitur
1709 3559 1770 3610 rex,

136 3618 210 3672 tam.
647 3656 649 3661 »
980 3625 1009 3677 ct
1023 3620 1053 3675 in
1068 3619 1191 3675 salutari
1207 3622 1257 3674 tuo
1272 3617 1431 3674 exsultabit
1444 3616 1640 3673 vehementer.

61 3687 86 3744 Α
101 3686 276 3744 summitate
290 3685 354 3743 onii
367 3702 504 3760 egressus
519 3687 597 3759 elus,
943 3690 1127 3748 Desidsrtum
1143 3690 1239 3746 cordis
1254 3691 1318 3759 eius
1333 3689 1440 3746 dedisti
1455 3688 1492 3755 ei,

98 3763 129 3815 et
144 3774 251 3824 cursus
268 3760 320 3826 (it.
337 3759 486 3831 recursus)
501 3759 566 3832 ejus
582 3773 675 3831 usque
687 3757 722 3814 ad
734 3758 890 3815 summita·
980 3766 1008 3818 et
1023 3763 1170 3818 voluntate
1181 3756 1766 3827 labiorumeiusnonfraudastisnuesnl.

139 3832 199 3886 tem
214 3829 315 3887 illius:
944 3833 1086 3898 Quoniam
1100 3833 1255 3903 praevenies
1265 3846 1332 3886 eum
1345 3826 1766 3886 benedictionibusbonitatis⁸t

100 3917 156 3957 nec
168 3904 213 3959 est
226 3902 277 3973 qui
292 3918 324 3959 se
339 3901 498 3959 abscondat
515 3901 642 3959 aculoro
657 3901 748 3958 illius.
980 3921 1070 3973 pones
1085 3904 1114 3960 in
1130 3903 1223 3976 capite
1237 3903 1302 3973 ejus
1313 3918 1449 3958 coronam
1464 3902 1600 3974 obryzam
1616 3898 1636 3953 ⁹.

62 3972 124 4030 Lex
138 3971 253 4030 Domini
271 3972 464 4030 immaculata
943 3978 1040 4033 Vitam
1057 3974 1157 4046 petivit
1170 3991 1187 4031 a
1202 3980 1240 4044 te,
1255 3973 1363 4031 dedisti
1377 3974 1423 4031 ei:
1571 4041 1579 4055 .

101 4047 277 4102 convertens
293 4045 440 4102 animam:
981 4047 1196 4120 longitudinem
1207 4046 1321 4101 dierum
1337 4045 1367 4100 in
1379 4046 1558 4101 soeculumet
1571 4043 1764 4098 maternum.

63 4115 285 4173 Testimonium
302 4116 416 4173 Domini
431 4114 527 4182 fidele,
944 4120 990 4178 lla
1014 4136 1050 4175 nn
1064 4119 1156 4191 glorie
1170 4119 1235 4188 ujus
1248 4116 1279 4172 in
1295 4116 1417 4173 salutari
1433 4120 1502 4172 tuo:

62 4186 567 4317 ..sententiaauti
581 4188 635 4259 <t
652 4184 802 4260 ...n
947 4136 1760 4319 1>istm*tentaminiarnan

103 4275 283 4387 letificantia
298 4347 358 4387 cor.
968 4281 1161 4389 ⁰enxhitorabis
1177 4348 1244 4388 eum
1257 4331 1358 4388 lentitia
1373 4330 1451 4404 apud
1466 4273 1695 4395 vultumptuum
1762 4294 1771 4310 ⁹

60 4401 243 4460 Mandatum
258 4402 376 4460 Domini
387 4401 519 4459 lucidum
907 4406 1018 4495 nouis
1033 4421 1083 4461 rex
1097 4404 1224 4461 confidet
1237 4402 1268 4460 in
1284 4402 1418 4470 Domino,
1546 4470 1551 4482 .
1577 4470 1583 4482 ο

101 4472 277 4531 illuminans
291 4474 403 4532 oculos.
983 4481 1012 4533 et
1026 4477 1056 4532 in
1072 4475 1275 4532 misericordia
1289 4473 1399 4530 Excelsi
1417 4488 1473 4528 non
1490 4472 1673 4552 decipietupg

60 4544 172 4603 ‘l'lmor
186 4543 301 4604 Domini
318 4546 448 4604 mundus
946 4548 1077 4605 lnveuiet
1092 4547 1144 4620 (lt.
1162 4546 1303 4618 Inveniat)
1319 4547 1486 4603 manustua
1506 4559 1608 4600 omnes
1634 4539 1771 4597 inimicos

102 4760 112 4798 ¹
129 4761 164 4814 tn
180 4757 283 4842 Degia.
297 4775 372 4844 mss.
387 4759 572 4844 mopiaificnnt
583 4759 695 4830 saintes,
708 4762 737 4816 ei
747 4758 894 4816 oohaeren·
948 4759 1047 4842 secuti·
1057 4776 1173 4844 sumus.
1189 4757 1510 4845 Dandemssorbonicus
1525 4756 1566 4812 ita
1578 4754 1690 4813 habet:
1716 4757 1773 4811 Dee

58 4830 517 4961 “titttt‘n‘ftttttttn
531 4903 563 4958 n
586 4903 705 4959 ..inin
726 4905 783 4972 en,
813 4903 840 4956 e
864 4899 893 4957 n
947 4827 1770 4984 titttttntlt?tt.{'¹.tttttttt‘.·.¹t.titt..

57 4973 181 5031 nomine
196 4972 245 5030 Dei
257 4976 347 5031 nostri
360 4973 490 5058 ducemus
505 4973 600 5031 vitores
616 4975 709 5030 liner.
816 5043 833 5056 ..
947 4976 1146 5056 vocaverimus,
1163 4973 1275 5044 absque
1290 4973 1390 5028 addito
1404 4989 1477 5029 eum.
1495 5044 1511 5056 ..
1726 5034 1734 5050 ,

101 5043 894 5118 ⁸ldsmjunctottistereieus.ms.pluresquealupe·
982 5046 1133 5111 lQuidam
1150 5043 1433 5111 mssadduntenm,
1464 5042 1513 5099 alu
1542 5045 1680 5116 preterca
1706 5037 1768 5093 dra·

60 5131 122 5174 nes
137 5113 277 5172 ldartian.
291 5117 424 5174 ducemne
438 5117 551 5174 viores:
567 5117 689 5174 fortusse
703 5117 809 5172 verius.
948 5115 1102 5190 psalmatis
1118 5119 1215 5171 notam
1231 5130 1338 5187 semiper
1352 5118 1535 5198 expungunt²
1727 5180 1733 5195 ‚

102 5185 221 5244 *iidem
237 5204 322 5260 mss,
338 5188 556 5260 infortitudine.
983 5186 1172 5244 ⁸Gorbeiens.
1188 5186 1281 5243 Vatic.
1298 5190 1325 5244 et
1341 5187 1425 5243 Surb.
1443 5187 1580 5256 Quoniam
1597 5185 1769 5266 'pra’oenmt

102 5257 207 5315 ⁸Dditi
224 5258 293 5316 libri
308 5276 342 5317 ac
363 5276 436 5317 mss.
466 5265 548 5316 tros:
576 5261 629 5317 llos
656 5262 749 5315 nutem
773 5257 895 5315 nvminis
948 5275 1010 5317 eum
1023 5259 1054 5315 in
1074 5258 1305 5316 benedictionibus
1320 5257 1461 5314 tendatis.
1478 5256 1585 5338 Deinde
1596 5254 1684 5309 iidem
1694 5265 1773 5307 mss·

62 5328 119 5439 1)ιὲ
130 5331 227 5459 xpstteri
239 5329 567 5460 IrieitttrttAudimvlv.[patriar.
600 5401 609 5457 l
653 5403 704 5458 ts
743 5398 896 5457 Minhoelis
948 5328 1496 5458 ⁸⁰⁸³'425002520i5512220⁰⁰ffl⁰b⁰⁸
1511 5325 1756 5397 alnsleguntcom

63 5418 251 5548 exempllaufia
264 5417 338 5532 igis.
351 5418 726 5548 1(¹151sshocurinffdgglegunt:
738 5473 795 5528 ltevc
804 5488 897 5528 ecnu-
949 5419 1064 5529 ”usupra
1075 5418 1198 5528 doemone
1213 5471 1308 5529 nostri
1323 5488 1396 5529 mss.
1413 5469 1522 5526 habent
1537 5467 1570 5524 de
1591 5464 1684 5537 lupide
1708 5478 1773 5538 prs·

63 5544 191 5605 Mnus
205 5544 237 5602 in
250 5544 306 5617 dio,
322 5562 376 5619 gno
404 5548 621 5604 invocaverimus
649 5553 683 5602 te.
712 5543 896 5601 Gorbeiensis
950 5546 1028 5602 ticio.
1044 5543 1242 5601 MoaGisterc.
1258 5546 1352 5616 etpro
1367 5539 1562 5599 voculisuie.

65 5614 176 5684 ootlax.
190 5620 221 5674 st
234 5616 427 5675 carnutensis
439 5635 447 5687 ς
463 5633 495 5674 m
507 5617 554 5675 die
571 5633 627 5701 qve
654 5617 896 5674 invocaverimus:
988 5616 1125 5671 ¹⁰1terum
1135 5613 1417 5673 nostriomnesmss.
1427 5611 1535 5685 aliique
1545 5607 1622 5686 apud
1634 5605 1775 5668 Martiae.

62 5688 157 5821 Ru
169 5684 347 5749 Hebraluum
361 5688 549 5762 hodiernum,
564 5705 597 5746 tn
618 5688 664 5759 die
688 5688 810 5745 emmane
835 5702 896 5745 noe.
951 5687 1172 5748 tmedtnionen
1186 5689 1391 5762 sempiternum.

133 5756 261 5835 malitia
284 5758 424 5837 Gnosia,
450 5758 738 5835 cidestensium
767 5755 897 5819 codicem
