3870 6120
111 206 181 267 {387
633 205 663 256 S.
683 203 884 258 arscessat
902 203 1029 259 mviaa
1047 206 1294 263 elatlorflaca.
1754 202 1823 260 1388

109 337 290 399 Susannam,
307 330 397 385 liliam
414 327 530 396 Helciae,
548 324 701 398 pulchram
727 326 826 394 nimis,
842 331 871 382 et
892 325 932 382 ti·
946 330 974 397 Α
990 327 1079 385 mino.
1090 331 1272 386 Stdixerunt
1285 329 1446 403 presbyteri
1457 345 1463 385 :
1474 326 1824 386 Dumdesmbularemus

111 411 240 464 mentem
257 397 803 473 Deum:parentesenimillius,cum
834 403 933 454 esseut
991 400 1020 454 lu
1070 403 1182 459 canario
1210 401 1487 473 soli‚icgressaest
1513 400 1577 456 liae
1603 415 1675 456 cum
1704 400 1820 457 duabus

107 481 192 550 iusti,
212 475 384 533 erudierunt
413 473 503 526 filiam
532 486 616 525 snam
647 470 810 525 secundum
841 471 934 542 legem
991 418 1116 541 pueflis:
1134 478 1163 529 et
1183 472 1290 529 clausit
1313 473 1388 530 ostia
1412 471 1593 545 pomarii‚et
1615 469 1735 527 dimisit
1759 487 1817 529 aas

110 551 211 623 Moysi.
228 549 296 602 Erat
309 550 405 600 eutem
420 543 531 598 loacim
547 542 637 622 ¹dives
659 541 757 622 valde,
769 546 798 595 et
822 549 885 597 erat
909 541 936 598 ei
991 544 1115 614 puellas.
1132 546 1273 616 licuitque
1289 545 1325 600 ad
1341 561 1404 601 eam
1421 544 1594 601 adolescens
1608 543 1663 616 qui
1678 548 1743 598 erat
1757 544 1820 599 ebs·

109 622 285 748 Bonarlums
310 617 553 672 vicinumdcmur
569 628 648 669 suae:
665 615 850 738 etadrfisum
866 628 935 668 eoc-
991 617 1138 681 conditus,
1159 621 1188 672 et
1212 616 1372 672 concubuit
1395 633 1464 672 eum
1488 631 1531 671 ca.
1555 616 1647 671 Porro
1671 631 1727 669 nos
1754 631 1821 671 eum

133 692 242 749 cebant
262 688 368 757 iudai,
384 702 417 742 eo
443 687 521 757 quod
546 692 625 741 esset
648 684 760 741 honora
784 685 849 740 ilicr
870 701 936 741 om·
990 701 1123 743 essemus
1138 690 1166 742 iu
1182 687 1287 759 angulo
1312 689 1448 761 pomarii,
1463 687 1597 743 videntes
1621 685 1820 758 iniquitatem,

109 766 252 820 nium-Et
266 760 421 815 constituti
436 762 507 813 sunt
522 758 579 812 duo
591 757 800 826 scnesjudioee
817 757 936 812 iuoncc
990 760 1138 814 currimus
1165 760 1201 814 ad
1231 764 1337 827 ecs,et
1363 759 1492 816 vidimus
1519 774 1571 814 eos
1600 757 1714 830 pariter
1742 774 1820 814 com·

109 834 160 891 illc
175 849 181 888 :
194 834 230 888 de
244 831 353 903 quibus
369 831 483 884 loeutus
497 836 543 884 est
557 829 699 882 Dominus
710 843 717 883 :
730 827 803 894 Quia
817 843 936 898 egressa
991 830 1119 886 misceri.
1130 835 1165 885 st
1179 830 1262 886 illurn
1272 832 1389 902 quidem
1401 846 1459 886 ucc
1473 829 1621 902 quivimus
1632 829 1821 900 comprehen-

110 916 156 962 est
172 907 315 975 iniquitas
331 905 366 957 de
382 902 558 973 Babylonos
584 899 751 954 sanioribus
771 899 934 970 judicibus,
991 901 1070 969 dere,
1086 904 1156 972 qula
1170 903 1272 957 l'ortior
1288 904 1373 957 nobis
1387 912 1459 968 erat,
1475 908 1503 957 el
1517 901 1630 983 apertis
1645 901 1733 956 ostris
1747 900 1819 957 exsi-

134 978 163 1033 ui
179 977 353 1031 videbantur
369 989 467 1043 regere
483 970 634 1043 populum.
647 970 698 1026 isti
710 970 937 1040 frequentabant
991 969 1055 1027 livit
1066 990 1072 1027 ι
1083 975 1158 1028 hanc
1170 980 1266 1029 autem
1284 990 1351 1030 cum
1366 975 1682 1045 apprehendissemus,
1693 971 1819 1028 interro-

111 995 234 1105 gemum
250 1046 374 1108 Joaeim,
389 1053 417 1098 et
446 1045 602 1098 veniebant
628 1043 664 1097 ad
687 1058 735 1096 eos
759 1058 861 1098 omnes
886 1043 936 1110 qui
990 1043 1135 1111 gerimus,
1151 1046 1287 1116 quiscum
1304 1051 1381 1101 esset
1395 1045 1576 1112 adolescens,
1588 1050 1621 1098 et
1632 1043 1730 1100 nolnit
1746 1044 1819 1100 indi·

112 1117 568 1188 babebarrtjudicia.Dumautem
579 1113 937 1185 populusrevertisselper
991 1130 1056 1169 care
1072 1116 1175 1172 nobis:
1191 1117 1282 1186 liujus
1307 1116 1349 1171 rei
1373 1122 1462 1172 testes
1489 1132 1606 1172 sumus.
1623 1114 1759 1171 Credidit
1779 1115 1819 1172 eis

112 1191 277 1256 meridiem,
293 1188 513 1260 ingrediebatur
525 1189 670 1254 Susanna,
684 1191 713 1239 et
730 1185 938 1240 deambulabat
992 1186 1160 1255 multitudo,
1176 1188 1261 1257 quasi
1281 1188 1435 1259 jndicibus
1461 1192 1490 1243 et
1513 1187 1640 1243 senibus
1664 1186 1779 1259 populi,
1793 1192 1820 1242 et

111 1263 143 1320 ia
160 1261 291 1335 pomario
307 1261 359 1314 viri
375 1259 432 1314 sui.
450 1259 484 1314 lit
500 1259 637 1312 videbant
655 1273 721 1311 eam
737 1273 822 1311 senes
836 1259 937 1328 quoti·
991 1258 1260 1314 condemnaverunt
1275 1275 1339 1314 eam
1355 1261 1391 1313 ad
1408 1265 1542 1314 mortem.
1560 1257 1747 1314 Exclamavit
1769 1276 1818 1314 so·

113 1337 160 1391 die
177 1333 400 1403 ingredientem,
411 1337 440 1385 et
453 1329 691 1384 deambulantem
704 1344 710 1381 :
723 1333 751 1382 et
764 1333 938 1384 exarserunt
990 1334 1049 1383 tem
1066 1345 1134 1384 voce
1150 1346 1256 1400 inagna
1273 1331 1421 1396 Susanna,
1433 1337 1462 1384 et
1476 1330 1566 1384 dixit:
1598 1335 1680 1385 Deus
1706 1335 1818 1396 aeterm,

113 1407 142 1461 iu
169 1403 437 1474 correspiscentiam
462 1403 547 1470 ejus:
571 1404 600 1454 et
623 1406 791 1454 everterunt
814 1415 935 1454 sensum
991 1401 1040 1471 qui
1057 1401 1295 1456 absconditorum
1320 1419 1352 1458 es
1376 1403 1519 1472 cognitor,
1535 1399 1587 1471 qui
1614 1402 1695 1455 uceti
1720 1402 1817 1457 emnia

113 1493 214 1542 suum,
230 1481 259 1532 et
273 1475 493 1529 declinaverunt
508 1468 609 1527 oculos
624 1486 704 1535 suos,
722 1476 754 1524 ut
770 1486 826 1524 non
853 1470 936 1526 vide·
991 1476 1147 1542 antequam
1166 1474 1246 1538 llact,
1259 1479 1291 1527 tu
1306 1473 1365 1528 scis
1376 1473 1514 1544 quoniam
1530 1473 1641 1527 laisum
1656 1477 1763 1528 contra
1778 1488 1817 1528 nie

114 1547 307 1613 ecclesalam,
318 1542 937 1622 nequerecordarenturjudioiorumjusto·
993 1542 1125 1598 tolerunt
1141 1544 1360 1599 testimonium:
1377 1552 1405 1601 et
1419 1559 1486 1599 ecca
1512 1544 1634 1610 morior,
1651 1559 1724 1598 cum
1749 1545 1817 1599 nibil

118 1636 195 1676 rum.
212 1619 302 1674 Erant
316 1620 395 1672 enim
411 1615 498 1670 aurbc
522 1613 665 1668 vulnerata
681 1614 864 1682 arnoreejus,
882 1630 935 1669 uec
992 1612 1097 1669 borum
1115 1617 1243 1685 fecerim,
1260 1631 1326 1687 qua·
1344 1615 1393 1670 isti
1418 1615 1563 1671 malitiose
1586 1622 1817 1685 composnerunt

115 1687 390 1746 indicaveruntsibi
408 1686 537 1741 vicissim
553 1686 682 1740 dolorem
708 1700 815 1739 suum:
831 1685 936 1739 erube·
992 1687 1147 1740 adversum
1172 1703 1228 1742 me.
1246 1686 1397 1742 Exaudivit
1420 1696 1519 1744 autem
1545 1686 1698 1742 Dominus
1722 1703 1816 1743 vocem

114 1765 235 1819 scebant
248 1761 326 1816 enirn
342 1757 472 1813 indicare
485 1757 540 1813 sibi
558 1755 825 1826 concupiscentiam
840 1772 936 1825 suam,
991 1757 1066 1826 ejus.
1091 1758 1222 1828 Curaque
1249 1760 1405 1814 duceretur
1432 1762 1468 1814 ad
1499 1764 1640 1826 mortem,
1665 1758 1818 1814 suscitavit

113 1834 246 1890 volentes
261 1832 456 1886 concumbere
468 1844 535 1884 cunr
550 1844 594 1891 ea,
611 1832 640 1882 et
652 1827 847 1883 observabant
862 1843 936 1898 quc·
991 1829 1133 1883 Dominus
1149 1830 1285 1900 spirirum
1309 1835 1445 1885 sanctum
1470 1829 1552 1901 pueri
1574 1829 1721 1900 junioris,
1736 1830 1817 1900 cnjus

114 1906 185 1962 tidie
199 1903 355 1960 sollicitius
371 1902 469 1956 videre
483 1915 559 1954 cam.
575 1898 711 1969 Dixitque
726 1898 799 1953 alter
814 1899 850 1953 ad
867 1901 937 1954 alte·
992 1915 1098 1954 comen
1115 1900 1226 1965 Daniel,
1238 1906 1266 1955 et
1280 1901 1450 1956 exclamavit
1462 1916 1530 1956 voce
1544 1917 1659 1972 magns
1672 1918 1681 1956 ι
1694 1901 1817 1958 blundus

115 1993 190 2032 ruru:
204 1976 310 2031 Eamus
323 1975 453 2037 domum,
466 1971 536 2042 quia
547 1969 660 2041 prandii
674 1970 808 2025 boraesl.
820 1969 936 2041 Egressi
991 1986 1045 2042 ege
1069 1987 1135 2026 sum
1160 1972 1333 2043 asanguine
1357 1972 1458 2041 baius.
1475 1978 1509 2027 tat
1531 1987 1700 2028 conversus
1724 1973 1816 2028 omnis

114 2053 298 2104 recesserunt
328 2063 344 2100 a
369 2060 411 2099 se.
427 2043 559 2112 Cumque
583 2042 781 2104 revertissent,
797 2047 939 2098 venerunt
991 2043 1118 2114 populus
1134 2043 1168 2097 ad
1185 2060 1261 2109 eum,
1280 2044 1372 2099 dixit:
1388 2044 1458 2109 Ouis
1472 2050 1518 2099 est
1531 2042 1589 2099 isle
1602 2060 1719 2107 sermo,
1734 2060 1816 2116 quern

114 2120 145 2174 iu
163 2123 315 2174 unnm:et
329 2115 513 2170 sciscitantes
529 2113 703 2168 abinvicem
722 2128 852 2179 causam,
869 2129 937 2168 cou-
992 2112 1374 2179 tuloeutuses‘lQuicum
1404 2121 1496 2171 staret
1524 2114 1553 2170 in
1583 2115 1686 2171 medic
1711 2131 1818 2183 eorum,

114 2191 184 2245 lessi
200 2195 271 2245 sarit
285 2185 553 2257 concupiscentiam
571 2201 654 2237 snam
669 2189 713 2251 ;et
727 2196 797 2238 tune
814 2185 842 2238 ic
856 2199 937 2240 com·
992 2184 1056 2239 ait:
1087 2185 1133 2240 Sic
1150 2186 1233 2252 latui,
1255 2186 1307 2240 tilii
1331 2187 1431 2253 lsrael,
1445 2202 1503 2241 non
1524 2185 1713 2256 judicantes,
1730 2202 1817 2258 aeque

115 2261 198 2316 urani
214 2262 382 2315 statuerunt
396 2262 523 2326 ternpus,
541 2255 659 2325 quando
679 2271 743 2308 eam
760 2260 880 2323 possent
895 2256 938 2309 ic·
992 2259 1069 2327 qood
1088 2272 1186 2312 verum
1201 2268 1244 2313 est
1259 2258 1716 2338 cognoscentes‚eecdemaostis
1731 2259 1816 2315 lllism

114 2333 212 2387 venire
227 2329 332 2386 solnm.
349 2329 469 2384 Factum
487 2332 532 2381 ost
547 2334 656 2393 autern,
668 2342 735 2379 cum
748 2330 938 2382 observarent
993 2327 1081 2383 lsrael
1094 2327 1105 2381 ?
1120 2330 1306 2384 Reverlimicr
1323 2329 1524 2400 adjudicium,
1534 2330 1606 2400 quia
1618 2331 1733 2385 laisum
1743 2331 1817 2386 testi·

115 2405 191 2458 diem
207 2408 320 2473 aptum,
338 2400 469 2471 ingresse
483 2406 529 2452 est
544 2397 703 2468 aliquande
724 2396 801 2452 sicut
824 2398 885 2451 beri
910 2402 939 2452 at
994 2400 1124 2453 monium
1143 2399 1231 2455 locuti
1255 2406 1325 2455 suut
1350 2402 1491 2456 adversus
1513 2416 1590 2455 earn.
1606 2400 1758 2458 Reversus
1779 2404 1819 2457 est

115 2472 344 2537 nudiustertius,
359 2487 426 2526 curn
443 2469 559 2524 duabus
575 2470 645 2524 solis
661 2466 776 2538 puellis,
788 2468 938 2539 voluitque
992 2485 1061 2540 crgo
1091 2470 1218 2561 populus
1247 2488 1313 2527 cum
1343 2472 1542 2536 testinatione,
1572 2479 1601 2527 et
1629 2473 1772 2529 dixerunt
1794 2472 1817 2528 ei

114 2544 204 2602 levari
220 2545 249 2600 ic
267 2542 416 2615 pomario:
434 2549 523 2596 astus
538 2541 649 2610 quippe
663 2543 745 2595 erat:
761 2544 790 2594 et
806 2556 862 2595 uon
876 2544 939 2596 erat
993 2557 1100 2597 serres:
1119 2543 1199 2605 leui,
1215 2543 1328 2599 alsede
1349 2544 1378 2597 in
1396 2542 1491 2598 medic
1507 2547 1661 2613 cestrum,
1678 2551 1710 2600 et
1733 2543 1818 2600 indice

112 2617 154 2671 ibi
180 2617 351 2688 qnisquam,
376 2619 480 2684 prater
505 2612 580 2667 duos
595 2627 681 2666 senes
696 2610 895 2674 absconditos,
911 2616 940 2666 et
993 2611 1088 2679 nubis,
1105 2616 1174 2683 quia
1190 2614 1241 2669 tibi
1256 2614 1333 2670 Deus
1348 2615 1430 2671 dedit
1444 2612 1586 2670 hoabrem
1602 2617 1778 2672 senectutis.
1789 2615 1818 2670 at

115 2688 348 2758 contemplantes
376 2701 451 2740 eam.
474 2683 552 2739 Dixit
580 2697 649 2753 ergo
678 2681 805 2753 puellis:
831 2683 938 2737 afforte
992 2684 1062 2739 dixit
1090 2686 1125 2739 ad
1155 2700 1205 2741 eos
1233 2685 1506 2758 Danielzssparate
1536 2686 1606 2743 illus
1638 2687 1816 2743 abinvicem

115 2759 190 2815 mibi
205 2759 314 2821 oleum,
326 2763 354 2812 et
368 2755 527 2827 smigcnte‚
537 2758 566 2810 et
580 2754 654 2808 ostia
666 2752 788 2823 pomarii
799 2752 937 2819 claudite,
992 2755 1105 2827 procul,
1121 2761 1151 2810 et
1165 2757 1335 2827 dijudicabo
1349 2771 1409 2814 ecs.
1425 2760 1498 2814 Cum
1514 2771 1586 2829 ergo
1611 2758 1703 2814 divisi
1727 2761 1817 2815 essent

116 2837 149 2887 ut
166 2832 254 2886 laver.
271 2829 306 2884 Bt
321 2831 453 2884 lecerunt
467 2827 545 2881 sicut
567 2830 755 2896 preceperat,
769 2823 939 2881 clauserunt
992 2825 1066 2882 alter
1080 2829 1116 2881 ab
1133 2824 1234 2891 altero,
1250 2828 1363 2883 vocavit
1386 2845 1478 2884 unum
1501 2829 1539 2883 de
1565 2829 1609 2884 eis
1633 2836 1666 2886 et
1690 2830 1763 2886 dixit
1783 2830 1813 2885 ad

115 2900 340 2973 ostiapomarii,
369 2907 398 2954 at
418 2914 540 2966 egressa
563 2900 633 2951 sunt
658 2911 709 2968 per
733 2896 889 2968 posticum,
907 2899 940 2951 ut
993 2899 1384 2955 eum:lcvoteratedierum
1401 2899 1660 2966 malorum,nune
1682 2907 1815 2957 venerunt

114 2974 252 3031 efferrent
266 2988 330 3043 qua
342 2970 489 3040 jusserat:
507 2968 736 3038 nesciebantque
751 2982 836 3024 senes
857 2969 938 3023 ictus
992 2973 1111 3041 peccata
1126 2979 1186 3038 tun,
1202 2986 1267 3051 quse
1282 2971 1450 3040 operabaris
1470 2971 1565 3042 prius,
1574 2971 1722 3042 judicans
1741 2973 1816 3045 judi·

113 3060 178 3100 esse
207 3043 405 3100 absconditos.
435 3040 508 3096 Cum
542 3044 641 3094 autem
679 3054 802 3111 egresse
839 3042 939 3094 essent
993 3039 1038 3095 cia
1066 3040 1185 3110 injusta,
1211 3046 1381 3098 innocentes
1408 3059 1425 3097 c
1449 3042 1636 3113 primens,et
1665 3045 1811 3100 dimittens

112 3114 226 3188 puella,
242 3115 432 3171 surrexerunt
458 3111 516 3166 duc
543 3126 639 3191 senes,
655 3118 679 3164 el
696 3117 887 3192 accurrerunt
902 3109 937 3166 ed
953 3078 975 3146 G
993 3111 1106 3176 noxios,
1123 3113 1238 3167 dicente
1264 3113 1406 3169 Domine:
1428 3059 1619 3170 innocentem
1650 3120 1682 3170 et
1707 3117 1812 3183 iustum

113 3202 189 3253 eam,
205 3191 234 3242 et
248 3186 402 3241 dixerunt:
421 3182 492 3237 Ecce
507 3185 584 3236 ostra
602 3197 725 3252 pomnru
740 3181 842 3237 clausa
857 3186 936 3246 sunl,
993 3199 1050 3238 coc
1066 3183 1232 3240 interficies.
1249 3183 1330 3240 Nune
1345 3200 1414 3256 ergo
1429 3185 1454 3241 si
1468 3184 1570 3240 vidisti
1592 3201 1675 3256 eam,
1691 3186 1750 3250 die,
1764 3190 1812 3242 eut

112 3261 142 3314 et
168 3274 253 3313 cerne
275 3272 328 3312 cos
351 3256 439 3320 videt,
453 3258 482 3309 et
503 3269 556 3308 nes
579 3254 608 3307 ic
632 3252 869 3324 concupiscentia
895 3252 938 3307 tui
993 3269 1052 3325 qua
1067 3256 1169 3310 arbore
1185 3256 1289 3310 rideris
1304 3272 1353 3311 ecs
1368 3257 1519 3328 loquentes
1532 3257 1603 3312 sibi.
1621 3257 1678 3324 Qui
1691 3258 1813 3314 ait:Scb

114 3343 344 3399 sumus3quaru
360 3326 396 3381 cb
412 3341 472 3379 rem
490 3325 634 3378 assentire
651 3325 747 3388 nobis,
763 3330 792 3378 et
813 3324 938 3378 commi·
993 3325 1106 3381 schino.
1121 3326 1198 3381 Dixit
1213 3329 1309 3381 erstem
1329 3327 1446 3383 Daniel:
1463 3327 1550 3384 Recte
1572 3329 1722 3386 mentitus
1744 3330 1812 3386 esic

113 3415 195 3455 suere
212 3399 377 3453 nobiseum.
394 3396 476 3460 Quod
494 3395 518 3448 si
539 3394 828 3477 nolueris‚dicemus
854 3398 937 3450 lesti-
993 3397 1380 3468 caputtuum:llceaenim
1397 3398 1586 3470 angelusilei
1615 3408 1734 3472 accepta
1753 3417 1811 3457 sen·

115 3469 247 3525 monium
265 3473 415 3532 contrata,
427 3465 505 3535 qnod
518 3465 888 3535 luerrtlecumjuvenrs,et
900 3466 938 3521 ob
992 3467 1083 3523 tentia
1110 3470 1147 3523 ab
1175 3485 1219 3534 ec,
1233 3469 1348 3525 scindat
1377 3474 1405 3526 te
1429 3470 1569 3526 medium.
1590 3469 1636 3539 Et,
1653 3480 1750 3529 amolo
1772 3489 1810 3537 sc,

114 3539 192 3596 hanc
206 3555 326 3595 eausam
343 3536 477 3594 emiseris
492 3535 605 3616 puellas
622 3551 639 3589 a
660 3541 703 3590 te.
720 3535 865 3607 ingemuit
880 3535 936 3592 Su·
988 3539 1081 3611 jussit
1095 3538 1191 3595 venire
1214 3539 1316 3607 alium,
1332 3549 1360 3597 et
1381 3541 1456 3596 dixit
1469 3542 1515 3597 ei:
1531 3541 1644 3598 Samen
1669 3544 1807 3609 Cbansac,

116 3617 260 3678 satanael
274 3612 313 3666 all
325 3628 335 3664 :
349 3607 498 3679 Angustia
513 3606 585 3689 mibi
598 3607 736 3678 undique,
749 3608 773 3662 si
788 3607 866 3662 eninr
883 3607 937 3663 boc
991 3614 1020 3666 et
1035 3627 1091 3665 con
1106 3609 1121 3665 J
1127 3611 1193 3673 uda.
1210 3613 1322 3683 speeies
1337 3611 1449 3682 decepit
1471 3618 1510 3679 te,
1526 3618 1556 3668 et
1577 3615 1810 3688 concupiscentia

114 3698 211 3754 egero,
229 3698 308 3737 mors
330 3680 403 3736 mibi
427 3683 490 3745 est;
508 3696 532 3733 er
557 3683 656 3759 autern
684 3695 741 3734 ηοη
765 3694 861 3749 egero,
878 3695 936 3734 non
991 3682 1135 3737 subvertit
1150 3697 1199 3736 cor
1213 3691 1315 3748 tuura;
1332 3684 1374 3738 sic
1390 3684 1541 3740 faciebatis
1564 3683 1691 3743 filiabus
1719 3685 1808 3753 lsrael,

114 3755 252 3826 ellugiam
263 3749 562 3809 manusvestres.Sed
574 3749 679 3804 rcellus
691 3750 937 3822 mihiestabsque
990 3759 1019 3808 et
1034 3752 1090 3808 illes
1106 3754 1241 3809 tiruecles
1256 3754 1452 3825 loquebantur
1474 3754 1570 3823 vobis,
1588 3758 1642 3812 sed
1660 3758 1721 3814 illia
1743 3758 1810 3814 luda

115 3843 202 3897 opere
216 3826 344 3880 incidere
359 3823 388 3877 ic
405 3838 512 3878 manus
526 3825 647 3888 vestras,
664 3836 754 3892 quam
773 3837 890 3893 peccaro
905 3820 935 3876 ic
991 3840 1048 3878 ccc
1064 3824 1205 3879 sustinuit
1219 3825 1402 3896 iniquitatem
1417 3831 1557 3882 vestram.
1576 3826 1665 3884 Nune
1689 3845 1757 3899 ergo
1770 3830 1809 3884 die

116 3901 273 3970 conspeetu
290 3894 417 3951 Domini.
434 3891 651 3948 Etexclamavit
666 3908 734 3947 voce
749 3908 857 3963 magua
881 3893 937 3948 Su·
992 3894 1075 3959 mibi,
1104 3895 1160 3950 sub
1188 3911 1247 3967 qua
1274 3899 1378 3952 arbore
1403 3898 1670 3968 comprehenderis
1702 3917 1750 3959 eos
1775 3899 1811 3956 lc·

115 3984 229 4024 sanna:
252 3968 489 4022 exclamaverunt
512 3970 611 4020 autem
635 3968 664 4018 et
688 3979 772 4018 senes
796 3966 936 4020 adversus
1014 3970 1115 4021 nentes
1130 3966 1197 4022 sibi.
1214 3967 1267 4033 Qui
1294 3968 1354 4023 ait:
1369 3968 1429 4024 Sub
1456 3969 1550 4038 prino.
1569 3970 1652 4027 Dixit
1673 3971 1812 4028 antemci

115 4054 191 4094 eam.
209 4039 244 4094 Et
258 4038 388 4094 cucurrit
407 4053 494 4100 nnus,
511 4041 540 4090 ot
563 4035 676 4106 aperuit
698 4033 773 4089 ostia
798 4035 934 4115 porcarii.
990 3981 1111 4094 ganiel:
1128 4041 1215 4094 Recte
1231 4040 1372 4095 mentitus
1396 4056 1428 4095 cs
1441 4046 1470 4096 et
1483 4045 1516 4096 tu
1541 4041 1573 4095 ic
1600 4050 1693 4114 caput
1715 4051 1811 4100 tuum:

114 4109 187 4166 Cum
213 4126 268 4181 ego
291 4108 444 4164 audissent
467 4104 624 4162 clamorem
654 4104 757 4161 famuli
784 4105 890 4161 domus
905 4122 935 4161 ru
991 4109 1174 4164 macstenim
1188 4108 1809 4183 angelusDei,gladiumbabeas,ntseeottc

114 4183 257 4254 pomario,
270 4181 419 4235 irruerunt
429 4194 480 4248 per
490 4177 648 4249 posticum,
659 4183 692 4232 ut
703 4177 834 4232 viderent
847 4176 936 4247 quid·
991 4180 1133 4243 medium,
1142 4186 1171 4236 et
1181 4180 1336 4237 interliciat
1346 4198 1406 4239 vos.
1419 4182 1603 4238 Exclamavit
1611 4184 1716 4257 itaque
1726 4187 1813 4244 omnis

113 4268 182 4310 aava
205 4256 292 4308 esset.
310 4252 466 4320 Postquam
493 4255 589 4303 auteur
620 4264 705 4304 seces
735 4247 825 4303 locuti
853 4254 935 4311 sunt,
990 4256 1083 4306 coelus
1108 4268 1177 4306 voce
1202 4258 1364 4323 magnast
1393 4253 1614 4310 benedixerunt
1638 4256 1746 4327 Deum,
1767 4257 1811 4330 qni

113 4325 296 4380 erubuerunt
326 4322 402 4378 servi
440 4319 746 4401 vehementerzflquia
785 4333 936 4390 nunquam
990 4322 1083 4378 salvat
1097 4329 1249 4393 sperantes
1264 4323 1293 4378 in
1310 4339 1351 4379 se.
1363 4319 1397 4379 aa
1412 4333 1665 4383 consurrexerunt
1680 4332 1811 4386 adversm

114 4395 210 4451 dietus
225 4396 320 4450 lueret
341 4408 438 4450 sermo
464 4390 669 4461 hujuscemodi
684 4389 720 4445 de
739 4394 883 4445 Susanna.
899 4394 936 4446 nt
992 4409 1042 4448 ecs
1058 4393 1242 4465 presbyteros
1253 4395 1429 4464 (convicerat
1453 4397 1531 4452 enim
1544 4413 1599 4453 eos
1613 4400 1718 4457 Daniel
1729 4417 1811 4458 exors

113 4466 190 4521 taeta
204 4473 250 4521 cst
273 4465 335 4520 dies
361 4463 499 4521 crastiua.
515 4462 649 4532 Cumque
675 4461 803 4516 venisset
814 4461 940 4532 populus
953 4447 977 4512 D
992 4481 1046 4520 suc
1062 4464 1170 4520 laisum
1192 4465 1302 4522 dixisse
1324 4466 1549 4535 testimouiumr,
1567 4470 1766 4545 feceruntque
1778 4474 1811 4529 sis

113 4537 149 4591 ed
166 4536 261 4592 virum
277 4540 341 4605 ejas
355 4534 477 4598 icacim,
490 4535 633 4588 venerunt
647 4536 676 4586 et
690 4533 748 4587 duo
764 4533 936 4603 presbyteri
991 4535 1068 4591 sicut
1083 4536 1156 4592 male
1166 4543 1288 4605 egerant
1298 4538 1437 4594 adversus
1450 4540 1634 4610 proximum,
1648 4548 1684 4600 nt
1695 4545 1811 4601 lacerent

111 4605 190 4679 pleni
218 4607 319 4678 iniqua
333 4606 509 4680 cogitatione
536 4604 676 4659 adversus
699 4603 878 4668 Susannam,
904 4608 936 4660 ut
989 4609 1152 4662 secuudum
1175 4606 1267 4679 legem
1291 4611 1402 4681 Moysi:
1418 4615 1446 4664 et
1469 4609 1693 4671 interfecerunt
1717 4620 1810 4678 erasmi

111 4678 309 4735 interficerent
324 4695 399 4734 earn.
410 4677 444 4731 Et
457 4678 593 4731 dixerunt
604 4690 701 4729 curam
715 4674 839 4746 populo:
854 4674 935 4731 Mille
988 4677 1119 4734 salvatus
1132 4682 1178 4734 est
1206 4680 1327 4751 sanguis
1350 4680 1487 4736 innoxius
1507 4681 1536 4736 in
1555 4683 1606 4739 die
1619 4684 1687 4754 illa,
1709 4687 1810 4744 Helciss

112 4751 149 4807 ed
170 4754 348 4815 Susannam,
366 4748 455 4803 tiliam
481 4746 735 4813 Helcie,uxorem
761 4745 934 4801 locamus
988 4751 1294 4821 autemeluxorejus
1322 4749 1517 4808 laudaverunt
1548 4753 1649 4812 Deum
1681 4758 1807 4832 pratilis

112 4822 212 4877 statim
230 4821 383 4875 miserunt.
396 4820 431 4874 Et
445 4818 524 4874 veuit
537 4833 604 4873 cum
617 4817 797 4886 parentibus,
809 4821 836 4872 el
852 4816 932 4887 filiis,
987 4836 1042 4875 sua
1054 4823 1198 4887 Susanna,
1213 4837 1280 4877 cnm
1294 4821 1406 4878 Joacim
1422 4823 1528 4880 meritc
1543 4826 1623 4895 ejus,
1641 4834 1674 4885 et
1688 4828 1807 4903 cognatis

109 4899 138 4949 et
151 4892 297 4948 universis
312 4891 446 4960 cognatis
461 4890 533 4944 suis.
552 4893 640 4944 Porro
655 4891 789 4944 Susanna
805 4893 867 4943 erat
880 4888 932 4943 ds·
986 4891 1135 4958 omnibus,
1152 4892 1295 4963 quianon
1310 4899 1390 4950 esset
1404 4893 1523 4951 invecta
1539 4893 1571 4952 in
1587 4914 1625 4955 ea
1649 4916 1701 4958 res
1716 4902 1805 4974 turpis·

110 4962 196 5021 licata
211 4963 309 5028 ciniis,
324 4966 352 5017 et
367 4962 489 5031 pulchra
505 4960 610 5030 specie.
626 4962 660 5015 st
675 4959 766 5029 iniqui
782 4958 823 5014 illi
836 4961 932 5030 jusse·
986 4962 1088 5018 Daniel
1103 4968 1202 5019 autem
1219 4962 1313 5020 laetus
1327 4970 1373 5021 est
1388 4981 1512 5037 megum
1527 4964 1558 5022 ic
1576 4981 1743 5044 conspectu
1763 4989 1805 5046 po-

109 5042 189 5100 runt,
206 5041 238 5090 nt
253 5033 499 5104 discooperiretur
521 5036 596 5099 (erat
619 5030 698 5087 enim
725 5032 880 5103 cooperta),
899 5035 931 5086 nt
986 5032 1058 5104 puli,
1074 5051 1090 5089 a
1105 5033 1152 5090 die
1166 5032 1227 5099 illa,
1239 5041 1268 5092 et
1282 5035 1430 5108 deinceps.
1444 5036 1479 5092 et
1494 5053 1547 5094 rex
1562 5044 1717 5117 Astyages
1731 5060 1804 5118 appe-

108 5108 152 5162 vel
168 5108 209 5162 sic
225 5106 403 5161 satiarentur
417 5103 521 5158 dacore
533 5103 608 5173 ejus.
622 5103 742 5158 Flebant
766 5102 857 5174 igitur
871 5101 928 5168 sni,
985 5104 1059 5162 situs
1075 5106 1169 5161 estad
1186 5111 1284 5177 patres
1298 5123 1379 5179 suus,
1396 5112 1425 5165 et
1443 5111 1580 5183 suscepit
1593 5114 1695 5187 Cyrus
1718 5121 1803 5174 Perses

108 5186 138 5234 et
152 5193 255 5234 ocrces
270 5177 320 5247 qui
337 5178 478 5231 noverant
501 5189 576 5228 eam.
592 5173 806 5244 Consurguntes
833 5176 929 5230 aulem
983 5192 1109 5245 regnum
1126 5177 1202 5244 elus.

109 5251 167 5306 dno
183 5247 343 5322 presbyteri
360 5247 390 5301 in
405 5244 501 5301 medio
518 5244 628 5316 populi,
645 5251 807 5316 posuerunt
823 5260 929 5301 manus
1019 5247 1108 5319 [Vltio
1135 5247 1292 5320 Xll,]itrat
1317 5252 1415 5306 autem
1443 5248 1551 5308 Daniel
1582 5258 1800 5332 convivaregis,

106 5337 176 5376 suas
191 5335 282 5390 super
296 5323 384 5389 caput
398 5319 473 5388 ejus,
488 5317 556 5381 Qua
573 5315 646 5371 tiens
661 5315 794 5384 suspexit
809 5318 843 5371 ad
871 5331 928 5370 coe·
982 5321 1012 5373 st
1026 5318 1188 5376 honoratus
1203 5336 1292 5390 super
1306 5336 1409 5378 omnes
1423 5320 1539 5379 amicos
1554 5327 1636 5396 ejus.
1656 5330 1727 5389 Erat
1746 5344 1800 5402 qae-

107 5390 189 5448 lum:
207 5396 270 5449 erat
284 5392 363 5446 enim
377 5405 427 5444 cor
441 5389 506 5460 ejus
525 5387 662 5443 fiduciam
688 5387 800 5442 babens
815 5387 844 5442 ic
871 5386 928 5442 Do·
982 5405 1038 5461 que
1053 5388 1164 5447 idolum
1180 5393 1298 5449 nomine
1319 5390 1369 5450 Bal
1394 5394 1472 5467 apud
1495 5392 1687 5470 babylonios
1699 5421 1707 5460 :
1721 5410 1748 5461 st
1759 5401 1799 5458 in·

105 5600 173 5669 lem,
189 5602 243 5660 bas
257 5602 384 5659 visiones
400 5602 482 5659 obelo
495 5598 924 5673 prenotavimus3significan-
980 5601 1069 5658 distat
1091 5620 1124 5660 ao
1152 5605 1302 5663 diversum
1331 5610 1376 5664 eet
1404 5622 1421 5663 a
1447 5607 1596 5679 Pomaria,
1614 5616 1643 5673 si
1673 5618 1798 5677 scribatur

105 5675 150 5726 tes
164 5690 213 5729 ess
228 5675 257 5729 in
274 5675 414 5731 Hebraico
429 5690 486 5729 noc
505 5670 621 5751 baberi,¹
631 5692 646 5720 a
661 5676 714 5726 ete.
731 5672 826 5728 Maar.
982 5675 1163 5746 romerium,
1202 5681 1234 5735 ut
1279 5677 1371 5736 scitur
1413 5679 1450 5736 ab
1491 5684 1644 5747 omnibns
1686 5687 1797 5751 aarum

142 5743 234 5804 ¹tles.
248 5746 361 5803 codices
383 5745 485 5819 legunt
507 5750 679 5815 Panaenum,
695 5744 773 5817 quod
797 5742 924 5803 maxime
978 5749 1072 5823 Mser.
