3878 6150
111 218 171 278 ese
738 224 846 281 mssa
863 226 969 283 isaim
987 224 1198 283 asornsrn.
1768 226 1824 286 aee
1892 206 1894 211 ’
1934 220 1938 303 j

149 350 178 404 et
193 344 288 402 faedus
302 343 385 418 pacis
400 359 470 402 mee
486 360 545 403 non
557 347 746 406 movebitur:
953 354 980 421 Α
995 356 1050 408 Pro
1065 348 1230 408 saliuncula
1245 349 1383 406 ascendet
1397 349 1491 417 abies,

113 417 191 476 Dixit
206 417 361 474 miserator
372 420 443 474 tuus
458 417 602 476 Dominus
619 435 626 475 :
1034 427 1062 480 et
1077 440 1128 496 pro
1144 422 1239 478 urtica
1253 425 1364 478 crescet
1380 426 1493 496 myrtus
1510 439 1516 479 :

150 487 533 561 Paupercule,tempealate
562 490 713 561 convulsa,
740 493 852 565 absque
881 493 943 549 ulla
997 494 1032 551 ni
1060 495 1115 550 erit
1143 494 1286 550 Dominus
1303 494 1652 568 nominatusinsignum
1668 501 1821 568 aeternum,

184 561 240 633 (nt,
256 565 325 617 tacet
343 559 414 633 ulla)
432 561 642 618 consolatione.
1032 567 1109 638 quod
1127 582 1183 621 non
1200 565 1357 622 auferatur.

113 634 187 691 bae
202 648 256 706 ego
270 638 400 688 sternam
417 635 614 704 perordinem
628 634 740 703 lapides
755 640 833 704 tuos,
997 636 1075 710 (Cap.
1092 635 1175 703 LVI.)
1190 637 1255 693 Hine
1267 638 1340 693 dicit
1356 637 1496 694 Dominus
1514 653 1520 693 :

148 712 179 761 et
195 704 323 760 fundabo
336 710 365 759 te
381 704 410 759 iu
425 704 584 777 sapphiris,
995 709 1144 767 Custodile
1155 709 1314 779 judicium,
1329 714 1357 765 et
1373 710 1459 765 facite
1468 708 1640 781 justitiam:

112 777 148 835 st
164 792 273 848 ponam
287 776 433 848 iaspidem
450 776 673 904 propugnacula
685 781 758 836 tua:
1031 783 1101 853 quia
1112 781 1197 851 juxta
1212 787 1257 836 est
1272 780 1352 837 salus
1370 797 1444 847 mea,
1462 786 1494 836 ut
1507 781 1615 848 veniat,

147 855 178 904 et
194 854 294 920 portas
309 856 374 904 luas
390 850 419 903 in
436 847 494 921 lapi
519 866 550 905 es
564 849 706 922 sculptos,
1031 858 1060 908 et
1073 853 1188 925 justitia
1206 868 1280 921 mea,
1297 859 1329 909 ut
1344 852 1498 909 reveletur.

147 926 291 976 etomnes
308 919 449 977 terminos
465 926 532 977 tuos
545 920 574 976 in
591 920 705 992 lapides
719 921 939 979 desiderabiles:
996 924 1103 981 Dentur
1117 924 1169 990 vir,
1185 924 1235 996 qui
1253 924 1321 981 facit
1339 924 1402 995 boe,

109 992 273 1049 Universos
288 991 365 1048 filios
381 998 448 1048 tuos
462 992 593 1049 doctosa
609 994 752 1063 Domino;
1031 1003 1059 1053 et
1075 995 1153 1051 filius
1168 996 1306 1057 hominis,
1322 996 1370 1067 qui
1387 994 1586 1068 apprehendet
1600 993 1679 1051 istud
1696 1011 1702 1049 :

147 1061 415 1119 etmuflitudinem
454 1063 692 1135 acisilliistuis;
882 1115 884 1118 ⁴
994 1066 1633 1139 custodienssabbatum,nepolluatitlud‚

107 1135 147 1190 Εἰ
161 1135 193 1189 in
205 1136 325 1206 justitia
341 1081 512 1192 fundaberis
528 1152 535 1192 ι
1031 1140 1200 1197 custodiens
1215 1155 1416 1206 manasseas,
1433 1155 1470 1195 ne
1484 1137 1573 1195 faeiat
1586 1153 1673 1194 omne
1693 1136 1817 1195 malum.

107 1206 226 1263 Recede
241 1206 342 1278 procul
357 1226 374 1264 a
390 1206 549 1273 calumnia,
565 1207 634 1279 quia
649 1224 707 1264 non
722 1207 859 1279 timebis;
995 1211 1101 1269 Dinon
1118 1212 1196 1267 dieat
1210 1211 1288 1268 filius
1302 1211 1430 1280 advena,
1455 1210 1506 1283 qui
1531 1209 1660 1267 adhaeret
1682 1208 1817 1277 Domine,

147 1286 176 1334 et
192 1295 209 1333 a
223 1294 340 1351 pavore,
356 1279 498 1352 quianon
516 1279 763 1353 appropinquabit
777 1281 841 1339 tibi.
1066 1283 1188 1339 dicens:

107 1351 184 1406 Ecce
201 1350 298 1406 accola
312 1353 418 1419 veniet,
433 1351 482 1423 qui
496 1368 554 1408 nou
570 1357 633 1407 erat
646 1368 772 1419 mecum,
994 1353 1184 1426 Separatione
1198 1352 1307 1409 diuidet
1323 1368 1369 1410 ma
1384 1351 1527 1409 Dominus
1542 1369 1559 1409 a
1573 1351 1681 1425 populo
1691 1368 1756 1420 suo,

147 1423 262 1479 advena
276 1424 424 1494 quondam
440 1431 508 1479 tuus
524 1423 702 1494 adjungetur
714 1423 778 1480 tibi.
994 1425 1029 1482 Dt
1044 1444 1101 1482 non
1119 1427 1194 1482 dicat
1210 1423 1365 1481 eunuchus
1381 1441 1388 1479 ι

107 1493 185 1550 Ecce
201 1509 252 1564 ego
264 1495 360 1550 creavi
376 1495 492 1551 fabrum
508 1495 675 1551 sufflantem
692 1495 721 1552 iii
737 1496 804 1570 igne
819 1513 939 1569 prunas,
1030 1502 1102 1554 Ecce
1116 1514 1169 1570 ego
1184 1495 1299 1580 lignum
1315 1496 1442 1552 aridum.

146 1570 175 1621 et
193 1565 386 1636 proferentem
403 1584 453 1623 vas
470 1566 587 1638 inopus
602 1584 701 1632 suum,
993 1571 1067 1637 Quia
1083 1570 1143 1626 hec
1159 1569 1232 1624 dicit
1246 1568 1388 1624 Dominus
1403 1565 1548 1623 ennuchis
1565 1583 1572 1622 :

146 1643 177 1694 et
193 1652 246 1710 ego
262 1640 355 1693 creavi
374 1638 587 1695 interfectorem
604 1640 639 1695 ad
656 1639 897 1711 disperdendum.
1029 1642 1080 1708 Oui
1096 1641 1291 1697 custodierint
1312 1639 1439 1695 sabbata
1463 1654 1539 1703 mea,
1554 1641 1583 1694 et
1597 1637 1737 1711 elegerint
1754 1655 1819 1712 quie

110 1707 209 1765 Omne
223 1725 284 1775 vas,
301 1717 328 1766 et
341 1711 418 1782 quod
434 1710 535 1766 fletum
556 1714 600 1766 est
624 1715 725 1767 contra
741 1718 776 1779 te,
792 1727 850 1768 non
864 1710 939 1768 diri·
954 1728 977 1794 B
1065 1713 1152 1781 volui,
1169 1718 1197 1769 et
1212 1712 1358 1785 tenuerint
1374 1712 1466 1767 fietus
1482 1725 1579 1766 meum
1596 1725 1603 1765 ε

186 1785 295 1852 getur:
993 1785 1072 1842 Dabo
1088 1786 1174 1841 eisin
1190 1785 1277 1841 domo
1293 1788 1412 1848 memet
1430 1781 1461 1837 iii
1485 1783 1579 1839 muris
1606 1781 1681 1838 meis
1708 1781 1818 1851 locum,

148 1854 178 1908 et
194 1868 310 1909 ornnem
327 1852 459 1925 linguam
475 1853 656 1910 resistentem
675 1853 939 1927 tibiinjudicio,ju·
1027 1862 1056 1913 et
1072 1873 1178 1912 nomen
1196 1854 1301 1911 melius
1316 1872 1332 1911 α
1349 1854 1417 1910 filiis
1432 1857 1461 1910 et
1476 1852 1594 1910 filiabus
1609 1871 1620 1909 .·

185 1924 308 1980 dicebis.
991 1932 1105 1986 Nomen
1121 1927 1331 2000 sempiternum
1348 1927 1424 1983 dabo
1439 1925 1493 1992 eis,

108 1994 177 2052 Haec
194 1994 348 2052 hereditas
363 2011 515 2051 servorum
533 1995 659 2063 Domini,
1027 2001 1104 2074 quod
1122 2017 1178 2056 noii
1196 1999 1310 2071 peribit.

148 2072 178 2122 et
190 2067 309 2137 jnstitia
321 2083 421 2123 eorum
438 2068 516 2151 apud
533 2083 588 2136 me,
604 2067 674 2124 dicit
687 2067 841 2126 Dominus.
991 2072 1025 2130 Et
1040 2073 1117 2129 filios
1132 2072 1260 2141 advene,
1274 2070 1326 2142 qui
1340 2068 1490 2125 adherent
1514 2066 1649 2141 Domino,
1665 2071 1699 2124 ut
1718 2067 1817 2125 colant

109 2137 191 2211 (Cup.
208 2139 279 2210 LV.)
295 2140 403 2195 Omnes
418 2139 562 2207 sitientes,
578 2140 674 2195 venite
689 2141 724 2197 ad
741 2157 834 2213 aquas
851 2157 858 2196 ε
1061 2161 1140 2213 eum,

145 2217 176 2266 et
192 2213 244 2282 qui
259 2228 316 2267 not.
330 2210 445 2268 bebetis
458 2218 614 2285 argentum
631 2212 936 2286 (Al.peouninm)‚pro·
1026 2219 1055 2272 et
1070 2215 1196 2287 diligant
1211 2229 1319 2269 nomen
1334 2211 1409 2283 ejus.
1427 2215 1460 2267 ut
1474 2212 1535 2267 sint
1548 2210 1574 2266 ei
1589 2209 1620 2266 in
1635 2225 1734 2267 servos
1749 2227 1756 2267 :

185 2287 295 2354 perata,
989 2287 1112 2346 Dmnein
1129 2286 1344 2343 custodientem
1361 2282 1518 2340 sabbatum
1535 2298 1570 2339 ne
1586 2280 1698 2354 polluat
1712 2280 1797 2352 illud,

146 2354 247 2424 emite,
261 2360 290 2410 et
303 2353 449 2410 comedite
466 2370 473 2408 τ
1025 2366 1054 2416 et
1068 2362 1217 2415 tenentem
1235 2358 1329 2413 foedus
1347 2372 1442 2412 meum
1457 2371 1464 2410 ε

113 2423 227 2495 Venite,
248 2426 338 2482 emite
357 2427 469 2497 absque
484 2430 615 2497 argento,
989 2431 1144 2488 Adducam
1157 2446 1207 2486 eos
1223 2429 1251 2484 in
1266 2433 1395 2484 montem
1411 2429 1547 2483 sanctum
1563 2440 1673 2489 meum,

143 2503 173 2553 et
186 2500 300 2569 absque
316 2497 376 2554 ulla
390 2502 618 2554 commutatione
633 2497 733 2554 vinum
749 2501 777 2554 et
792 2497 846 2554 lac.
1025 2509 1054 2559 et
1069 2501 1222 2558 laetificabo
1238 2517 1288 2557 eos
1304 2501 1333 2556 in
1349 2502 1436 2555 danie
1451 2498 1594 2554 orationis
1610 2513 1698 2567 meie3

112 2569 205 2636 tiuare
221 2569 388 2641 appenditis
403 2574 557 2641 argentum
573 2586 631 2626 non
645 2569 674 2626 iii
690 2570 828 2652 panibus,
990 2574 1165 2631 Holocausta
1191 2588 1304 2639 eurum,
1319 2576 1348 2627 et
1367 2571 1491 2626 victima·
1520 2585 1633 2639 eorum,
1659 2567 1817 2642 placebunt

143 2647 174 2697 et
191 2640 321 2698 laborem
338 2647 467 2698 vestrum
484 2658 541 2698 non
558 2642 587 2697 in
603 2641 786 2698 saturitate?
1061 2646 1134 2702 mibi
1145 2662 1235 2715 super
1250 2642 1334 2699 altari
1350 2658 1415 2697 meo
1432 2658 1439 2697 :
1548 2711 1553 2722 Ι
1678 2710 1683 2722 ,

111 2714 231 2783 ludite,
247 2714 400 2770 audientes
411 2731 468 2781 me,
483 2719 512 2769 et
526 2713 669 2769 comedite
685 2714 805 2784 bonum,
1024 2719 1094 2790 quia
1108 2719 1214 2773 domus
1225 2732 1299 2782 mea,
1312 2715 1417 2771 domus
1430 2717 1571 2768 orationis
1583 2710 1736 2766 vocabitur
1746 2725 1816 2767 cun·

143 2792 175 2842 et
191 2785 386 2842 delectabitur
398 2787 428 2842 iii
442 2785 638 2842 crassitudine
653 2786 753 2842 anima
767 2791 873 2844 vestra.
1061 2789 1115 2846 etis
1129 2786 1257 2860 populis.
1568 2852 1574 2864 ·

106 2857 256 2914 inclinate
271 2875 372 2914 aurem
388 2864 526 2925 vestram,
543 2863 572 2913 et
583 2857 679 2913 venite
693 2860 728 2913 ad
746 2874 790 2915 me
807 2876 814 2915 ι
988 2860 1035 2920 iit
1048 2861 1193 2918 Dominus
1207 2859 1296 2924 Deus,
1308 2856 1358 2929 qui
1374 2857 1532 2928 congregat
1545 2853 1696 2925 dispersos
1711 2850 1813 2908 lsrael:

143 2929 257 2994 indite.
274 2936 300 2985 el
317 2931 392 2985 livet
407 2930 506 2985 animat
521 2932 628 2997 vestra,
990 2933 1092 2994 Adbuc
1107 2931 1291 3004 congregabo
1307 2929 1342 2984 ad
1358 2945 1424 2984 eum
1442 2929 1634 2998 congregatos
1648 2925 1722 2996 ejus.

103 2997 142 3057 Dt
149 3000 405 3072 feriamvobispll.
413 3002 576 3074 vobiscum)
586 3001 935 3074 pactumsempiternum,
992 3006 1099 3063 omues
1115 3003 1215 3060 bestisi
1227 3001 1301 3084 agri,
1316 3001 1411 3057 venite
1426 2999 1461 3055 ad
1478 2996 1688 3063 devorandum,

141 3071 367 3129 misericordius
381 3074 469 3129 David
489 3071 590 3129 fideles
606 3075 626 3129 ¹.
952 3095 974 3163 c
1029 3074 1169 3133 universe
1184 3076 1285 3131 bestiae
1300 3071 1405 3129 saltus.

101 3141 186 3201 Ecce
201 3149 305 3200 testem
322 3144 439 3217 populis
451 3144 519 3201 dedi
533 3161 612 3214 eum,
991 3147 1195 3219 Speculatores
1209 3148 1273 3229 ejus
1289 3147 1368 3212 enei,

144 3217 256 3272 ducem
273 3232 305 3271 ae
322 3222 527 3290 preceptorem
544 3215 692 3344 gentibus.
1026 3221 1135 3278 omnes
1151 3221 1341 3275 nescierunt:

99 3285 185 3346 3⁶⁰⁰
202 3294 330 3358 geniem,
347 3304 436 3359 ‘fuum
450 3288 546 3346 newis
569 3305 612 3356 tt,
628 3287 746 3344 vocabis
760 3305 767 3344 :
990 3292 1122 3350 Universi
1136 3307 1224 3346 canes
1240 3287 1314 3346 niati
1330 3304 1388 3344 non
1403 3283 1533 3342 valentes
1549 3281 1667 3353 latrare,

138 3365 172 3416 et
187 3363 378 3432 gentesque
394 3379 451 3418 non
467 3364 666 3433 cognoverunt
676 3360 757 3430 te,ad
770 3363 797 3416 te
807 3364 935 3431 current,
1024 3364 1158 3420 videntes
1172 3378 1255 3431 vans,
1274 3360 1278 3371 '
1511 3427 1517 3438 ·

139 3435 268 3503 propter
282 3431 439 3489 Dominum
459 3437 547 3488 Deum
564 3438 658 3502 tuum,
1026 3436 1216 3503 dormientes,
1232 3439 1261 3488 et
1274 3433 1408 3487 amantes
1423 3444 1548 3486 somnia.

141 3509 175 3560 et
191 3507 326 3559 sanetum
344 3504 444 3571 lsrael,
459 3504 529 3577 quia
541 3502 717 3576 glorificavit
730 3506 769 3559 te.
990 3509 1025 3566 Et
1037 3524 1125 3564 canes
1139 3503 1390 3579 impudentissimi

99 3574 218 3641 enain
235 3574 404 3648 Dominum,
420 3577 492 3633 dum
515 3575 639 3633 inveniri
664 3579 777 3646 potest;
802 3574 936 3631 invocate
1026 3581 1194 3636 nescierunt
1209 3577 1405 3633 saturitatem.
1598 3641 1604 3654 ·

180 3661 262 3713 eum,
279 3649 348 3703 duni
365 3664 454 3719 prope
469 3652 523 3704 est.
990 3653 1048 3724 Ipsi
1064 3655 1196 3723 pastores
1212 3650 1416 3719 ignoraverunt
1431 3641 1656 3715 intelligentiam
1673 3659 1681 3700 ι

101 3715 302 3790 Derelinquat
317 3718 427 3792 impius
442 3720 517 3776 viam
533 3734 629 3789 suam,
1025 3739 1129 3779 omnes
1141 3723 1168 3777 in
1186 3720 1261 3776 viam
1273 3736 1358 3775 suam
1372 3716 1605 3783 declinaverunt,

139 3795 173 3847 et
189 3791 234 3844 vir
248 3789 367 3862 iniquus
381 3791 573 3864 cogitationes
587 3807 667 3858 suas,
1026 3793 1233 3866 unusquisque
1248 3791 1284 3846 ad
1301 3789 1455 3870 avaritiam
1467 3802 1563 3854 suam,

103 3859 140 3918 st
155 3866 324 3918 revertatur
338 3862 391 3933 (At.
407 3867 604 3933 convertatur)
616 3863 651 3919 ad
668 3860 868 3929 Dominum,et
883 3860 934 3916 mi·
1025 3881 1172 3924 asumma
1188 3879 1282 3934 usque
1296 3862 1330 3917 ud
1349 3860 1550 3916 novissimum.

178 3934 327 3989 serabitur
339 3935 414 4005 ejus,
988 3936 1100 4003 Venite,
1116 3950 1271 3992 sumamus
1285 3933 1396 3999 vinum,

137 4008 170 4060 et
179 4005 221 4088 'ad
238 4005 329 4061 Deum
343 4014 478 4062 nostrum
495 4024 502 4063 :
533 4005 673 4078 quoniam
689 4003 802 4061 multus
826 4010 872 4061 est
896 4006 933 4061 ad
1023 4016 1051 4067 ut
1062 4008 1238 4091 impleamur
1252 4005 1414 4089 ebrietate:

104 4144 169 4203 Non
178 4078 482 4222 13:333&an
506 4165 587 4217 mes,
604 4147 792 4231 cogitationes
805 4153 907 4206 vestre
924 4164 931 4204 :
988 4078 1351 4221 Εἵαῗΐιιιξιῗῖῗὲἓιιῗιῖῗίιὲἒθω
1363 4079 1395 4228 ,οἱ
1407 4089 1483 4144 Μ’

141 4233 242 4292 neque
256 4221 309 4276 viee
323 4225 436 4289 vestre,
449 4221 501 4276 viae
517 4238 598 4287 mesi,
614 4220 847 4278 dicitDominus.
988 4224 1066 4299 (Cup.
1086 4223 1176 4295 tvti.)
1190 4222 1204 4277 J
1211 4225 1294 4277 ustus
1310 4222 1395 4291 perit,
1459 4287 1465 4298 ·

105 4290 181 4355 Ouia
196 4292 274 4348 sicut
287 4291 451 4350 exaltantur
466 4292 529 4350 cmii
545 4310 562 4348 α
577 4300 665 4361 terra,
1023 4302 1052 4351 et
1068 4312 1152 4350 nenio
1168 4301 1221 4359 est,
1239 4292 1289 4363 qui
1305 4290 1444 4358 recogitet
1459 4304 1487 4341 in
1504 4285 1589 4342 corde
1604 4300 1669 4340 suo.

142 4362 185 4418 sic
214 4363 345 4420 exaltate
373 4370 444 4420 sunt
457 4366 509 4420 iiie
525 4365 696 4421 mercariis
709 4364 824 4429 vestris,
841 4370 869 4422 et
884 4382 932 4421 oo·
986 4360 1508 4443 Dtvirimiscricordiaecolliguntur,

177 4434 334 4507 gitationes
350 4453 421 4493 meae
436 4453 453 4492 a
468 4436 694 4509 cogitationibus
708 4437 824 4493 vestris.
949 4461 972 4525 D
1023 4440 1093 4512 quia
1110 4457 1166 4495 non
1182 4442 1226 4493 est
1242 4432 1475 4558 quiintelbgst:
1587 4500 1593 4514 ¹

102 4506 139 4562 nt
155 4508 304 4577 quomodo
319 4508 469 4564 deseendit
485 4510 590 4576 imber,
606 4516 632 4564 el
649 4511 698 4566 niir
712 4509 748 4565 de
763 4508 845 4577 caelo,
1024 4530 1042 4569 a
1056 4511 1129 4568 facie
1144 4509 1222 4566 enim
1239 4507 1355 4563 malitie
1371 4521 1403 4560 co
1418 4502 1510 4560 lectus
1525 4506 1570 4557 est
1582 4503 1693 4572 Justus.

139 4583 171 4633 st
186 4579 258 4635 illuc
273 4578 350 4635 ultra
365 4596 422 4636 non
440 4581 593 4636 revertitur
606 4582 627 4651 ²,
982 4582 1088 4640 Veniat
1104 4599 1168 4654 pax,
1317 4648 1345 4659 ..
1475 4645 1481 4657 ,
1638 4641 1644 4655 ,

139 4650 192 4705 sed
210 4650 468 4717 inebriationem,
484 4657 513 4707 et
528 4651 656 4709 infundit
670 4669 745 4723 eam,
1021 4654 1184 4726 requiescat
1206 4652 1234 4707 iii
1257 4647 1346 4731 cubili
1362 4663 1416 4703 suo
1431 4661 1483 4717 qui
1498 4641 1660 4701 ambulavit
1673 4639 1727 4715 (lt.
1744 4656 1808 4697 am-

138 4725 169 4777 et
178 4721 345 4794 germinare
359 4739 423 4779 eam
442 4724 520 4789 facit,
1057 4725 1148 4788 bulatt
1164 4725 1194 4780 in
1210 4723 1368 4778 directione
1383 4735 1447 4775 sua.
1566 4786 1572 4799 ,
1594 4786 1600 4797 ,

139 4797 170 4849 et
184 4794 236 4849 dat
250 4810 350 4851 semen
365 4793 484 4862 serenti,
985 4801 1043 4854 Vos
1059 4803 1110 4854 aut
1125 4795 1253 4852 accedite
1268 4794 1335 4851 buc.
1353 4790 1405 4874 filii
1420 4790 1629 4873 auguratricis,

139 4870 170 4921 et
185 4881 292 4939 panem
308 4865 492 4923 comedenti:
1021 4885 1121 4925 semen
1138 4867 1273 4935 adulteri,
1289 4871 1317 4920 et
1332 4863 1505 4920 fornicariae.

102 4935 152 4993 Sic
177 4940 235 4994 erit
258 4939 379 4995 verbum
408 4953 522 5004 meum,
544 4938 622 5009 quod
651 4937 815 5010 egredietur
830 4938 866 4993 de
881 4953 929 4994 ore
984 4941 1078 5012 Super
1095 4957 1182 5013 quern
1202 4935 1341 4994 lusistis?
1554 4999 1562 5014 .
1596 5000 1602 5013 ,
1650 4999 1655 5011 ,

139 5024 207 5066 meo
223 5023 231 5064 ε
1020 5029 1109 5084 super
1124 5027 1210 5082 quein
1227 5006 1373 5064 dilatastis
1388 5021 1432 5073 os,
1448 5007 1476 5060 et
1490 5002 1621 5073 ejecistis
1636 4997 1796 5126 Ιιιιέιιαιιιῗ

137 5096 199 5137 non
213 5083 374 5136 revertetur
387 5081 424 5136 ad
442 5096 488 5137 me
499 5096 637 5151 vacuum,
984 5084 1125 5166 Nunquid
1142 5099 1198 5138 noa
1215 5097 1265 5136 sos
1282 5078 1334 5134 filii
1349 5076 1476 5142 scelesti,
1493 5090 1594 5130 semen
1610 5087 1674 5156 nien
1698 5069 1758 5126 axi

137 5153 191 5207 sed
211 5151 295 5208 faciet
310 5167 491 5224 quecunque
505 5151 593 5220 volui,
1019 5173 1070 5230 qui
1085 5151 1279 5211 consolamini
1291 5149 1389 5206 indiis
1403 5141 1811 5216 subtoromnelignumfron·

136 5229 168 5279 et
181 5224 405 5296 prosperabitur
419 5224 448 5279 in
462 5223 519 5289 his,
536 5224 570 5280 ad
590 5240 653 5307 quae
672 5222 738 5279 misi
754 5220 838 5277 illud.
1055 5226 1172 5292 desum,
1535 5286 1542 5300 ‚
1749 5281 1757 5296 ,

98 5295 176 5360 Quia
191 5295 333 5351 iniustitia
348 5295 587 5366 egrediemini‚et
601 5312 631 5350 iu
648 5311 717 5364 pace
732 5294 929 5364 deducemini,
1019 5298 1207 5355 immutantes
1223 5292 1361 5366 pamulae
1377 5291 1408 5348 in
1424 5287 1613 5358 torrentibus,
1628 5283 1732 5342 subter
1749 5298 1806 5339 tm·

136 5372 256 5423 montes
270 5373 299 5424 et
312 5368 403 5423 colles
416 5368 579 5423 cantabunt
593 5382 690 5423 eoram
702 5365 785 5422 uobis
800 5365 928 5433 laudem,
1056 5370 1201 5426 minantes
1217 5364 1339 5438 petras?

135 5443 166 5495 et
180 5439 281 5495 omnia
297 5437 378 5511 ligna
392 5438 521 5511 regionis
536 5438 677 5513 plaudent
691 5454 792 5494 manu.
984 5442 1018 5499 fn
1034 5442 1167 5515 partibus
1183 5437 1321 5497 torrentis
1336 5451 1403 5509 pars
1420 5437 1482 5501 fua,

136 5654 147 5691 ¹
163 5650 238 5707 Vitio
252 5647 466 5732 eusampiorum
496 5651 606 5724 legitur
628 5652 659 5708 in
684 5668 757 5709 mss.
771 5655 800 5708 et
811 5652 928 5709 Ganoue
982 5658 1038 5718 est,
1053 5653 1158 5724 fidelia,
1174 5649 1220 5709 iiel
1233 5650 1337 5733 ¹fideles,
1353 5651 1383 5705 et
1399 5662 1456 5703 non
1472 5643 1571 5729 fidelia.
1587 5641 1682 5699 liner.

97 5723 173 5782 fieb.
188 5721 271 5780 serit.
287 5721 375 5778 David
387 5720 504 5796 fidelia.
532 5740 600 5782 cum
625 5725 655 5780 in
677 5728 757 5782 texta
773 5724 928 5793 Hebraico,
1018 5727 1029 5761 ¹
1046 5726 1145 5783 Ferme
1173 5728 1281 5782 rectius
1296 5721 1327 5777 in
1341 5722 1557 5776 Commentario
1586 5714 1622 5772 sd
1651 5712 1807 5771 Hebraeum

95 5799 129 5854 at
141 5795 223 5868 apud
238 5791 311 5852 1de
326 5794 500 5870 interpretes
516 5794 639 5869 pluralis
662 5796 702 5854 sit
729 5812 881 5867 numerus,
897 5796 927 5855 id
982 5805 1065 5867 nint,
1079 5796 1150 5871 legit
1163 5801 1193 5854 S.
1209 5794 1358 5869 Interpreu
1371 5792 1405 5850 iu
1417 5789 1717 5855 intercantantur.
1783 5826 1786 5830 .
