3870 6120
106 184 176 243 1415

106 305 412 457 Semgiimiserjaueiserii
427 375 512 459 ejus:

144 451 197 511 tilii
212 450 301 507 Jacob
318 448 401 504 electi
418 462 493 517 eius,

110 527 175 599 lpse
191 521 335 578 Dominus
351 517 428 573 [leus
445 521 546 573 noster
563 534 569 573 :

145 596 174 651 in
191 594 327 648 universa
342 594 420 644 terra
433 588 546 661 judicia
560 589 635 661 ejus.

110 661 315 724 Recordumini
330 663 359 716 in
377 662 591 734 sempiternom
610 660 686 735 pacti
704 661 791 733 ejus:

625 183 657 237 S.
677 181 880 239 hieronimi
899 183 1026 238 Divitis
1044 180 1292 236 etbmomhcit.

946 302 1114 377 ADomino
1131 318 1138 358 :
1155 301 1299 368 Quoniam
1315 302 1344 360 in
1360 304 1502 361 eternum
1519 301 1728 362 misericordia
1741 306 1814 378 eiua.

1746 181 1811 237 itte

1025 376 1118 432 Dinon
1134 380 1293 448 quoquest
1307 375 1439 433 ldithum
1454 380 1597 435 canentes
1612 377 1698 445 tuba,
1708 381 1738 434 et
1752 394 1817 450 qoa-

990 447 1097 504 tieotes
1116 444 1261 520 cymbala,
1276 450 1306 504 et
1326 448 1426 504 omnia
1445 447 1631 506 musicorum
1645 465 1768 523 organa,
1782 451 1815 507 ad

989 518 1155 575 canendum
1171 518 1230 575 ilco
1246 536 1253 574 :

1026 589 1116 646 Filios
1132 595 1230 646 autern
1259 587 1377 646 idithun
1394 589 1463 647 tecit
1478 606 1544 648 esse
1559 590 1720 663 portarios.

1026 661 1816 735 Reversusqueestomnispcpulnsindomomum,

145 734 301 802 sermonis,
318 747 405 805 qoem
423 732 561 805 precepit
576 732 605 788 in
622 732 703 789 mille
717 733 935 807 generationes.
990 737 1019 788 et
1032 732 1134 797 David,
1152 738 1184 788 ut
1199 732 1383 791 benediceret
1397 734 1485 791 etism
1501 736 1603 792 domui
1620 752 1693 793 suo.

108 811 198 876 Quem
215 805 328 879 pepigit
343 820 410 860 eum
427 801 576 860 Abraham
594 820 601 860 τ

143 884 173 936 et
184 875 347 951 juramenti
362 875 445 931 illius
461 893 528 932 cum
546 876 635 932 isaac.

108 957 142 1009 ist
156 949 310 1008 constituit
327 947 399 1004 illud
416 948 508 1004 Jacob
522 947 551 1003 in
569 951 746 1022 preceptum
763 964 770 1004 :

146 1029 174 1079 et
190 1020 278 1078 lsrael
294 1020 323 1075 in
338 1024 456 1145 ,imum
472 1019 698 1092 sempiternum.

107 1095 214 1154 Dicens
231 1109 238 1147 :
254 1093 320 1150 Tibi
358 1092 412 1148 eho
428 1095 536 1147 terram
552 1090 704 1163 Chaerea,

146 1164 311 1223 tuniculam
329 1163 505 1219 hereditatis
518 1168 633 1220 vestrm.

110 1243 183 1298 coin
197 1239 298 1293 essent
311 1235 398 1307 pauci
416 1250 548 1300 numero,

147 1309 232 1366 Parvi
246 1312 275 1364 et
290 1306 384 1362 coloni
399 1306 473 1379 eJus

111 1383 147 1439 lit
161 1380 345 1437 transierunt
359 1379 395 1435 de
412 1381 498 1450 genle
513 1376 543 1432 in
559 1378 689 1449 gentem,

147 1452 226 1511 etde
242 1466 332 1533 regno
347 1451 384 1505 ed
400 1447 542 1522 populum
558 1447 695 1506 silerum.

110 1524 174 1581 Non
188 1522 302 1579 dimisit
316 1536 494 1594 quemquam
510 1517 685 1578 calumniari
701 1536 762 1590 eos,

147 1597 195 1652 sed
213 1592 361 1666 increpuit
373 1608 427 1719 gro
442 1592 484 1648 eis
499 1606 593 1664 reges.

9 1690 11 1695 ·
110 1666 206 1726 Nolite
221 1671 371 1738 tangerer
396 1663 484 1720 ristos
500 1679 580 1719 meos
597 1679 604 1719 τ

148 1744 177 1794 ct
189 1738 218 1792 in
236 1735 387 1809 prophetis
403 1735 475 1791 meis
491 1734 581 1790 nolite
597 1732 763 1807 malignari.

111 1813 233 1872 cantate
247 1808 373 1865 Domine
388 1806 485 1863 omnis
500 1811 596 1862 terra:

149 1881 323 1938 annuntiate
338 1895 372 1934 ex
387 1878 433 1935 die
448 1878 476 1934 in
493 1876 571 1934 diem
591 1875 721 1935 salutare
735 1877 810 1950 ejus.

113 1954 236 2012 Narrate
252 1953 282 2007 iu
297 1950 436 2024 gentihus
450 1949 573 2024 gloriam
590 1949 654 2020 ejus
671 1965 677 2006 :

149 2030 178 2082 in
195 2023 310 2080 eunctis
327 2021 443 2095 populis
458 2020 604 2078 mirabilia
619 2021 693 2092 eJus.

39 2160 41 2164 ,
112 2098 187 2163 Quis
201 2111 327 2168 magnus
343 2093 497 2164 Dominus,
513 2099 541 2148 et
557 2092 716 2149 laudabilia
732 2090 823 2149 nimis
839 2106 847 2149 ι

1 2229 3 2234 ,
149 2173 178 2225 et
192 2166 343 2223 horribilis
358 2181 448 2238 super
462 2181 565 2220 omnes
580 2165 660 2221 deos.

114 2240 224 2297 Omnes
237 2237 314 2293 enim
332 2236 373 2291 dii
388 2237 564 2362 populorum
581 2235 669 2291 idola.

115 2311 257 2367 Dominus
270 2312 368 2366 aulem
385 2323 426 2362 coe
440 2324 472 2364 os
489 2306 565 2363 iecit.

115 2381 266 2441 Confessio
281 2385 310 2435 el
325 2377 541 2452 magnificentia
555 2393 653 2434 cerain
668 2391 701 2433 co
716 2393 723 2434 :

153 2452 293 2509 tortitudo
309 2455 338 2507 et
352 2451 494 2524 gaudium
509 2450 539 2506 in
554 2447 617 2505 icco
632 2449 707 2520 ejus,

116 2525 224 2583 illicite
238 2523 373 2590 Domino,
391 2521 510 2578 tamilla
525 2518 712 2594 populorum,

151 2597 252 2653 etierte
268 2593 391 2651 Domino
410 2592 533 2666 glorium
549 2598 578 2648 et
593 2591 759 2664 imperium.

114 2668 184 2726 Date
200 2666 324 2724 Domino
339 2664 463 2791 ἣῐοιίιιιι
481 2663 593 2721 nomini
610 2664 685 2734 ejus,

152 2741 245 2797 levate
260 2737 334 2794 sacri
360 2737 449 2808 cium,
465 2742 494 2792 et
518 2736 615 2792 venite
630 2735 658 2791 ln
675 2734 834 2806 conspecto
849 2733 938 2807 ejus:

152 2817 181 2868 et
194 2811 313 2867 adorate
324 2808 483 2864 Dominum
499 2807 528 2863 in
544 2808 647 2863 decore
662 2809 774 2863 sancto.

117 2885 341 2942 Commovestnr
355 2897 372 2936 e
386 2879 458 2944 tocie
471 2880 536 2952 ejus
550 2878 647 2935 omnis
663 2882 761 2935 terra:

123 2953 310 3086 hiiesetenim
324 2951 459 3079 iunium
474 2951 571 3079 olrtbgm
588 2949 780 3052 immobilem.

143 3045 184 3155 aest
198 3039 539 3165 ¹diiliinctoiri’neatieoxiisiiioi,
556 3038 697 3150 Degffissu,
712 3091 852 3165 regnavit.

121 3172 216 3227 'Donet
231 3183 321 3237 mare,
338 3170 366 3221 et
380 3166 531 3240 plenitudo
546 3167 611 3234 eius
626 3180 633 3220 τ

157 3240 303 3298 exsultent
319 3239 391 3311 egri,
405 3242 433 3294 el
446 3239 545 3294 omnio
561 3253 623 3310 que
639 3236 669 3291 in
685 3234 727 3292 eis
743 3243 821 3292 sunt.

121 3314 205 3396 'ione
219 3309 477 3394 laudabuntligna
492 3309 585 3366 saltus
600 3324 699 3365 coram
714 3307 839 3365 Domino
855 3323 863 3365 τ

121 3381 461 3537 inimiculi?
474 3385 613 3534 liiii,
630 3449 746 3532 m„

121 3521 823 3661 illititiltiit?litttltltltlit,

158 3672 186 3725 et
199 3681 345 3741 congrega
360 3682 424 3737 nos,
437 3671 466 3723 et
479 3681 549 3723 erue
564 3665 599 3721 de
613 3662 750 3738 gentibus
767 3678 774 3721 :

122 3739 158 3797 Ut
172 3739 366 3797 conliteamur
381 3737 491 3795 nomini
507 3742 609 3793 senato
625 3739 686 3803 tuo,

156 3816 187 3870 et
200 3808 378 3868 exsultemus
394 3810 423 3865 in
439 3809 620 3866 carminibus
636 3808 705 3863 tuis.

120 3885 296 3941 Benedictus
312 3881 449 3938 Dominus
468 3882 546 3939 Deus
561 3877 650 3937 iirnei
666 3878 702 3935 eh
718 3880 825 3934 eterno
847 3892 942 3950 usque

193 3956 400 4011 inaeteruum:

156 4034 184 4083 et
200 4027 277 4082 dicat
293 4024 389 4081 omnis
404 4041 440 4097 po
464 4022 531 4079 olus
548 4039 555 4080 τ

121 4098 224 4163 Amen,
242 4103 270 4155 et
284 4096 427 4169 hymnum
443 4041 501 4168 itt.
518 4093 657 4167 hymnus]
673 4088 805 4148 Domino.

121 4168 282 4241 Dereliquit
294 4168 392 4240 itaque
408 4167 447 4222 ibi
463 4182 560 4223 corani
576 4181 643 4221 arce
658 4163 775 4220 laederis
788 4161 916 4230 Domini,

120 4241 216 4314 hsaph
233 4245 262 4297 et
276 4240 379 4296 iratres
404 4238 479 4310 elus,
496 4241 529 4294 ot
553 4236 756 4294 ministrarent
770 4234 800 4291 in
817 4249 942 4319 conspe·

192 4317 241 4370 ctu
263 4328 336 4368 erce
356 4311 477 4385 jugiter,
493 4326 544 4382 per
566 4306 701 4381 singulos
724 4306 798 4375 dies,
814 4310 843 4362 et
865 4321 943 4363 vices

210 4400 291 4452 suas,

990 893 1055 944 suo,
1073 876 1148 932 dixit
1163 876 1197 932 ad

991 1019 1108 1075 loederis

990 2306 1038 2363 vid
1054 2322 1062 2363 :
1080 2306 1145 2363 lleic

955 3055 977 3123 C
997 3039 1098 3163 israel,
1113 3104 1142 3149 et
1156 3092 1310 3149 humiliavi
1326 3093 1477 3152 universos
1492 3095 1633 3153 inimicos
1648 3102 1728 3154 tuos.

1027 804 1105 876 (Cup.
1121 803 1303 932 lillibkcum
1315 810 1415 863 eutem
1428 805 1576 864 babitaret
1586 807 1680 865 David
1692 807 1723 864 in
1735 808 1818 867 domo

1026 948 1099 1005 Doce
1114 963 1167 1075 ego
1183 876 1328 1030 hebittiiiid1
1335 875 1623 1008 iiiiiiiiiiiiagidtrina:
1637 966 1708 1009 arca
1723 954 1817 1009 autem

1096 1092 1101 1102 ι
1148 1020 1240 1075 omini
1256 1021 1312 1076 sub
1328 1019 1457 1147 Beltibiis
1471 1026 1539 1105 εει..
1679 1094 1686 1105 ο

1026 1091 1061 1146 lit
1077 1095 1118 1145 ait
1140 1091 1254 1146 Nathan
1272 1092 1308 1147 ad
1353 1094 1416 1148 ovid
1435 1134 1442 1147 .
1459 1108 1559 1150 omnis
1584 1110 1651 1168 que
1677 1111 1709 1150 iri
1736 1094 1818 1152 corda

990 1165 1041 1218 tuo
1057 1164 1138 1232 suot,
1155 1163 1200 1218 iac
1215 1178 1222 1217 ε
1238 1162 1317 1220 Deus
1329 1165 1407 1220 enim
1423 1166 1519 1221 tecum
1535 1170 1591 1223 est.

1027 1232 1119 1306 igitur
1134 1239 1218 1291 nocte
1234 1233 1284 1290 ills
1299 1235 1394 1293 iactus
1408 1241 1455 1293 est
1464 1251 1561 1294 sermo
1570 1235 1624 1294 Dei
1638 1237 1677 1294 ad
1693 1236 1817 1309 Nathan,

990 1304 1093 1361 dicens
1107 1320 1114 1359 i

1025 1375 1115 1443 Vnde,
1140 1379 1169 1432 et
1191 1375 1313 1449 loquere
1327 1378 1418 1436 David
1442 1394 1525 1436 aereo
1550 1395 1617 1436 meo
1634 1396 1641 1436 :
1658 1379 1729 1436 Hae
1752 1379 1819 1436 dicit

991 1446 1135 1505 Dominus
1149 1465 1156 1505 :

1025 1519 1088 1576 Non
1118 1518 1279 1577 ediiicshis
1302 1523 1333 1577 tu
1359 1521 1433 1578 mihi
1462 1522 1586 1580 domum
1618 1522 1655 1579 ad
1687 1521 1820 1579 habitan·

951 1684 975 1751 B
991 1589 1128 1745 dulichae
1142 1660 1222 1717 enim
1239 1662 1334 1720 mansi
1351 1662 1379 1719 in
1398 1663 1496 1749 domo,
1511 1681 1545 1723 ex
1560 1680 1596 1722 eo
1612 1668 1818 1752 temporeque

990 1732 1077 1789 eduxi
1093 1731 1193 1801 israel,
1211 1750 1305 1862 usffiue
1319 1735 1445 1792 adhunc
1460 1737 1559 1793 diem:
1578 1738 1631 1793 sed
1647 1738 1694 1794 fui
1708 1751 1820 1809 semper

991 1811 1111 1861 mutans
1138 1802 1202 1861 loca
1225 1809 1255 1861 ts
1276 1806 1417 1877 ornacull,
1433 1814 1463 1865 et
1485 1809 1516 1866 in
1539 1810 1672 1866 tentorio
1698 1824 1819 1865 maneos

990 1893 1058 1934 cum
1072 1876 1153 1933 omoi
1168 1877 1268 1933 lsrael.

1025 1947 1166 2022 Nunquid
1179 1947 1295 2005 locutus
1306 1966 1372 2006 sum
1384 1950 1489 2008 seltem
1501 1951 1554 2008 uni
1566 1950 1708 2023 judicum
1723 1949 1819 2017 israel,

990 2021 1100 2093 quibus
1116 2036 1308 2093 praeceperam
1325 2025 1358 2078 ut
1372 2028 1528 2095 pascerent
1565 2024 1695 2096 epulum
1712 2038 1819 2091 meum,

991 2092 1092 2222 giudi?
1110 2108 1117 2147 z
1134 2092 1229 2157 Quare
1244 2108 1302 2149 non
1317 2093 1484 2153 edificastis
1499 2096 1537 2152 m'
1565 2096 1574 2152 i
1591 2096 1719 2153 domum
1732 2095 1820 2151 cedri·

1026 2234 1109 2291 Nono
1123 2234 1223 2362 lingue
1247 2235 1290 2292 sio
1315 2236 1444 2309 loqueris
1459 2238 1495 2295 ad
1511 2253 1632 2296 serrum
1649 2253 1751 2294 meum
1762 2240 1818 2294 Da·

1180 2307 1231 2362 icit
1247 2307 1389 2366 Dominus
1411 2310 1592 2367 exercituum
1608 2326 1616 2366 :
1633 2311 1698 2383 ligo
1712 2309 1768 2365 tull
1783 2315 1820 2376 ts,

992 2394 1060 2434 cum
1081 2378 1110 2433 in
1130 2379 1248 2450 psscuis
1271 2382 1438 2452 sequereris
1459 2398 1589 2455 gregrem,
1605 2386 1641 2438 ut
1657 2397 1740 2439 cases
1765 2381 1820 2437 dux

993 2448 1093 2524 populi
1108 2450 1165 2507 mei
1181 2449 1270 2507 israel
1287 2467 1293 2505 i

1029 2525 1062 2576 Et
1078 2519 1119 2577 iiii
1135 2525 1232 2577 lecum
1253 2537 1430 2594 quocunque
1451 2523 1603 2595 perrexisti
1622 2539 1631 2579 :
1648 2527 1679 2581 et
1693 2521 1818 2581 interiori

993 2608 1096 2650 omnes
1122 2592 1255 2650 mimicos
1278 2598 1345 2651 tuos
1361 2609 1458 2651 coram
1483 2600 1523 2664 te,
1549 2596 1602 2653 ieci
1630 2612 1670 2652 ue
1692 2595 1746 2652 tihi
1772 2610 1819 2651 oo·

992 2681 1061 2793 men
1082 2663 1167 2736 qussi
1194 2665 1283 2722 unius
1308 2681 1496 2739 magnorum,
1510 2667 1562 2741 qui
1587 2665 1818 2725 ccehranturin

1007 2752 1081 2793 erra.

1030 2807 1064 2863 iit
1078 2805 1144 2862 dedi
1161 2805 1263 2890 iocum
1285 2807 1392 2881 populo
1407 2824 1473 2866 meo
1496 2807 1586 2866 isreel
1603 2825 1612 2865 t
1627 2808 1816 2883 plantabitur,

994 2884 1023 2937 et
1037 2878 1183 2934 habitabit
1197 2878 1227 2934 in
1242 2894 1287 2947 eo,
1300 2884 1330 2935 et
1344 2879 1422 2937 nitra
1438 2896 1496 2937 oon
1510 2880 1770 2939 commovebitur:

1032 2951 1090 3008 llee
1105 2949 1157 3005 tilii
1174 2949 1341 3022 iniquilatis
1361 2957 1488 3009 atterent
1505 2969 1568 3024 eos,
1584 2953 1668 3010 sicut
1682 2969 1700 3009 a
1736 2952 1818 3009 riucl·

1017 3021 1055 3088 io,
1071 3037 1104 3077 ex
1131 3021 1236 3077 diebus
1259 3023 1366 3093 quibus
1392 3023 1458 3079 dedi
1484 3023 1605 3095 judices
1634 2970 1819 3099 popuiomeo

1031 3163 1181 3247 annuntio
1202 3181 1270 3248 ergo
1295 3165 1359 3236 tibi,
1376 3165 1452 3239 quod
1477 3167 1683 3226 aedificaturus
1708 3168 1750 3226 ait
1770 3166 1816 3223 de·

996 3252 1077 3294 mum
1093 3236 1144 3292 tibi
1160 3241 1304 3293 Dominus
1320 3252 1327 3291 :

1031 3312 1162 3378 cumque
1176 3306 1343 3380 impleveris
1358 3307 1420 3367 dies
1435 3316 1512 3378 tuos,
1523 3312 1557 3366 ut
1568 3311 1665 3367 vadas
1677 3310 1715 3367 ad
1727 3312 1815 3382 petrei

995 3383 1073 3450 tuos,
1088 3379 1238 3436 suscitabo
1261 3395 1360 3437 semen
1375 3386 1459 3438 tuum
1473 3387 1540 3455 post
1554 3386 1594 3451 te,
1612 3382 1695 3455 quod
1719 3381 1772 3440 erit
1784 3381 1814 3437 ds

996 3450 1066 3508 liliis
1081 3449 1152 3516 tuis,
1167 3455 1196 3506 et
1209 3451 1356 3508 stabiliam
1373 3468 1496 3526 regnum
1512 3454 1591 3525 ejus.

1031 3525 1098 3595 ipse
1112 3521 1268 3605 edillcabil
1287 3522 1360 3579 mibi
1382 3525 1513 3595 domum,
1528 3531 1557 3582 et
1571 3524 1704 3583 firmabo
1717 3524 1812 3583 aelian

995 3594 1061 3666 ejus
1077 3609 1171 3665 usquc
1185 3610 1215 3650 in
1230 3602 1382 3652 eternum.

1031 3666 1089 3738 ligo
1104 3681 1153 3747 ero
1167 3665 1194 3721 e'i
1208 3666 1238 3722 in
1255 3670 1378 3738 patrem,
1390 3671 1419 3725 et
1431 3666 1495 3740 ipse
1507 3666 1562 3725 erit
1575 3667 1653 3724 mihi
1669 3668 1700 3726 in
1716 3667 1812 3731 lilium

995 3740 1025 3794 el
1039 3736 1270 3795 misericordiam
1286 3754 1382 3795 meam
1401 3755 1460 3796 non
1475 3740 1612 3797 nutarem
1628 3740 1666 3798 ab
1681 3755 1729 3807 sc,
1749 3739 1814 3796 sicot

995 3807 1106 3866 abstuli
1120 3807 1157 3864 ab
1173 3823 1206 3865 eo
1222 3809 1273 3883 qui
1290 3814 1358 3868 sote
1371 3810 1480 3868 tatuit.

1031 3880 1066 3937 iit
1079 3883 1207 3937 statuam
1222 3897 1290 3938 eum
1306 3882 1337 3938 in
1352 3882 1440 3939 domo
1457 3897 1533 3948 msa,
1547 3883 1578 3938 et
1591 3880 1625 3938 in
1640 3898 1735 3957 regno
1748 3896 1813 3950 mco,

996 3968 1091 4036 usque
1115 3952 1145 4006 in
1165 3952 1383 4037 ,sempiternum
1401 3953 1688 4027 :etthronus1ejus
1709 3955 1765 4013 erit
1776 3953 1815 4010 iii·

996 4029 1429 4180 nissffiugffleffiuzim'
1445 4102 1472 4153 et
1486 4095 1570 4151 'uxta
1593 4097 1769 4154 universam
1781 4094 1816 4152 ri·

996 4183 1109 4223 sionem
1124 4171 1224 4235 istam,
1240 4183 1283 4223 sic
1295 4165 1411 4225 loeutus
1426 4172 1471 4224 eet
1481 4111 1607 4226 ilathan
1623 4168 1662 4225 ad
1678 4168 1780 4226 Dauid.

1031 4241 1162 4310 cumque
1182 4237 1310 4297 venisset
1335 4255 1385 4296 rex
1408 4237 1510 4308 David,
1525 4244 1556 4296 et
1571 4240 1709 4298 aedisset
1729 4253 1817 4298 coram

996 4309 1131 4377 Domino,
1147 4308 1220 4366 dixit
1236 4325 1243 4367 :

1031 4380 1103 4445 Quis
1117 4398 1169 4452 epo
1179 4397 1258 4447 sum,
1271 4380 1392 4438 Domine
1405 4382 1493 4451 Deus,
1505 4385 1535 4439 et
1544 4397 1615 4456 que
1626 4382 1739 4441 domus
1753 4398 1817 4451 mea,

156 4454 245 4511 Porro
260 4453 439 4518 Obededom,
450 4455 480 4509 et
492 4451 595 4508 iratres
610 4451 674 4521 ejus
690 4447 840 4522 sexaginte
854 4452 940 4505 octo:
957 4431 980 4497 D
997 4455 1030 4508 ut
1050 4462 1202 4524 prestares
1219 4451 1291 4508 mihi
1306 4451 1402 4510 telie‘l

156 4526 370 4612 litobuededom
395 4524 489 4581 lliiom
510 4522 638 4592 idithun,
661 4527 690 4579 at
704 4527 764 4578 Ass
786 4519 941 4578 constituit

155 4603 360 4724 Sniiaiilcltgiiigm
384 4667 576 4733 sacerdotem,
592 4669 621 4721 et
636 4665 742 4721 iratres
757 4663 823 4735 eius
843 4677 941 4720 sacer·

121 4740 214 4805 dotes,
230 4754 327 4795 coram
342 4737 530 4796 tabernaculo
547 4736 660 4794 Domini
681 4737 710 4792 in
726 4732 849 4806 excelso,
862 4731 939 4808 quod

120 4812 226 4869 eratin
242 4810 358 4866 Gshson
376 4826 382 4863 :

156 4885 193 4940 Ut
206 4883 328 4939 elicient
343 4880 511 4937 holocausta
536 4879 660 4937 Domino
676 4890 766 4949 super
778 4875 870 4935 altere
885 4875 940 4933 ho·

118 4952 323 5012 ioeeutonistis
341 4951 462 5024 jugiter,
479 4969 565 5008 mane
580 4960 607 5008 et
619 4965 748 5022 vespere,
770 4948 857 5020 juxta
878 4965 940 5005 om·

119 5028 247 5111 nisque
263 5024 373 5109 scripta
394 5028 464 5080 sunt
478 5024 507 5079 in
522 5024 585 5097 lege
608 5021 736 5090 Domini,
752 5036 846 5103 quern
867 5037 941 5094 pre·

119 5109 193 5227 widi
204 5097 351 5245 gggzeggm
374 5168 478 5234 Emer,
493 5168 523 5222 et
538 5165 680 5235 idithum,
694 5167 724 5221 et
738 5161 867 5290 relizoos
882 5163 941 5221 ele·

119 5247 180 5300 ctos
196 5255 437 5313 unumquemque
451 5237 594 5294 vocabulo
609 5253 662 5294 suo
684 5237 720 5293 ed
741 5251 794 5291 con
819 5236 940 5293 teudmn

155 5385 233 5442 ¹iiic
249 5383 380 5455 psalmus
404 5384 449 5438 est
471 5397 536 5437 xcvi
560 5380 590 5436 iii
612 5377 751 5435 Psslterio
772 5377 858 5462 juxta
882 5377 940 5435 iic-

118 5457 241 5514 hreum.
258 5455 369 5512 Passim
382 5469 450 5509 vero
464 5453 551 5509 etiam
567 5452 622 5508 iste
635 5451 672 5506 ab
686 5465 823 5533 superius
834 5466 941 5507 excusa

118 5530 183 5600 ejus
197 5523 437 5600 interpretatione
460 5524 686 5596 Hieronymiene
708 5521 866 5578 discordat.
883 5522 939 5578 Sed

118 5605 145 5657 st
162 5601 300 5656 Hebraeus
315 5598 471 5668 utriusque
498 5595 564 5652 libri
578 5598 676 5650 textos
698 5593 802 5663 veriet,
818 5592 868 5666 qui
884 5592 939 5650 cri·

120 5671 169 5729 tici
185 5670 250 5726 ioca
263 5671 428 5726 observant.

157 5739 372 5814 'Manuseripti
396 5739 519 5812 aliquot,
543 5738 627 5796 Amen
653 5744 679 5794 et
703 5734 822 5810 hymnus
843 5752 861 5793 o
885 5736 939 5795 Do·

996 4594 1002 4606 .
1029 4525 1084 4579 Sed
1100 4529 1129 4580 et
1150 4523 1205 4581 hoc
1230 4540 1335 4597 perum
1354 4524 1450 4580 visum
1465 4528 1511 4580 est
1526 4523 1557 4580 in
1574 4531 1743 4609 conspecto
1765 4530 1816 4608 inu,

995 4594 1248 4724 ideioqlililergplcotus
1271 4611 1303 4653 es
1327 4611 1418 4669 super
1436 4596 1559 4653 domum
1577 4613 1660 4654 servi
1680 4599 1726 4656 tui
1740 4601 1816 4655 etiam

995 4682 1235 4865 &sisennius
1250 4737 1440 4812 spectabilem
1455 4753 1547 4812 super
1556 4755 1670 4798 omnes
1685 4738 1816 4804 homines,

1021 4811 1318 4946 otiiiiiieuiterissddere
1334 4884 1431 4955 potest
1444 4879 1550 4948 David,
1566 4897 1639 4939 coin
1656 4882 1701 4940 ila
1719 4876 1815 4956 glorili

995 4954 1106 5010 caveris
1122 4970 1238 5010 servum
1254 4957 1351 5022 tuum,
1366 4956 1396 5009 et
1409 4952 1584 5026 cognoveris
1600 4954 1700 5011 sumi

1031 5025 1165 5094 Domine,
1183 5029 1301 5098 propter
1315 5022 1459 5081 famulum
1473 5031 1561 5081 tuum
1574 5025 1667 5098 juxta
1681 5041 1734 5083 cor
1746 5027 1815 5079 tunm

995 5093 1087 5152 iecisti
1104 5113 1221 5153 omnem
1249 5096 1500 5168 mugniticentism
1513 5095 1607 5166 hane,
1623 5102 1658 5154 et
1682 5101 1752 5154 note
1764 5104 1815 5151 esst

993 5167 1113 5225 voluisti
1130 5167 1266 5225 universe
1285 5165 1441 5252 magnalia.
1488 5237 1495 5251 ·
1779 5235 1786 5248 .

1030 5239 1162 5311 Domine,
1177 5257 1235 5297 non
1255 5243 1301 5296 est
1323 5237 1430 5296 similis
1453 5242 1513 5306 tui;
1539 5243 1571 5295 et
1594 5255 1661 5297 non
1686 5242 1732 5298 ast
1753 5236 1813 5295 alios

993 5397 1080 5437 mino.

994 5453 1131 5510 Conlerat
1143 5451 1235 5508 lector
1249 5452 1399 5509 studiosus
1434 5450 1567 5509 ssimum
1584 5451 1684 5524 hujus
1695 5452 1749 5511 loci
1760 5461 1810 5508 eon

992 5524 1097 5583 eodem
1119 5524 1249 5589 (lentico.
1266 5524 1343 5596 quod
1367 5521 1397 5578 in
1443 5521 1564 5581 salterio
1590 5530 1810 5585 numeratum,

994 5601 1024 5653 et
1038 5595 1143 5652 deinde
1157 5611 1224 5652 cum
1235 5612 1300 5653 xcvi
1313 5595 1442 5652 inveniet
1476 5594 1590 5655 retecto
1599 5596 1703 5654 multa
1715 5597 1811 5652 diros

994 5671 1054 5798 iim
1075 5669 1105 5723 in
1129 5667 1373 5741 hebraismum
1398 5665 1428 5723 io
1451 5610 1570 5727 [siluis
1593 5666 1809 5745 exemptantur·

1024 5755 1089 5797 aar.
