3878 6150
745 725 1232 871 PRAEFATIO.

168 1502 338 1562 Hebraeum
368 1502 537 1573 Cauonem,
568 1517 621 1560 seu
649 1499 769 1560 Veteris
795 1499 989 1560 Testamenti
1013 1498 1188 1560 versionem
1218 1517 1255 1560 ex
1285 1498 1417 1560 Hebraee
1445 1497 1634 1560 adornatam
1653 1497 1839 1563 aberuso·

124 1618 223 1670 mue,
241 1619 312 1679 quae
326 1599 470 1660 laborum
488 1597 556 1678 ejus
572 1617 608 1659 ac
623 1597 801 1677 vigiliarum
817 1597 910 1675 longe
925 1596 1120 1657 nobilissima
1135 1616 1209 1677 pore
1225 1602 1283 1671 est,
1300 1614 1401 1676 eaque
1415 1597 1537 1657 caeteris
1553 1595 1661 1657 utilior
1674 1598 1835 1669 omnibus,
1920 1596 1923 1601 ’

126 1707 218 1761 tomo
234 1700 295 1759 isto
311 1716 441 1777 operum
456 1697 523 1776 ejus
538 1714 622 1756 nono
638 1695 888 1775 complectimur.
905 1696 966 1756 Sed
982 1700 1152 1774 antequam
1169 1696 1238 1757 dico
1255 1695 1330 1774 quid
1345 1696 1426 1756 istuc
1441 1694 1485 1755 rei
1500 1694 1549 1769 sit,
1566 1695 1682 1774 quidve
1693 1695 1838 1776 proposi-

127 1805 196 1856 tum
232 1796 323 1855 uobis
350 1796 382 1855 in
411 1795 472 1854 hac
499 1794 683 1854 adornanda
694 1793 855 1873 provincie
870 1794 964 1855 luerit
978 1799 1034 1854 aut
1047 1794 1236 1873 praestitum,
1262 1793 1388 1854 lectoris
1402 1794 1657 1873 praeoccupanda
1672 1799 1744 1854 sunt
1757 1793 1836 1855 mihi

124 1894 260 1974 judicia,
279 1900 309 1954 ct
323 1911 418 1970 quam
436 1890 527 1952 laeile
543 1891 645 1952 dicem
659 1891 848 1970 impingeret
862 1891 1033 1970 diligentiae
1049 1897 1175 1963 nostra,
1192 1891 1400 1968 praecavenda
1416 1889 1537 1963 sedulo,
1565 1896 1596 1951 et
1623 1890 1833 1970 deprecanda.

129 1996 245 2070 Neque
274 1991 357 2051 enim
386 1990 496 2050 dubito
524 1990 590 2049 lore
605 1988 783 2068 plerosque,
814 1994 926 2050 catera
942 2007 1000 2050 nec
1016 1989 1115 2050 malos
1140 1988 1293 2066 homiues,
1310 2006 1368 2050 nee
1384 1987 1560 2049 divinarum
1584 2006 1713 2067 prorsus
1727 2006 1831 2050 rerum

134 2091 275 2168 ignaros,
293 2089 348 2167 qui
366 2088 450 2148 hune
464 2087 604 2148 laborem
621 2087 723 2167 primo
738 2088 843 2147 statim
858 2087 972 2147 iutuitu
990 2085 1073 2160 libri,
1090 2086 1264 2147 autminus
1282 2086 1400 2160 utilem,
1423 2092 1478 2146 aut
1506 2091 1588 2146 certe
1616 2086 1835 2166 Hieronymia-

136 2207 251 2247 narum
268 2187 473 2265 scriptionum
491 2185 674 2246 Collectioui
690 2204 751 2246 non
767 2185 998 2245 adcensendum
1011 2183 1164 2265 judicent,
1183 2203 1254 2244 cum
1270 2184 1482 2264 perfunctorie
1502 2183 1643 2244 animum
1672 2184 1839 2246 adverten-

136 2292 194 2358 tes,
212 2285 322 2344 eadem
338 2301 408 2362 quae
424 2283 455 2341 in
470 2282 606 2360 Vulgata
623 2282 730 2341 Latina
746 2282 886 2342 versione
901 2283 1102 2343 continentur
1117 2281 1167 2341 hie
1182 2280 1297 2359 legent,
1314 2281 1460 2360 hancque
1476 2281 1516 2341 ab
1531 2280 1585 2342 illa
1597 2280 1733 2342 editione
1760 2280 1841 2343 nihil

136 2381 370 2462 propemodum
387 2379 513 2440 differre
529 2379 764 2440 existimabunt.
781 2383 880 2440 Porro
896 2398 1178 2459 supervacaneum,
1195 2384 1251 2440 aut
1264 2380 1303 2440 ad
1329 2380 1531 2460 querendam
1561 2378 1744 2440 Gollcctioni
1772 2397 1840 2440 mo·

137 2481 198 2540 lem
215 2480 394 2538 institutum
411 2478 579 2556 putabunt,
597 2495 666 2537 eam
683 2477 777 2537 modo
794 2477 1047 2556 Hieronymiauis
1071 2478 1195 2556 scriptis
1223 2484 1402 2550 annectere,
1431 2496 1502 2556 quae
1531 2476 1603 2538 licet
1631 2494 1670 2537 ex
1694 2477 1842 2538 omnibus

136 2579 258 2640 Latinis
272 2595 434 2638 sacrarum
449 2576 683 2654 Scripturarum
700 2576 1014 2656 interpretationibus
1028 2577 1162 2655 probata
1181 2595 1243 2637 uun
1258 2576 1309 2651 sit,
1340 2581 1524 2638 caeterarum
1549 2575 1672 2655 optima
1701 2595 1738 2638 ac
1767 2576 1844 2639 lide·

136 2677 269 2749 lissima,
283 2675 324 2736 sit
337 2675 433 2736 etiam
448 2692 543 2753 quam
560 2673 616 2753 qui
632 2675 767 2736 maxime
783 2675 938 2754 genuinus
956 2675 1191 2754 Hieronymieni
1207 2675 1287 2736 letus
1301 2675 1430 2753 ingenii,
1449 2693 1566 2753 exque
1590 2674 1747 2754 interpres
1776 2691 1846 2734 om·

138 2775 225 2834 nium
244 2779 386 2847 aetatum,
404 2772 568 2850 omnisque
585 2772 745 2833 memoriae
761 2773 854 2850 louge
869 2772 1069 2834 doctissimus
1084 2773 1203 2834 audiit:
1222 2779 1286 2834 tum
1302 2773 1346 2833 ita
1361 2790 1489 2851 quoque
1507 2770 1695 2851 pervulgata
1715 2770 1771 2831 illa
1799 2775 1847 2832 est

140 2879 237 2950 atque
254 2870 360 2942 obvia,
378 2869 481 2940 toties,
499 2875 608 2948 totque
623 2869 711 2941 locis,
727 2876 775 2931 tot
788 2870 908 2941 lormis,
927 2875 1056 2948 tamque
1070 2869 1165 2929 variis
1185 2869 1251 2948 jam
1268 2869 1340 2930 inde
1369 2869 1409 2929 ab
1436 2869 1566 2929 inventa
1592 2872 1660 2928 arte
1689 2873 1845 2947 typogra÷

141 2970 249 3048 phion,
269 2967 369 3028 multo
385 2972 490 3027 autem
507 2966 606 3044 magis
619 2973 691 3046 post
704 2967 895 3028 Tridentinae
913 2966 1025 3046 synodi
1040 2966 1200 3027 decretum
1218 2983 1338 3040 recusa,
1355 2970 1479 3036 oruata,
1506 2971 1602 3044 atque
1631 2965 1786 3045 exposita,
1811 2969 1847 3026 ut

90 3086 93 3139 ι
140 3086 212 3127 vere
228 3064 440 3125 bibliothecas
456 3064 539 3124 orbis
554 3064 742 3144 impleverit,
761 3065 864 3143 sitque
878 3064 915 3124 iis
930 3065 1025 3125 etiam
1040 3063 1248 3143 inpromptu,
1263 3063 1318 3142 qui
1332 3063 1427 3123 aliem
1443 3061 1538 3142 plane
1551 3079 1647 3143 quam
1663 3061 1694 3122 in
1716 3079 1847 3123 versan-

91 3228 94 3253 Ι
141 3163 186 3221 dis
201 3163 293 3222 libris
309 3161 378 3220 vitae
390 3160 543 3220 rationem
559 3159 773 3222 instituerunt.
791 3163 857 3221 Nos
870 3161 941 3239 ipsi,
958 3160 1042 3239 qnod
1059 3161 1187 3220 minime
1202 3159 1385 3233 diffitemur,
1405 3176 1476 3220 cum
1488 3165 1561 3220 aute
1576 3159 1637 3219 hoe
1648 3159 1745 3219 lerme
1756 3159 1848 3239 quin·

91 3266 96 3337 l
141 3260 316 3337 quenninm
333 3276 446 3319 novam
462 3257 544 3317 hane
559 3275 690 3337 operum
708 3257 1023 3337 Hieronymiauorum
1035 3257 1207 3319 editionem
1223 3257 1329 3317 animo
1345 3256 1538 3330 moliremur,
1565 3255 1618 3316 diu
1649 3255 1848 3336 multumque

91 3348 95 3397 ἶ
140 3358 369 3432 dubitavimus,
385 3373 488 3416 nume
503 3374 536 3415 re
552 3361 659 3416 nostra
674 3361 729 3416 aut
743 3357 895 3416 lectorum
912 3359 1003 3427 esset,
1020 3373 1090 3416 eam
1107 3355 1293 3430 versionem,
1310 3355 1436 3415 tametsi
1451 3354 1572 3433 pridem
1589 3373 1607 3414 a
1634 3354 1848 3415 Benedictinis

92 3430 96 3471 ⁹
142 3454 318 3515 editoribus
335 3453 450 3512 nedum
464 3451 621 3531 junctam,
637 3453 691 3513 sed
707 3452 764 3512 toti
779 3452 955 3512 collectioni
973 3453 1185 3532 prepositum,
1205 3452 1358 3513 retinere:
1375 3457 1406 3513 ct
1431 3469 1503 3512 cum
1531 3451 1632 3512 multa
1657 3453 1761 3513 animo
1791 3453 1848 3513 ob·

92 3554 96 3631 j
141 3559 357 3623 versarentur,
375 3550 454 3610 illud
469 3550 655 3630 cumprimis
669 3550 820 3611 sollicitos
836 3568 893 3611 nos
909 3550 1057 3621 habebat,
1074 3557 1160 3611 utne
1176 3556 1281 3611 actum
1299 3568 1393 3629 agere
1409 3550 1600 3623 videremur,
1617 3557 1712 3629 atque
1734 3551 1766 3610 in
1796 3568 1850 3611 eo·

93 3650 96 3665 '
142 3669 224 3720 rum,
244 3667 324 3728 riuos
340 3648 409 3708 haee
423 3648 482 3708 lert
498 3655 585 3716 atas,
603 3648 712 3708 vitium
728 3648 877 3720 incidere,
895 3648 948 3726 qui
963 3665 1019 3727 per
1034 3648 1214 3709 chartarum
1231 3648 1372 3728 plaustra
1389 3647 1428 3707 ad
1458 3647 1730 3709 immortalitatem
1760 3666 1849 3727 gras-

92 3754 96 3767 '
142 3754 267 3808 santur.
287 3752 330 3806 Ae
345 3746 410 3806 lere
427 3746 623 3824 propositum
638 3746 753 3817 luerat,
770 3745 853 3806 solas
868 3746 1026 3806 variantes
1042 3745 1203 3819 lectiones,
1221 3763 1300 3825 quas
1315 3752 1434 3806 veteres
1461 3762 1534 3805 mss.
1564 3744 1636 3804 libri
1664 3745 1848 3825 suppedita-
1927 3796 1932 3801 .

91 3862 96 3923 ς
143 3845 232 3918 baut,
250 3844 284 3903 in
300 3862 397 3903 uuum
413 3843 572 3921 colligere,
589 3861 706 3923 easque
722 3844 831 3922 paucis
846 3843 1104 3904 adnotationibus
1119 3844 1158 3905 de
1178 3861 1264 3904 more
1292 3843 1450 3922 expositas
1479 3860 1551 3903 cum
1578 3841 1698 3922 duplici
1726 3842 1846 3902 Psalte·

143 3944 201 4005 rio.
220 3942 355 4020 aliisque
371 3939 518 4000 nonnulis
533 3940 621 4000 libris
635 3940 734 4019 quiin
751 3940 886 4019 Vulgata
901 3958 963 4001 non
979 3940 1147 4017 habentur,
1164 3941 1417 4020 llieronymianis
1431 3958 1591 4020 apponere
1605 3946 1636 4000 et
1650 3940 1791 4019 prolerre
1814 3940 1847 4000 in

92 4048 95 4053 '
144 4041 262 4100 lucem.
280 4040 394 4098 Verum
412 4056 482 4098 cum
497 4041 529 4098 in
545 4038 692 4098 editionis
708 4045 944 4118 pmgrammate
959 4037 1019 4100 hac
1033 4038 1103 4118 ipsa
1118 4039 1156 4098 de
1172 4057 1205 4099 re
1222 4038 1385 4099 Publicum
1398 4044 1428 4098 et
1441 4037 1639 4097 doctissimos
1653 4054 1795 4115 quosque
1810 4055 1850 4098 ex

92 4138 97 4193 l
144 4137 235 4196 omni
251 4135 352 4207 ltalia,
369 4134 451 4193 datis
466 4134 589 4207 litteris,
607 4134 853 4208 consuleremus,
871 4153 907 4194 ea
921 4134 979 4195 fuit
995 4153 1059 4196 una
1073 4135 1216 4196 omnium
1232 4135 1389 4195 sententia
1404 4134 1443 4194 de
1472 4133 1618 4194 universo
1648 4151 1743 4213 opere
1770 4134 1851 4196 serie

94 4226 100 4235 '
144 4235 271 4310 integra
300 4229 493 4303 recedendo,
526 4237 559 4290 ut
583 4231 698 4309 quibus
727 4230 819 4291 aliter
845 4231 944 4291 videri
961 4237 1076 4311 posset,
1094 4232 1245 4311 palmaris
1261 4231 1369 4291 isthaec
1385 4230 1545 4309 responsio
1560 4231 1619 4291 sit:
1650 4231 1854 4310 Nospublico

142 4331 267 4408 judicio
285 4329 352 4398 niti,
369 4332 400 4386 et
429 4327 499 4406 plus
528 4328 622 4389 malle
657 4327 823 4390 doctorum
852 4328 1016 4389 hominnm
1034 4329 1193 4407 sullragiis
1208 4328 1357 4402 tribuere,
1376 4346 1471 4406 quam
1487 4345 1609 4398 eorum,
1626 4328 1652 4388 si
1668 4328 1723 4407 qui
1737 4334 1854 4401 essent,

94 4430 103 4489 i
146 4432 198 4507 qui
231 4427 315 4485 haue
343 4443 413 4485 eum
443 4424 578 4502 Vulgata
607 4425 843 4486 similitudinem
873 4432 1092 4499 causarentur,
1120 4426 1273 4486 socordiae
1289 4425 1546 4487 concederesed
1562 4426 1688 4485 luerunt
1703 4432 1856 4505 practerea

146 4523 356 4602 gravissimae,
388 4540 458 4600 quae
486 4522 526 4582 ad
555 4521 638 4582 hanc
667 4541 716 4584 me
731 4541 859 4601 operam
890 4542 993 4584 causae
1023 4523 1154 4584 invitum
1186 4524 1283 4584 lerme
1311 4522 1664 4601 adduxerunt,quaset
1689 4523 1854 4584 cordatum

148 4637 374 4700 quemcunque
388 4618 536 4679 lectorem
552 4619 743 4697 persuadere
758 4638 850 4698 posse
865 4639 928 4681 non
942 4621 1067 4681 dubito.

97 4790 106 4817 δ
189 4721 230 4779 Et
245 4735 320 4776 vcro
336 4735 399 4776 nou
415 4715 482 4776 baec
497 4734 554 4777 nos
569 4717 707 4795 primum
722 4718 761 4778 ad
777 4719 954 4797 aagendam
971 4717 1042 4779 libri
1061 4719 1175 4780 molem
1192 4718 1397 4791 accrevimus,
1415 4717 1469 4778 sed
1486 4718 1525 4778 ab
1555 4716 1729 4778 editoribus
1756 4720 1856 4777 Bene-

100 4830 104 4883 :
149 4813 281 4873 diutinis
309 4811 461 4890 adjuncta
489 4817 562 4872 sunt
586 4813 708 4892 pridem
737 4813 1053 4893 Hieronymiauorum
1084 4833 1214 4893 operum
1247 4814 1389 4890 editioni,
1407 4814 1471 4874 imo
1493 4820 1560 4875 tota
1573 4815 1735 4893 auspicato
1751 4813 1791 4873 ab
1807 4812 1855 4873 his

150 4915 282 4988 incepta
295 4908 445 4973 Collectio
460 4915 519 4982 est,
536 4915 646 4988 utpote
660 4910 701 4970 ab
716 4912 859 4972 omnium
875 4911 1070 4972 nobilissima
1085 4911 1341 4972 lucubrationum
1358 4929 1466 4971 earum
1483 4917 1583 4990 parte.
1600 4915 1666 4972 Nos
1694 4911 1774 4971 adeo
1803 4910 1857 4990 qui

103 5020 106 5095 j
153 5014 271 5078 tetum,
291 5013 324 5066 ut
350 5008 394 5067 ita
420 5007 534 5083 dicem,
565 5007 770 5087 scriptionum
799 5008 1118 5087 Hieronymiauorum
1136 5009 1243 5070 orbem
1261 5007 1354 5087 primi
1371 5007 1621 5087 complectimur,
1639 5013 1671 5068 ct
1684 5026 1755 5086 quoe
1773 5006 1858 5067 haud

103 5098 109 5183 l
153 5125 230 5166 sane
262 5122 365 5183 pauca
392 5104 513 5182 pridem
544 5105 816 5179 desiderabantur,
847 5106 1042 5167 monimenta
1071 5105 1266 5184 collegimus,
1297 5110 1331 5164 ut
1359 5104 1428 5165 haec
1457 5105 1583 5166 demum
1615 5106 1738 5184 integra
1766 5109 1862 5182 atque

151 5202 300 5263 absoluta
329 5200 425 5260 editio
453 5201 585 5279 prodest
614 5202 644 5263 in
674 5203 848 5281 publicum,
879 5204 957 5263 siea
986 5211 1075 5282 parte
1091 5221 1267 5274 careamus,
1295 5221 1366 5281 quoe
1381 5203 1496 5263 veteris
1511 5203 1657 5264 editionis
1673 5203 1729 5264 luit
1746 5200 1859 5280 potior,

106 5322 110 5369 t
147 5301 215 5378 jam
248 5316 313 5359 nou
341 5297 468 5358 auxisse
496 5316 552 5376 pro
577 5317 675 5372 more,
706 5299 760 5360 sed
789 5299 925 5377 priorem
956 5300 1060 5379 operis
1075 5299 1260 5377 dignitatem
1284 5298 1491 5372 imminuisse,
1509 5300 1661 5360 dicemur.
1678 5303 1740 5359 Suo
1757 5302 1862 5356 eutem

152 5398 220 5475 inre
250 5401 407 5475 quantum
436 5394 614 5470 decesserit,
645 5397 742 5457 homo
771 5398 809 5457 ad
839 5398 1028 5474 elegantiam
1058 5398 1202 5457 excultus
1231 5396 1413 5470 desideret;
1446 5416 1519 5458 uam
1545 5416 1615 5460 eum
1647 5397 1784 5476 primum
1808 5394 1865 5455 illa

151 5496 273 5575 prodiit
288 5493 448 5565 inlunem,
467 5493 606 5555 litterato
621 5495 703 5568 orbi,
719 5496 744 5556 si
761 5512 858 5556 unum
875 5495 1044 5557 Ricardum
1060 5495 1236 5556 simonium
1254 5494 1403 5574 excipias,
1434 5496 1653 5575 acceptissima
1679 5491 1864 5572 cumprimis

152 5597 221 5666 luit,
242 5585 309 5653 non
324 5593 472 5652 casulum
489 5591 527 5651 de
543 5610 649 5666 causa,
671 5594 754 5674 quod
770 5612 866 5671 supra
884 5599 1014 5655 caeteros
1029 5593 1096 5673 ojus
1110 5592 1261 5655 editionis
1290 5599 1394 5655 tomos
1421 5592 1658 5674 diligentissime
1686 5590 1861 5667 eleborata,

235 5811 297 5878 λ
321 5727 453 5788 Piraei.
476 5727 609 5790 XXVlll.
678 5773 683 5781 .
1688 5733 1709 5790 t

156 5853 251 6025 ’,ἃ
