3870 6120
106 216 177 274 tolo

178 340 276 415 gladio
291 339 398 396 eadent
415 356 422 395 ε

145 412 254 472 residui
269 417 367 468 autem
382 410 412 465 iu
428 425 545 467 omnem
560 413 683 467 ventum
697 408 928 482 dispergantur:

146 494 173 543 et
182 484 281 542 scietis
296 484 364 555 quia
379 498 432 554 ego
448 480 592 538 Dominus
607 480 722 538 locutus
736 497 812 538 som.

109 559 174 615 Hae
189 555 257 611 dicit
272 555 417 611 Dominus
434 554 510 609 Deus·
525 569 532 608 :

107 634 270 686 strumam
285 643 338 699 ego
354 626 389 681 de
401 625 530 683 medulla
544 623 623 680 cedri
632 622 811 694 sublimis,et
822 639 929 696 ponam

143 701 178 755 do
189 698 296 753 vertice
312 712 458 753 remorum
475 697 540 768 ejus
553 700 689 752 tenerum
704 695 893 778 distringam,

622 215 643 267 S
672 204 877 269 menonvalt
895 214 1022 269 utvlnn
1039 212 1290 273 sistrorfflcca

944 340 972 406 A
987 336 1021 394 itt
1035 353 1154 393 uxorem
1170 337 1295 409 proximi
1310 336 1357 395 sui
1373 353 1432 394 non
1447 335 1603 395 violaverit
1621 352 1630 393 ε

985 412 1020 466 nt
1032 409 1128 464 virum
1143 426 1200 465 non
1218 409 1443 475 contristaverit,

1021 479 1130 553 pignus
1146 498 1203 537 nan
1220 482 1383 553 retinuerit,

1021 557 1051 607 et
1070 552 1203 624 rapinam
1220 569 1277 609 non
1299 552 1438 625 rapuerit,

984 622 1090 679 Panem
1107 640 1194 679 suum
1215 624 1356 682 esurienti
1376 624 1500 690 dederit,

1019 699 1049 751 et
1063 695 1175 750 nudum
1192 696 1340 768 operuerit
1353 695 1542 760 vestimento,

143 778 171 828 et
187 770 323 842 plantabo
339 785 428 841 super
445 773 576 824 montem
591 767 739 824 excelsum
755 772 784 823 et
797 782 930 823 emmen-
984 771 1006 820 A
1024 769 1162 838 pauperis
1183 767 1292 838 injuria
1308 767 1444 824 uvertmit
1458 784 1585 823 manum
1599 784 1703 837 suam,

109 916 139 972 ln
157 846 256 970 mtgffie
271 910 392 967 sublimi
408 908 497 966 lsrael
513 908 651 982 plantabo
672 907 756 974 illud,

145 991 173 1042 et
187 985 361 1055 erumpatin
377 998 507 1055 germen,
522 986 551 1037 et
567 981 653 1037 locist
667 981 808 1052 fructum,

144 1065 173 1113 et
185 1058 239 1113 erit
252 1058 281 1111 in
298 1056 417 1111 cedrum
434 1069 571 1126 magnam
588 1069 595 1108 :

111 1131 144 1185 lit
156 1128 331 1185 babitabant
345 1126 400 1182 sub
415 1142 449 1180 ea
464 1140 566 1181 omnes
581 1123 725 1190 volueres,

1019 855 1141 894 usuram
1157 843 1186 894 et
1201 838 1503 909 superabundantiam
1519 855 1581 896 uon
1598 842 1757 912 acceperit,

1018 910 1129 991 judicia
1145 926 1210 993 mea
1226 910 1334 968 iecerit.

1021 998 1049 1037 vn
1067 987 1219 1054 praeceptis
1235 983 1307 1038 meis
1323 984 1520 1043 ambulaverit
1537 1002 1545 1041 :

983 1053 1037 1108 Hic
1052 1070 1109 1108 non
1127 1054 1268 1110 morietur
1282 1055 1312 1109 in
1324 1056 1479 1129 iniquitate
1503 1055 1598 1129 patris
1622 1054 1671 1113 sui
1694 1056 1741 1112 sed
1755 1057 1803 1111 vite

1023 1124 1111 1180 vivet.

147 1206 177 1257 et
193 1200 363 1255 uuiversum
376 1194 491 1254 volatile
506 1196 561 1252 sub
576 1195 681 1251 umbra
697 1194 845 1251 frondium
865 1195 929 1265 ejus
984 1194 1069 1252 Pater
1082 1197 1147 1265 eiua
1163 1197 1233 1268 quia
1256 1197 1311 1266 (Al.
1326 1198 1390 1269 qui)
1413 1198 1616 1255 calumniatus
1637 1205 1693 1267 est,
1710 1201 1799 1255 etvini

186 1270 359 1334 nidificabit,

110 1346 145 1399 Et
160 1343 253 1398 scient
268 1340 368 1397 omnio
381 1339 463 1410 ligna
478 1336 616 1412 regionis,

146 1415 216 1486 quia
231 1430 284 1485 ego
301 1411 441 1468 Dominus
456 1408 610 1466 humiliavi
627 1408 739 1480 lignum
755 1407 893 1477 sublima,

146 1493 174 1543 et
185 1486 308 1541 exaltavi
323 1484 378 1552 (At.
395 1482 515 1551 elevavi)
530 1481 643 1554 lignum
659 1480 772 1537 humile
789 1497 796 1536 ε

110 1559 145 1614 Dt
160 1556 265 1614 siccavi
282 1556 397 1627 lignum
412 1554 515 1620 viride,

145 1635 174 1685 et
189 1629 323 1684 irondere
339 1627 391 1682 ieci
408 1626 519 1695 lignum
536 1624 662 1680 aridum.

106 1701 166 1773 Ego
181 1701 325 1757 Dominus
339 1697 456 1753 locutus
471 1713 548 1764 sum,
565 1701 594 1751 et
608 1695 673 1751 leci.

108 1774 186 1899 (ΰαῑᾶ.
202 1771 315 1843 liVlli.)
331 1771 365 1825 Et
380 1770 473 1825 lactus
489 1773 534 1824 ast
555 1782 652 1824 sermo
675 1764 794 1824 Domini
819 1766 855 1822 ad
884 1782 930 1821 me

183 1860 283 1899 veens:

1055 1268 1124 1323 iecit
1144 1266 1238 1336 tratri,

1019 1342 1048 1393 et
1064 1337 1175 1394 malum
1190 1343 1330 1421 operatus
1344 1346 1388 1397 est
1398 1342 1428 1397 in
1444 1344 1541 1399 medio
1557 1342 1663 1415 populi
1677 1343 1734 1399 sui.

987 1411 1229 1537 Eteoelieeildisshm)
1245 1418 1381 1468 mortuus
1395 1418 1441 1469 est
1455 1413 1485 1469 in
1498 1414 1661 1487 iniquitate
1677 1432 1756 1471 sua:

1020 1556 1115 1618 Quare
1130 1569 1188 1608 nou
1205 1553 1330 1624 portavit
1345 1552 1425 1611 iilius
1440 1555 1633 1629 iniquitatem
1650 1556 1760 1627 patris?

985 1623 1137 1752 Videliggt,
1149 1622 1218 1696 quia
1230 1624 1308 1680 lilius
1320 1626 1464 1696 judicium
1476 1627 1667 1700 etjustitiam
1677 1634 1792 1700 operatus

1018 1767 1280 1895 effanivaivlerraeoepm
1296 1784 1361 1824 mea
1375 1768 1544 1840 custodivit,
1561 1776 1590 1827 el
1606 1771 1677 1828 tecit
1691 1769 1747 1842 illa,

107 1916 183 1982 Quid
197 1913 329 1986 estquod
345 1914 486 1968 intervos
503 1910 672 1982 parabolam
688 1908 801 1967 vertitis
815 1907 846 1965 in
863 1925 931 1981 pro·
984 1908 1017 1967 itt
1032 1912 1143 1975 anima,
1160 1926 1223 1977 quae
1239 1910 1410 1982 peccaverit,

142 1987 274 2043 verbium
288 1985 368 2040 istud
382 1984 410 2038 ln
423 1988 499 2038 terra
515 1981 615 2049 lsrael,
632 1980 764 2037 dicentes
779 1998 786 2037 :

1018 1983 1027 2036 i
1052 1999 1084 2038 sa
1101 1981 1266 2038 morietur:

107 2064 209 2115 Patres
224 2056 416 2113 comederunt
432 2070 519 2110 uvam
535 2054 682 2117 acerbam,
693 2056 722 2107 et
735 2054 838 2108 dentes
854 2048 929 2107 lilio·
983 2053 1074 2110 Filius
1090 2069 1148 2109 non
1164 2054 1293 2124 portabit
1306 2053 1491 2125 iniquitatem
1510 2056 1617 2127 patris,

143 2147 209 2185 rum
224 2129 439 2198 obstupescunt
452 2125 508 2195 (Al.
525 2122 779 2197 obstupueruntl‘l

106 2200 179 2256 Vivo
196 2216 259 2282 ego,
276 2199 347 2255 dicit
362 2196 506 2253 Dominus
523 2197 609 2263 Deus,
869 2264 875 2277 .

143 2272 168 2355 si
184 2276 241 2328 erat
255 2271 337 2326 vobis
359 2269 438 2325 ultra
460 2264 598 2340 parabola
618 2266 681 2323 hae
695 2264 725 2321 ln
742 2263 930 2338 proverbium

109 2340 300 2471 Degelgvrnagbs
315 2411 421 2467 anima
432 2426 505 2466 maa
521 2412 592 2465 sunt
607 2425 614 2464 :

144 2491 178 2542 ut
191 2486 291 2542 animo
306 2483 408 2556 patris,
424 2483 509 2539 itaet
525 2481 623 2538 anima
640 2477 692 2534 filii
709 2494 774 2535 mea
789 2484 834 2537 est
850 2497 858 2538 ε

109 2558 224 2642 Anima,
242 2574 305 2638 qua
321 2554 494 2626 peccaverit,

109 2645 210 2756 mappa
220 2631 470 2782 gppgprqpvj.pstufl’
497 2766 504 2780 .
559 2765 565 2777 ·
583 2766 589 2778 Ι

143 2776 172 2827 et
182 2772 280 2828 iecerit
291 2770 437 2842 judicium
452 2769 651 2838 etJustitram,

107 2845 140 2899 ln
153 2842 304 2900 montibus
319 2858 377 2897 uon
393 2839 563 2903 comederit,

982 2697 1121 2754 Omnium
1138 2696 1178 2752 ini

1019 2130 1048 2182 ot
1063 2129 1144 2199 pater
1159 2141 1215 2181 non
1232 2127 1360 2198 portabit
1374 2127 1562 2210 iniquitatem
1578 2126 1656 2184 filii:

982 2196 998 2253 J
1003 2197 1103 2254 ustitia
1113 2196 1189 2267 lusti
1205 2213 1295 2268 super
1309 2214 1376 2253 eum
1401 2203 1465 2255 erit.

1018 2274 1047 2325 st
1060 2268 1196 2340 impietas
1212 2268 1296 2341 impii
1317 2271 1372 2326 erit
1387 2286 1573 2342 supereum.

981 2339 1011 2398 Si
1023 2344 1120 2397 autem
1133 2337 1244 2412 impius
1258 2341 1352 2413 egerit
1375 2342 1579 2412 poenitentiam
1611 2340 1648 2398 ab
1672 2340 1785 2398 omnibns

1053 2410 1181 2485 peccatis
1196 2411 1271 2481 suis,
1288 2428 1351 2484 quie
1372 2418 1508 2486 operatus
1521 2417 1578 2484 est,

1019 2487 1049 2539 et
1076 2481 1248 2538 custodierit
1276 2482 1374 2539 omnio
1397 2489 1540 2557 praecepta
1567 2500 1645 2554 mea,
1661 2487 1689 2541 et
1708 2484 1784 2540 locent

1049 2553 1196 2625 judicium
1213 2558 1241 2610 et
1260 2555 1405 2625 justitium
1422 2572 1430 2611 :

1017 2627 1077 2682 vita
1090 2625 1177 2696 vivet,
1194 2629 1222 2681 et
1237 2642 1294 2682 nou
1311 2627 1464 2695 morietur,

1089 2783 1121 2825 ec
1157 2695 1328 2824 dqpitatum
1343 2700 1406 2769 ejus
1424 2715 1497 2770 quas
1511 2700 1655 2771 operatua
1679 2698 1730 2766 est,
1742 2712 1786 2751 non

1074 2786 1088 2823 r
1123 2785 1156 2824 or
1178 2785 1194 2824 a
1215 2785 1248 2824 or
1267 2785 1273 2823 :

1018 2839 1047 2895 in
1058 2840 1179 2911 ¹justitia
1194 2856 1259 2906 sua,
1275 2855 1364 2912 quam
1379 2843 1519 2911 operatus
1535 2843 1594 2912 est,
1610 2841 1698 2898 vivet.

142 2912 276 2971 stocolos
289 2906 611 2968 suosnonlevavoritad
623 2906 701 2964 idola
714 2908 928 2968 domuslsrael:
982 2911 1121 2985 Nunquid
1137 2911 1296 2968 voluntatis
1311 2927 1380 2968 mee
1396 2916 1440 2967 est
1455 2928 1534 2968 mors
1550 2912 1649 2985 impii,
1665 2911 1732 2969 dicit
1744 2914 1786 2965 Do·

105 2990 140 3041 Et
154 3002 273 3042 uxorem
309 2983 413 3040 roximi
428 2982 473 3038 sui
490 2998 548 3038 non
563 2978 723 3051 violaverit,

143 3061 171 3112 et
187 3059 221 3112 ad
237 3002 388 3112 mulierem
399 3056 612 3109 menstruatam
624 3066 682 3107 uon
697 3050 853 3109 accesserit
869 3068 875 3108 :

112 3131 147 3183 itt
162 3126 312 3182 bominem
328 3143 387 3182 non
403 3121 633 3181 contristaverit:

143 3197 251 3271 pignus
267 3197 392 3254 debitori
409 3194 581 3264 reddiderit,

145 3286 196 3341 per
214 3269 272 3325 vim
290 3268 362 3324 nihil
380 3267 534 3340 rapuerit:

110 3340 218 3398 Panem
234 3356 322 3397 suum
337 3339 494 3396 essurienti
511 3336 634 3404 dederit,

145 3418 173 3469 et
189 3413 303 3467 nudum
317 3410 463 3483 operueril
479 3409 653 3465 vestimento
669 3424 676 3464 :

109 3484 153 3541 ltd
169 3499 292 3539 usuram
304 3498 362 3538 non
376 3477 618 3545 commodaverit,

146 3552 319 3626 etamplius
336 3571 394 3609 non
411 3551 576 3623 acceperit:

110 3628 155 3684 ab
170 3625 327 3709 iniquitate
342 3624 484 3681 averterit
500 3636 620 3677 manum
637 3634 733 3688 suam,

141 3697 289 3770 judicium
304 3712 406 3752 verum
423 3693 523 3752 tenent
538 3693 616 3749 inter
630 3693 727 3749 virum
742 3692 879 3749 elvirum
897 3710 905 3750 ι

111 3773 143 3827 in
158 3769 311 3842 preceptis
325 3769 400 3825 meis
415 3763 620 3832 ambulaverit,

150 3844 179 3897 et
188 3840 305 3924 judicia
320 3855 384 3897 mea
398 3836 594 3907 eustiodierit,
611 3839 644 3892 ut
659 3835 747 3893 iaciat
760 3835 911 3892 veritatem
926 3850 934 3892 ι

115 3913 169 3968 Hie
182 3917 284 3982 Justus
300 3915 354 3978 est,

150 3984 211 4039 vita
225 3984 310 4054 vivet,
327 3984 367 4038 ait
381 3981 524 4037 Dominus
539 3985 627 4036 Deus.

115 4054 196 4119 Quod
212 4055 236 4110 si
252 4054 387 4127 genuerit
400 4052 495 4109 illium
511 4052 654 4108 latronem
664 4051 859 4108 effundentem
871 4068 938 4108 san·

188 4140 319 4197 guinem.

151 4200 180 4252 et
195 4197 296 4253 lecerit
306 4213 397 4252 unum
410 4196 445 4250 de
460 4193 525 4250 istis
538 4211 545 4248 z

117 4269 151 4323 Dt
167 4268 229 4325 hae
244 4269 363 4340 quidem
379 4266 479 4323 omnia
493 4282 552 4323 non
568 4264 741 4333 lactentem,

151 4338 248 4395 sedin
265 4339 414 4396 montibus
429 4337 628 4395 comedentem
645 4353 652 4405 ;

153 4414 181 4465 et
196 4427 316 4467 uxorem
336 4408 461 4483 proximi
476 4409 520 4464 sui
535 4406 714 4481 polluentem
733 4424 739 4464 :

117 4480 246 4553 ligonum
263 4488 292 4538 et
308 4498 464 4555 pauperem
481 4478 716 4549 contristantem,

153 4554 315 4635 rapientem
331 4554 460 4625 rapinas.

117 4626 571 4780 Etpffiniqaolvgossvraefflffiagaim
587 4707 668 4758 suos,

153 4766 403 4826 abominationem
421 4767 575 4823 laurentem
592 4779 599 4821 :

117 4836 157 4892 Ad
176 4854 298 4895 usuram
315 4841 446 4907 dantem,

154 4913 180 4964 et
197 4909 324 4981 amplius
339 4911 530 4984 accipientem
548 4921 556 4960 z

118 4978 256 5050 Nunquid
271 4982 348 5039 vivet
359 4982 374 5039 l

118 5050 181 5107 Non
198 5053 284 5110 vivet.

119 5121 191 5179 Cum
207 5124 343 5209 universa
356 5114 528 5180 detestanda
543 5117 604 5175 hae
623 5110 734 5190 iecerit,
756 5122 850 5178 morta
878 5138 940 5178 mo·

155 5198 354 5339 sablgeblilg’elus
364 5265 394 5321 in
409 5263 475 5391 ipso
490 5261 557 5329 erit,

119 5336 200 5399 Quod
217 5339 241 5394 si
257 5336 393 5407 genuerit
406 5335 425 5390 il
440 5350 513 5398 rum,

156 5409 206 5478 qni
217 5410 319 5467 videns
333 5407 434 5467 omniu
448 5407 567 5478 peecata
583 5402 676 5475 patris
700 5403 745 5459 sui
771 5420 834 5479 qum
855 5404 940 5473 tamt,

191 5480 334 5565 timuerit,
350 5486 448 5537 etnon
463 5477 560 5535 iecerit
588 5472 684 5531 simile
713 5472 766 5547 {lt
794 5473 939 5551 similiter)

191 5568 234 5608 ers
247 5568 255 5607 t

121 5618 216 5690 Super
231 5628 344 5681 montes
355 5640 412 5679 non
428 5617 597 5687 comederit,

157 5694 301 5819 ⁰t1⁰⁰⁰¹3⁵
316 5712 386 5754 suos
415 5710 474 5751 non
500 5689 639 5749 levaverit
667 5689 702 5747 al
733 5689 812 5748 idola
834 5690 941 5751 domus

204 5780 271 5820 srae
283 5804 293 5834 ,

1073 2983 1172 3040 miuus
1188 2983 1278 3051 Deus,

947 3089 968 3158 c
988 3057 1052 3182 Sis}
1067 3072 1124 3112 non
1141 3058 1174 3110 ut
1190 3055 1373 3110 convertatur
1389 3052 1473 3109 aviis
1489 3053 1564 3122 suia,
1581 3061 1610 3111 et
1621 3056 1721 3113 vivat?

1053 3131 1131 3183 utem
1147 3126 1282 3183 averterit
1301 3141 1331 3181 se
1342 3126 1443 3196 justos
1458 3141 1474 3180 a
1487 3125 1606 3197 justitia
1622 3144 1687 3195 soa,

1022 3202 1051 3254 et
1066 3199 1167 3255 iecerit
1181 3198 1370 3269 iniquitatem
1395 3197 1559 3254 secondum
1575 3216 1681 3256 omnes
1696 3195 1787 3255 abonn·

1058 3269 1192 3326 nationes
1206 3284 1277 3340 quas
1293 3267 1406 3340 operari
1422 3267 1496 3324 solet
1512 3270 1638 3343 impios,

1024 3342 1158 3415 nunquid
1173 3340 1274 3397 vivet?

988 3412 1097 3469 Omnes
1103 3416 1115 3485 j
1120 3413 1227 3469 ustitia
1238 3412 1263 3483 ej
1268 3428 1313 3479 us,
1325 3427 1398 3483 quaa
1410 3410 1527 3483 iecerat,
1540 3429 1599 3470 non
1616 3412 1790 3471 recordabor·

1058 3490 1107 3540 tur
1122 3485 1175 3555 (rt.
1191 3491 1276 3539 erunt
1291 3485 1319 3538 in
1344 3482 1508 3551 memorial,

1023 3556 1052 3611 in
1068 3556 1314 3628 prevaricatione,
1345 3570 1403 3624 que
1431 3553 1646 3627 prevaricatus
1666 3557 1718 3621 est,
1732 3556 1755 3607 et
1766 3551 1788 3606 in

989 3699 1010 3754 Ε
1046 3700 1055 3753 ¹
1078 3631 1195 3698 peccato
1210 3625 1351 3697 suoquod
1368 3630 1507 3697 peccavit,
1523 3643 1555 3682 vn
1572 3640 1650 3698 ipsis
1661 3625 1787 3687 morietur,

1013 3698 1179 3755 tvixistis:

1026 3770 1089 3826 Non
1104 3776 1148 3827 est
1161 3786 1244 3841 aqua
1266 3768 1313 3823 via
1327 3766 1454 3824 Domini.

991 3841 1098 3897 Audite
1114 3856 1194 3914 ergo,
1210 3841 1314 3896 domus
1325 3838 1413 3895 lsrael
1429 3856 1439 3895 .·

989 3913 1127 3986 Nunquid
1140 3914 1187 3969 via
1202 3927 1267 3968 mea
1283 3928 1339 3966 non
1355 3914 1401 3966 est
1415 3927 1508 3980 aqua,

1026 3988 1055 4041 st
1070 4001 1127 4041 non
1143 3983 1238 4055 magis
1250 3983 1304 4038 viva
1318 3986 1419 4037 vestra
1435 3997 1530 4053 pravae
1546 3980 1642 4036 sonti

990 4059 1065 4113 Cum
1079 4057 1158 4111 enim
1174 4054 1311 4112 averterit
1325 4070 1357 4109 se
1368 4055 1466 4124 justus
1481 4052 1632 4124 ajustitia
1648 4069 1711 4124 sua,

1027 4132 1056 4184 at
1071 4126 1171 4183 iecerit
1194 4125 1390 4198 iniquitatem,

1028 4198 1170 4254 morietur
1184 4198 1214 4253 in
1227 4199 1270 4253 eis
1287 4212 1294 4252 :

1027 4270 1226 4339 ininjustitia,
1242 4276 1330 4339 quam
1346 4270 1482 4336 operatus
1499 4269 1553 4333 est,
1571 4266 1723 4323 moriatur.

993 4341 1028 4396 Dt
1042 4357 1110 4397 eum
1125 4341 1261 4396 averterit
1276 4356 1307 4396 se
1318 4339 1428 4410 impius
1440 4337 1475 4392 ab
1487 4338 1642 4409 impietate
1651 4354 1716 4406 sua,
1725 4350 1795 4409 quan

1081 4416 1219 4485 operatus
1234 4418 1288 4469 est.

952 4456 976 4524 D
1028 4487 1055 4540 et
1071 4483 1171 4540 iecerit
1183 4484 1329 4555 judicium
1345 4485 1374 4537 et
1384 4480 1533 4551 justitiam
1550 4495 1558 4535 t

1027 4555 1088 4626 ipse
1103 4555 1232 4611 animam
1249 4570 1334 4611 suam
1360 4552 1528 4608 vivificabit.

992 4626 1186 4683 Considernns
1202 4626 1287 4691 enim,
1303 4629 1332 4679 et
1347 4627 1479 4679 avertens
1496 4638 1527 4678 se
1543 4622 1579 4677 ab
1596 4623 1738 4681 omnibus
1755 4621 1799 4677 lni-

1063 4698 1238 4770 quitetibus,
1255 4696 1328 4765 suis,
1345 4711 1417 4766 quas
1434 4697 1571 4766 operatus
1587 4700 1646 4760 est,

1026 4769 1087 4825 vita
1100 4770 1184 4831 vivet.
1201 4774 1230 4825 et
1245 4784 1302 4824 non
1316 4767 1468 4823 morietur·

991 4839 1026 4894 Et
1036 4840 1138 4896 dieunt
1153 4839 1204 4895 filii
1221 4839 1310 4896 lsrael
1325 4854 1331 4895 :

991 4910 1054 4967 Non
1071 4916 1117 4967 est
1131 4928 1215 4994 aqua
1229 4911 1275 4965 via
1291 4907 1419 4966 Domini.

991 4982 1130 5054 Nunquid
1145 4999 1196 5037 vva
1212 4999 1283 5039 mea
1298 4997 1356 5037 non
1373 4984 1445 5035 sont
1460 4994 1560 5049 aequae,
1577 4978 1692 5039 domus
1717 4976 1802 5042 lsrael,

1027 5059 1056 5110 et
1070 5072 1127 5111 non
1144 5055 1240 5126 magis
1252 5053 1303 5109 vim
1318 5058 1419 5106 vestras
1435 5048 1548 5123 prava?

992 5125 1105 5182 Idcirco
1121 5139 1361 5196 unumquemque
1378 5124 1464 5194 juxta
1482 5120 1546 5176 vias
1569 5136 1645 5178 suas
1668 5122 1803 5195 judicabo.

1062 5197 1169 5255 domus
1184 5196 1283 5264 lsrael,
1300 5195 1341 5251 ait
1355 5194 1499 5250 Dominus
1513 5197 1603 5249 Deus.

991 5267 1200 5325 convertimini
1214 5273 1243 5324 et
1258 5267 1333 5337 agite
1343 5263 1546 5337 poenitentiam
1555 5264 1593 5319 ab
1604 5266 1748 5324 omnibus
1759 5265 1804 5321 ini·

1080 5339 1245 5411 quitatibus
1259 5338 1365 5394 vestris
1381 5355 1390 5389 r

1027 5414 1056 5465 st
1070 5428 1128 5467 non
1144 5412 1200 5467 crit
1213 5411 1298 5467 vobis
1312 5410 1342 5465 in
1359 5408 1474 5465 ruinam
1490 5405 1647 5476 iniqnitas.

992 5480 1125 5552 Projicite
1142 5499 1159 5538 a
1177 5482 1261 5538 vobls
1290 5497 1393 5538 omnes
1419 5478 1681 5549 prevaricationes
1703 5487 1807 5547 vestras,

1063 5552 1092 5609 in
1109 5554 1217 5635 qulbus
1233 5551 1410 5626 prevaricati
1428 5549 1509 5619 estis,
1537 5616 1542 5632 ἰ
1563 5617 1569 5631 .

1027 5627 1055 5677 et
1070 5626 1155 5681 iarvta
1170 5627 1252 5682 vobis
1266 5642 1316 5681 cor
1331 5638 1438 5677 novum
1455 5626 1483 5675 et
1498 5623 1642 5689 spiritum
1658 5640 1786 5682 novum:

992 5692 1025 5749 tlt
1037 5710 1128 5767 quare
1141 5695 1319 5761 moriamini,
1335 5695 1441 5750 domus
1457 5689 1569 5747 lsrael?

991 5764 1065 5832 Quia
1079 5766 1145 5825 uolo
1159 5772 1282 5824 mortem
1294 5765 1457 5830 morientis,
1473 5761 1546 5818 dicit
1560 5760 1716 5826 Dominus
1730 5767 1804 5833 nau.
