3870 6120
120 266 184 327 {dl
832 257 1139 323 Paouuooltllrls.
1687 298 1690 308 ·
1780 269 1840 333 ld!
1893 216 1896 223 ·

117 398 335 481 spondaeique
360 400 543 472 decurrunt,
569 416 628 460 neo
652 396 789 460 absurde
816 393 1128 463 institui-ADeinde
1151 395 1287 459 similem
1316 398 1436 462 habent
1464 419 1573 463 versus
1603 402 1634 464 in
1664 402 1726 465 dne
1754 403 1839 466 desi-

120 504 180 560 tur
209 497 359 577 aliqualis
386 499 585 576 comparatio
612 496 697 558 inter
726 512 849 557 versum
894 492 960 573 pri·
1014 493 1169 568 nentium,
1196 514 1290 574 quam
1323 516 1382 559 nos
1409 497 1528 561 Gallice
1552 500 1688 562 dicimus
1718 502 1837 567 rime:

125 612 218 656 mum
231 594 382 656 AEneidos
407 592 477 674 (lib.
492 594 516 675 ι)
546 601 578 655 et
605 593 701 654 istum
718 591 792 654 Jobi
820 591 960 651 veraicu·
1015 591 1135 669 priores
1178 593 1260 653 enim
1305 595 1368 656 duo
1410 596 1570 671 desinunt,
1601 599 1777 675 inumem,
1808 607 1840 662 et

126 696 198 755 lum
215 691 399 754 Hebraeum.
1014 687 1102 765 prior
1129 706 1200 748 cum
1230 690 1322 752 tertio
1352 692 1385 753 in
1413 694 1555 756 vocalem
1583 716 1613 775 a,
1643 717 1692 757 am
1721 698 1841 760 scilicet

124 789 276 860 lotedy'om
288 788 405 844 taoeud
420 788 452 846 ho
470 786 769 844 iuuleelocmurlrore
783 786 869 856 pober
1015 789 1046 845 et
1061 804 1138 845 mas,
1163 787 1304 849 'landem
1333 789 1360 850 si
1389 809 1534 853 versuum
1565 793 1695 873 syllaba
1725 814 1839 859 nume·

131 883 228 935 Arm!
241 878 398 950 Virumque
413 894 486 934 ⁰⁸⁰⁰
500 878 592 949 Tl⁰iffi
608 878 659 949 qui
675 877 788 948 primus
803 874 850 929 ab·
867 871 927 928 ⁰fi⁸
1015 889 1134 954 rentur,
1152 887 1306 964 aequalem
1337 886 1368 947 in
1397 888 1441 948 eis
1465 908 1629 951 numerum
1659 892 1838 972 deprehen·

160 984 195 1045 lu
224 983 359 1046 Hebraeo
387 1002 479 1046 versu
509 982 583 1045 tobi
612 988 661 1045 tot
698 990 773 1043 sunt
809 978 948 1061 syllabae
1015 981 1081 1041 des.
1098 982 1187 1043 Unde
1203 992 1402 1063 perspectum
1428 993 1524 1065 atque
1553 989 1751 1067 exploratum
1782 990 1839 1054 ha·

118 1090 203 1164 quot
217 1088 291 1143 sunt
318 1081 351 1143 in
378 1099 471 1143 versu
498 1080 612 1142 Latino
640 1079 801 1141 Maronis:
830 1095 947 1138 cresum
1016 1077 1138 1152 bemus,
1169 1080 1247 1141 nihil
1276 1088 1395 1143 temere
1436 1083 1476 1143 ab
1519 1086 1710 1167 Hieronymo
1742 1089 1839 1152 luisse

117 1180 200 1242 item
217 1180 354 1260 perlecto
369 1179 516 1241 convenit
539 1177 623 1240 inter
650 1185 832 1257 utrumque,
862 1181 894 1236 et
921 1175 948 1234 si
997 1177 1095 1253 script
1111 1196 1175 1251 um,
1205 1197 1277 1239 cum
1304 1180 1445 1242 diceret:
1471 1180 1579 1242 Habes
1607 1184 1683 1243 etin
1698 1183 1830 1247 Lamen-

116 1275 244 1356 dactyli
267 1295 330 1339 non
358 1283 546 1349 consonant,
572 1293 629 1337 neo
657 1276 688 1336 in
718 1273 850 1355 syllabis
877 1273 947 1334 bre·
1002 1274 1185 1350 talionibus
1208 1275 1356 1344 Jeremioe
1387 1284 1523 1358 quatuor
1537 1278 1741 1362 alphabeta,c
1761 1283 1835 1363 qui·

118 1376 229 1449 vibus,
245 1392 303 1436 nec
325 1375 358 1436 in
387 1392 521 1436 nomem
549 1374 679 1454 pedum,
708 1372 870 1434 nonnullae
897 1378 946 1432 ta·
1005 1370 1071 1431 bus
1099 1373 1386 1455 duoprimaquasi
1411 1374 1566 1458 Sapphico
1595 1382 1692 1439 metro
1719 1379 1837 1461 scripta

117 1491 194 1535 men
224 1477 297 1535 sunt
324 1490 418 1534 voces
445 1478 625 1534 constantes
666 1472 768 1533 tribus
801 1469 943 1551 syllabis,
998 1474 1102 1542 sunt;
1133 1470 1209 1551 quia
1237 1477 1300 1531 tres
1328 1473 1510 1553 versiculos,
1527 1475 1584 1555 qui
1609 1474 1673 1537 sibi
1700 1479 1837 1539 connexi

117 1590 194 1650 quae
223 1570 324 1631 vicem
353 1569 503 1650 supplent
529 1570 731 1650 dactylorum
762 1573 946 1630 draconum
997 1586 1057 1626 sun
1067 1571 1090 1640 t,
1107 1572 1137 1626 et
1151 1566 1189 1628 ab
1204 1588 1266 1628 una
1281 1574 1402 1629 tantum
1427 1570 1535 1633 littera
1565 1572 1733 1656 incipiunt,
1763 1573 1832 1637 He·
1919 1572 1923 1579 “

115 1675 149 1731 et
173 1669 374 1730 Latinorum.
405 1671 562 1730 Praeterea
591 1685 700 1730 versus
728 1667 879 1728 Hebraeus
904 1665 946 1727 si·
998 1664 1088 1724 reici
1102 1684 1220 1725 comma
1230 1666 1404 1729 concludit.
1699 1725 1703 1729 .

124 1768 237 1828 milem
252 1765 349 1828 habet
371 1784 497 1840 sonum,
526 1766 591 1828 sive
618 1763 787 1838 rythmum,
818 1769 852 1826 ut
880 1763 990 1841 Gal-B
1046 1764 1835 1849 liecanticoDeuteronomii(cap.xxxrr,vers.1·

124 1863 187 1925 lice
216 1863 338 1939 dicunt,
353 1864 387 1924 in
401 1863 464 1924 fine
479 1869 672 1926 commatum
690 1880 697 1922 :
724 1862 800 1943 quia
828 1868 953 1923 utrum·
1007 1860 1070 1941 43),
1086 1861 1172 1939 quod
1187 1861 1236 1921 vel
1250 1860 1443 1925 hexametris
1458 1866 1610 1940 versibus,
1627 1868 1675 1929 vel
1687 1874 1832 1932 tetrame-

121 1981 187 2043 que
203 1980 329 2024 comma
358 1961 549 2023 terminatur
576 1962 608 2022 in
623 1980 652 2040 0,
669 1959 717 2039 bo,
734 1966 766 2022 et
788 1957 854 2021 bor.
884 1961 953 2020 Hoc
1008 1962 1057 2017 tro
1072 1957 1208 2019 iambico
1225 1965 1371 2021 constare
1386 1960 1513 2034 dicitur,
1528 1969 1560 2023 et
1575 1964 1635 2025 hoo
1650 1966 1746 2027 etiam
1775 1968 1833 2028 ad·

118 2058 379 2122 decusobtiuent
406 2058 542 2121 Hebraea
570 2059 712 2120 carmina
742 2074 840 2137 supra
868 2057 954 2118 Grae·
1005 2054 1190 2133 jiciendum.
1207 2057 1506 2120 Praestantissimum
1532 2059 1611 2121 illud
1642 2080 1770 2124 carmen
1797 2064 1831 2125 iu

121 2175 236 2219 corum
269 2156 318 2219 rel
346 2156 529 2218 Latinorum
560 2160 672 2217 metra:
701 2157 800 2217 Porro
829 2171 867 2214 ex
895 2171 951 2215 ea·
1009 2171 1046 2213 eo
1084 2152 1180 2214 habet
1207 2154 1343 2233 speciem
1366 2154 1557 2231 hexametri,
1587 2159 1673 2238 quod
1714 2160 1833 2240 singuli

124 2255 201 2316 dem
244 2252 416 2316 concordia
454 2271 601 2314 versuum
646 2252 851 2314 Hebraeorum
879 2270 949 2313 eum
1008 2251 1107 2312 lerme
1135 2270 1242 2313 versus
1271 2271 1327 2332 per
1358 2271 1411 2314 sex
1452 2254 1607 2317 dictiones
1648 2256 1830 2336 decurrant,

121 2351 247 2415 Latinis
274 2351 478 2423 hexametris,
509 2369 580 2431 quae
607 2350 763 2413 sexcentis
791 2349 869 2411 locis
896 2367 951 2411 oc·
1008 2347 1099 2426 quasi
1125 2367 1182 2429 per
1209 2350 1339 2411 totidem
1368 2350 1463 2429 pedes
1504 2359 1536 2415 et
1564 2360 1665 2416 metra
1691 2354 1784 2437 (vers.
1801 2359 1831 2432 l,

122 2448 225 2511 currit
249 2448 282 2510 in
315 2454 383 2510 toto
409 2447 481 2510 lobi
509 2448 671 2510 volumino
699 2447 794 2527 plane
821 2446 952 2508 demon·
1009 2428 1077 2508 ²·)²

119 2554 241 2609 stratur
269 2547 500 2627 Hieronymum
529 2545 648 2627 absque
678 2544 864 2607 temeritatis
901 2544 949 2606 rel
1009 2534 1165 2588 ”mm
1184 2537 1267 2615 VW'
1286 2536 1395 2592 mm
1478 2539 1832 2595 montemmaranum

119 2645 258 2707 inscitiae
274 2650 350 2708 nota
364 2645 585 2724 pronuntiasse
606 2643 646 2705 de
661 2643 854 2705 hexametris
880 2661 952 2704 ver·
1007 2703 1029 2757 Η
1090 2624 1244 2714 ,ἷΨἾὈκ
1263 2599 1324 2716 5²³?
1341 2598 1397 2675 Ἢ
1479 2603 1552 2706 'nii’
1569 2631 1656 2723 ²⁹2³
1674 2631 1743 2710 ἾἾΨ

120 2744 211 2805 ebus
238 2742 381 2822 eiusdem
409 2741 492 2815 libri,
523 2760 580 2804 nec
608 2741 715 2821 inepte
743 2741 880 2820 speciem
917 2739 950 2800 ¹¹¹
1031 2702 1833 2847 “Htllniltt'tl'll'tlttilibtltrt‘dttli'tstilti

122 2857 160 2904 eo
189 2859 227 2903 ac
258 2840 430 2920 imaginem
472 2839 590 2919 dactyli
631 2845 662 2900 et
703 2838 844 2919 spondaei
882 2855 951 2917 prr·
1375 2849 1465 2902 rarsi,

122 2939 276 3019 spexisse.
307 2939 374 2999 Neo
401 2942 489 2998 vetat
516 2935 600 3016 quod
630 2935 726 2996 talem
760 2934 950 2996 convenien·
1041 2933 1158 3003 Audite,
1175 2932 1251 3000 cusli,
1268 2934 1471 3008 qualequor:

122 3037 202 3099 tiam
218 3035 322 3098 multa
348 3036 465 3116 saepius
491 3033 668 3114 impediant
693 3051 700 3094 :
728 3033 803 3113 quia
830 3037 862 3094 et
890 3031 950 3093 hoc
1047 3005 1627 3149 Coasscffiesstcffizffiffigtffiff,me„

124 3136 231 3218 ipsum
247 3134 449 3217 praemonuit,
465 3132 583 3214 dicens,
600 3132 717 3194 librum
740 3131 812 3194 Jobi
839 3131 950 3194 crebro
966 3151 988 3219 c
1079 3147 1152 3204 fluat
1167 3155 1199 3203 ut
1213 3164 1261 3204 roe
1276 3149 1428 3220 eloquium
1441 3167 1536 3208 meum
1557 3177 1564 3221 ς

124 3234 268 3315 recipere
283 3233 363 3295 alios
376 3233 473 3312 pedes
488 3237 520 3293 et
535 3232 646 3294 modos
673 3234 804 3310 propter
832 3229 951 3310 linguae
1048 3238 1163 3298 Nonne
1186 3255 1292 3298 veram
1321 3239 1526 3301 Heroicorum
1555 3241 1731 3304 carminum
1760 3263 1833 3324 spe·

124 3333 225 3411 ipsius
254 3330 385 3393 idioma.
416 3331 490 3392 Haec
518 3329 634 3409 raptim
662 3335 694 3392 et
721 3347 779 3409 pro
807 3333 952 3407 tempore
1008 3334 1087 3395 ciem
1118 3353 1182 3415 prae
1211 3353 1245 3395 se
1272 3335 1377 3396 ferunt
1407 3336 1463 3397 illa
1491 3341 1731 3402 Deuteronomii
1759 3359 1832 3404 ver·
1914 3384 1921 3395 -

123 3430 163 3493 do
203 3428 398 3492 hexametris
432 3428 492 3492 Job
531 3427 646 3489 dixisse
674 3425 810 3488 sufficiat
837 3425 869 3486 in
895 3425 951 3486 de·
1008 3451 1098 3493 suum
1114 3435 1222 3494 eale?
1241 3433 1352 3494 Mirare
1381 3438 1414 3495 tu
1444 3434 1607 3514 rythmum
1635 3437 1668 3498 in
1696 3439 1832 3501 disticho

124 3527 302 3590 tensionem
344 3529 376 3587 S·
408 3524 565 3587 Doctorin.
596 3526 690 3586 Nunc
717 3542 821 3603 pauca
847 3529 878 3584 et
911 3522 951 3584 de
1008 3529 1068 3591 iero
1096 3529 1270 3608 virgiliano
1287 3548 1294 3590 :
1311 3527 1446 3592 AEneid.
1464 3531 1518 3592 liv.
1535 3550 1665 3595 mrem.
1682 3534 1790 3618 stol:

122 3644 216 3687 vorsu
230 3623 395 3705 Sapphico
410 3623 622 3703 perstringere
637 3621 732 3683 liceat
759 3621 792 3682 in
823 3623 953 3682 Lumen·
1039 3634 1399 3708 Vertiturintsreacrelum,
1419 3639 1629 3689 struitOoeeuo
1645 3654 1709 3690 nox.

122 3723 302 3787 “tionibus
335 3721 493 3784 'emmim'
535 3721 626 3783 Prior
677 3720 952 3781 [lamentationum
1039 3698 1181 3754 Sternitur,
1197 3699 1383 3760 exanimisque
1400 3704 1834 3764 tremeurprocumbithumiboa.

120 3821 274 3885 teremiae
314 3818 394 3881 irrue
422 3817 520 3880 uene
545 3817 711 3880 exorarem
736 3817 768 3877 ln
802 3821 951 3879 contextu
1050 3787 1175 3859 Mifflt’
1192 3788 1335 3866 inquam,
1354 3788 1500 3851 ffl⁰d⁰¹⁰⁸
1527 3790 1598 3852 ΜΝ
1626 3793 1773 3856 m011i00·
1800 3792 1834 3856 in
1912 3874 1922 3883 .

119 3919 305 3983 pompeo..
1010 3890 1104 3964 poeta
1119 3884 1250 3964 gentili;
1267 3903 1325 3964 ego
1353 3885 1451 3947 divini
1474 3889 1555 3948 vatis
1579 3906 1668 3950 sacra
1692 3889 1836 3953 carmina

305 4026 349 4081 ny
367 4024 438 4078 'nal
457 4022 526 4078 pyri
546 4023 597 4076 712
616 4021 697 4074 ,W
716 4022 788 4073 ΠΜ
1011 3999 1137 4061 semper
1151 3981 1343 4061 praedicabo,
1360 3983 1392 4042 in
1407 3983 1535 4062 rythmo
1550 3985 1766 4064 equalitatem
1795 4006 1833 4051 ac

343 4112 426 4166 nrm
445 4112 516 4165 rma
535 4086 657 4164 amsa)
676 4110 752 4161 ῃῃῃ
1010 4081 1209 4159 gravitatem,
1253 4080 1284 4140 in
1310 4081 1398 4141 caesis
1427 4081 1588 4143 lenitatem
1615 4084 1730 4146 tinnuli
1758 4085 1835 4148 alte-

309 4177 403 4255 :onb
421 4201 499 4253 ,snm
519 4201 622 4253 malm
640 4201 720 4254 annm
1011 4178 1074 4239 rius
1090 4177 1208 4257 rythmi
1236 4177 1300 4238 late
1322 4178 1452 4257 sumpti,
1483 4185 1515 4239 et
1543 4179 1574 4240 in
1603 4198 1656 4242 sex
1685 4181 1833 4246 dictioni·

157 4280 747 4341 Emiwevssvadodbairrabbathiam
1009 4277 1068 4338 bus
1110 4295 1218 4337 versus
1259 4276 1350 4356 quasi
1395 4275 1596 4341 hexametros
1634 4279 1833 4361 majestatem

197 4353 317 4410 mm
331 4353 480 4410 mmm
493 4351 625 4408 mmmm
640 4352 768 4422 iamim
1009 4376 1103 4454 plane
1130 4373 1269 4435 divinam
1286 4374 1403 4453 ubique
1418 4375 1602 4439 retinentes.
1631 4377 1670 4438 Εἰ
1696 4378 1722 4439 si
1737 4378 1833 4441 aliam

196 4427 312 4484 emolli
326 4424 530 4482 hommeoinett
545 4423 656 4480 hoietlro
671 4424 769 4480 tamor.
1287 4469 1293 4485 ι

160 4528 232 4589 leta
259 4525 368 4587 Latine
408 4540 563 4584 mensurae
606 4522 699 4582 metri
741 4527 773 4583 st
813 4522 955 4583 versibus
971 4518 993 4583 b
1009 4479 1182 4583 ineimrum
1211 4488 1361 4550 ‘mmm’
1391 4491 1462 4551 ΨΜ
1491 4478 1675 4538 “tramam
1711 4482 1835 4540 ⁰⁰¹¹“0i

111 4623 267 4689 reddidit
293 4622 354 4685 hoc
382 4620 477 4683 modo
519 4623 552 4682 S.
581 4620 794 4699 Hieronymus
820 4617 952 4699 (ihren.
1009 4568 1158 4678 mmiiffl’
1185 4568 1457 4680 curi⁰i¹¹⁸,¹⁰⁰¹,⁰'
1486 4572 1625 4682 seqnifssi
1668 4573 1700 4634 5¹¹
1739 4573 1836 4639 M⁰⁸i⁸

113 4742 146 4797 1,
168 4722 225 4802 n:
1010 4672 1145 4738 cantico,
1189 4674 1368 4728 meminerit
1415 4668 1591 4746 imperfecta
1646 4671 1834 4745 tetrametri,

491 4831 580 4872 mm
1010 4763 1093 4844 quod
1116 4762 1233 4842 amplus
1269 4762 1301 4823 iu
1326 4762 1424 4824 sacris
1452 4764 1578 4845 hymnis
1603 4766 1752 4844 decurrit,
1783 4768 1833 4830 cul

157 4905 316 4972 Quomodo
331 4904 415 4961 sed„
429 4904 493 4960 301,
508 4903 610 4960 civit„
625 4901 712 4986 plena
727 4901 853 4974 populo:
1009 4863 1119 4941 utique
1133 4866 1266 4940 possunt
1293 4862 1473 4941 comparari
1496 4865 1735 4927 Deuteronomii
1764 4885 1834 4928 rer·

200 4976 280 5034 saer.
294 4981 340 5033 „t
354 4975 439 5048 quasi
453 4976 542 5031 vidue
553 4975 675 5030 somma
689 4974 822 5045 gentium
838 4989 844 5029 ;
1007 4978 1071 5019 sua.
1086 4959 1179 5019 Verbi
1204 4958 1319 5036 gratia,
1348 4958 1411 5020 duo
1436 4960 1557 5039 priores
1585 4981 1692 5024 versus
1720 4962 1836 5025 cantici

199 5048 338 5122 princeps
352 5048 569 5120 provinciarum
586 5047 661 5102 laeta
675 5051 720 5102 est
735 5046 790 5102 sub
806 5045 930 5100 tributo.
1007 5055 1193 5137 supradicti,

165 5150 248 5210 Tres
261 5146 293 5207 hi
307 5164 416 5208 versus
438 5146 498 5208 sibi
526 5145 673 5218 connexi,
687 5152 719 5206 ct
744 5145 784 5206 ab
809 5162 873 5205 una
900 5143 951 5204 lit·
1008 5155 1123 5210 lleenr'm
1137 5154 1313 5209 arrhemoim
1326 5155 1497 5211 crudeliore
1519 5157 1686 5214 vettismotlt
1708 5157 1834 5213 liuereets
1921 5179 1928 5193 ·

107 5254 194 5311 tm
208 5241 316 5326 Ayepy,
346 5242 543 5323 incipientes,
570 5242 662 5303 unius
691 5241 829 5322 syrophae
860 5240 951 5320 hym.
1043 5224 1835 5297 imrepltijuurophlammutorlicebitirnettrolletim·

108 5344 205 5408 nicae
224 5340 462 5402 aimilitudinem
479 5345 603 5421 gerunt,
621 5344 652 5400 et
676 5340 769 5420 quasi
792 5337 953 5418 Sapphico
1041 5296 1132 5400 ,mm
1315 5385 1321 5398 ,
1360 5387 1389 5399 ..
1454 5388 1460 5402 ,
1645 5387 1693 5402 ..

111 5458 220 5504 m„
249 5438 360 5519 mimi
388 5439 546 5514 videntur,
578 5438 610 5498 in
639 5438 772 5499 Hebraeo
816 5435 952 5497 maxime
1008 5387 1146 5466 aliquam
1163 5384 1282 5446 hahent
1297 5386 1535 5449 srmrlrtudrnem
1551 5406 1622 5447 cum
1643 5395 1711 5449 rstrs
1737 5392 1836 5450 letra-

109 5543 291 5613 wnmm,
320 5536 374 5599 ubi
400 5534 529 5616 bamba
550 5534 663 5611 lamas,
694 5553 819 5598 comma
849 5532 949 5612 perfe-
1009 5485 1116 5546 metris
1132 5483 1273 5592 iambicis
1289 5485 1418 5593 (Hymn.
1434 5485 1537 5592 misser
1551 5484 1584 5543 in
1609 5483 1813 5594 Harasceve):

1038 5584 1137 5646 Pange,
1153 5582 1254 5644 lingua,
1270 5582 1378 5646 gloriosi
1393 5581 1517 5644 praelrum
1531 5584 1705 5640 certaminis:

113 5646 216 5705 anm
256 5635 387 5716 heroici,
429 5634 577 5699 ultimum
619 5651 745 5696 vorsum
777 5629 949 5696 concludit.
1038 5646 1070 5697 Et
1085 5657 1167 5710 super
1181 5644 1267 5694 crucis
1284 5647 1416 5708 tropaeum
1434 5643 1479 5694 dte
1493 5642 1660 5710 triumphum
1675 5646 1805 5702 nobilem.
