3870 6120
105 191 157 247 991
630 190 660 243 S·
680 187 885 244 fiteuonvttt
903 186 1032 243 DivINa
1049 185 1299 241 BlBLIOTHRCA.
1757 181 1810 237 992

109 319 212 391 (Zeia.)
233 317 391 373 Recordare
418 312 609 386 paupertatis,
625 317 654 370 et
685 312 929 385 transgressionis
944 313 970 381 Α
984 310 1100 377 Vidisti,
1114 310 1246 380 Domine,
1256 308 1442 382 iniquitatem
1457 324 1561 366 eurum
1576 308 1740 366 adversum
1755 324 1808 368 mc:

182 403 262 455 mee,
279 386 437 459 absynthii,
454 390 483 441 et
498 385 583 442 tellis.
1053 382 1156 455 judica
1168 382 1317 454 judicium
1334 397 1443 438 meum.

109 460 249 516 Memoria
263 474 373 514 munior
388 474 446 525 ero,
461 462 489 512 ct
499 457 628 512 tabescet
638 456 667 511 in
685 471 730 512 me
741 455 838 512 anima
853 471 928 514 mee.
983 454 1090 511 Vidisti
1106 469 1223 510 omnem
1239 454 1379 521 furorem,
1393 453 1545 510 universas
1556 450 1755 525 cogitationes
1767 469 1812 509 co-

110 538 176 589 ttae
192 530 322 587 recolens
338 531 368 584 in
383 531 471 584 corde
487 545 561 596 mco,
578 530 643 583 idco
659 529 794 599 sperabo,
1056 542 1121 581 rum
1136 527 1293 582 adversum
1307 541 1363 582 me.

110 605 217 676 (Hella.)
231 600 434 658 Misericordiae
450 599 567 656 Domini
583 600 652 671 quia
669 616 726 656 non
742 615 847 656 sumus
862 614 931 655 con·
986 599 1070 670 isin.)
1085 597 1200 653 Audisti
1214 597 1403 670 opprobrium
1428 612 1542 665 eorum,
1556 594 1701 662 Domine,
1717 610 1808 655 omnes

181 674 290 744 sumpti
303 690 309 729 :
321 674 455 745 quianon
465 671 844 728 deieceruntmiseratienes
855 670 930 742 ejus.
1057 669 1249 742 cogitationes
1265 685 1366 725 eorum
1382 668 1539 724 adversum
1556 683 1616 722 me.

111 745 183 802 Novi
199 744 339 810 dituculo,
356 743 449 799 muita
464 747 509 799 est
523 743 596 799 tides
611 746 672 797 tua.
987 741 1075 798 Labie
1090 741 1319 813 insturgentium
1336 739 1421 806 mihi,
1432 744 1461 797 et
1476 737 1690 796 meditationes
1704 754 1808 796 eorum.

7 846 10 851 ·
110 820 179 875 Pera
205 833 269 872 mea
293 816 444 884 Dominus,
460 813 533 870 dixit
556 815 656 870 anima
676 829 760 871 mea:
777 818 932 887 propterea
1039 814 1193 870 adversum
1210 829 1258 868 mo
1273 816 1334 868 tota
1349 810 1406 868 die.

181 889 357 959 exspectato
374 903 461 942 eum:
985 885 1152 941 sessionem
1167 901 1268 941 eorum
1284 888 1313 940 et
1332 882 1580 940 resurrectionem
1606 898 1724 954 eorum,
1740 882 1807 951 vide,

110 961 205 1032 iveta.)
221 961 319 1015 Dauus
334 962 379 1014 est
391 956 535 1015 Dominus
561 957 771 1029 superantibus
795 956 826 1012 in
851 971 930 1025 eum,
1056 973 1109 1027 ego
1126 973 1192 1012 sum
1210 955 1343 1028 psalmus
1360 970 1474 1011 corum.

182 1031 286 1086 animis
302 1029 442 1102 querenti
459 1028 553 1083 illum.
987 1029 1090 1103 (ttius.)
1105 1028 1218 1084 Reddas
1231 1026 1274 1083 eis
1289 1028 1393 1097 vicem,
1404 1025 1537 1092 Domine,
1545 1026 1634 1098 juxta
1649 1040 1740 1098 opera
1753 1042 1809 1081 me·

109 1106 220 1160 Bonum
236 1106 281 1158 est
297 1099 458 1174 prestolari
473 1116 541 1155 eum
556 1099 673 1155 silentio
690 1099 819 1156 salutare
833 1098 895 1155 Dei.
1059 1116 1151 1155 nuum
1165 1115 1297 1155 suarum.

111 1177 226 1232 Bonum
243 1178 287 1229 est
301 1173 373 1244 viro,
389 1189 456 1228 oum
473 1171 632 1244 portaverit
642 1172 749 1242 jugum
772 1172 809 1228 ab
834 1169 931 1226 adole·
986 1171 1075 1228 Dabis
1090 1171 1131 1228 eis
1147 1176 1265 1227 scutum
1281 1169 1379 1227 cordis
1392 1168 1520 1225 laborem
1535 1175 1621 1224 tuum
1641 1169 1663 1224 ¹.

184 1246 296 1301 scentia
311 1261 373 1300 sua.
987 1242 1176 1314 Persequcris
1200 1243 1229 1299 in
1254 1244 1364 1311 lurore,
1380 1246 1409 1297 et
1433 1244 1567 1297 conteres
1582 1256 1634 1296 eos
1651 1241 1708 1296 sub
1724 1239 1805 1311 celis,

110 1316 317 1392 (ludtscdebit
344 1314 504 1382 soliterius,
531 1318 560 1369 et
589 1313 715 1371 tacebit:
732 1315 802 1386 quia
827 1313 932 1370 levavit
1058 1315 1189 1371 Domine.

181 1403 324 1458 superse.
988 1386 1065 1460 (Cap.
1080 1385 1123 1442 tv.
1140 1386 1246 1459 Alapta.)
1263 1384 1413 1450 Quomodo
1428 1384 1621 1441 obscuratum
1638 1387 1686 1438 est
1709 1400 1802 1440 aurum

110 1467 202 1518 Ponet
217 1461 247 1515 in
264 1460 381 1531 pulvere
397 1475 430 1514 os
445 1473 544 1525 suum,
561 1457 587 1513 si
603 1457 676 1513 torte
692 1458 731 1513 sit
746 1473 824 1529 spes.
1059 1462 1189 1513 mutatus
1204 1465 1249 1514 est
1264 1456 1344 1513 color
1358 1456 1500 1528 optimus,

110 1532 199 1659 Babil,
212 1529 385 1603 percutienti
402 1543 433 1586 sa
449 1529 611 1596 maxillam,
628 1529 811 1585 saturabitur
825 1544 934 1602 oppro-
1023 1529 1149 1656 dispersi
1160 1528 1352 1656 suntgapides
1363 1525 1521 1584 sanctuarii
1531 1526 1562 1581 in
1574 1526 1799 1600 capiteomnium

203 1603 266 1658 riis.
1091 1606 1221 1657 ateurum

112 1675 242 1748 (Caspii.)
255 1674 330 1738 Quia
344 1689 402 1728 non
419 1670 537 1744 repellet
561 1671 589 1726 in
606 1670 817 1744 sempiternum
833 1670 934 1728 Durni-
949 1688 972 1755 B
988 1618 1089 1744 (nevil)
1105 1672 1170 1728 Filii
1184 1673 1253 1729 Sion
1269 1671 1382 1743 inclyti,
1397 1674 1425 1727 et
1440 1669 1540 1726 amicti
1556 1686 1631 1726 auro
1646 1670 1755 1742 primo:

181 1763 249 1802 nus.
1024 1745 1170 1816 quomodo
1186 1744 1312 1816 reputati
1329 1747 1398 1799 sunt
1412 1742 1442 1797 in
1456 1758 1526 1797 vase
1541 1744 1638 1797 testea

110 1818 182 1886 Quin
194 1819 217 1874 si
230 1816 347 1890 abjecit,
358 1820 387 1872 ct
398 1814 586 1870 miserabitur
596 1815 759 1871 seeundum
772 1814 935 1872 multitudi·
1025 1832 1097 1887 opus
1111 1832 1252 1871 manuum
1271 1814 1376 1886 tiguli?

181 1906 247 1945 nem
264 1887 534 1944 misericordiarum
552 1903 684 1943 suarum.
989 1887 1111 1959 (diruet.)
1126 1888 1181 1945 Sed
1198 1892 1226 1943 ot
1240 1886 1335 1943 lamiae
1352 1885 1536 1941 nudaverunt
1551 1900 1723 1952 mammam,

111 1968 173 2020 Non
190 1961 267 2018 enim
283 1959 451 2016 humiliavit
465 1974 501 2014 ex
514 1959 601 2015 corde
615 1975 680 2028 suo,
694 1961 723 2014 et
737 1957 844 2031 abiecit
858 1958 935 2016 illios
1025 1959 1206 2016 lactaverunt
1221 1958 1333 2015 catulos
1349 1974 1438 2013 suos:

181 2033 346 2088 hominum.
581 2068 583 2072 -
1026 2030 1087 2086 tilia
1101 2031 1202 2104 pepuli
1217 2031 1274 2087 mei
1298 2027 1433 2097 erudelis,
1450 2027 1535 2101 quasi
1561 2025 1687 2082 struthio
1708 2025 1734 2082 in
1755 2027 1788 2082 de·

110 2104 242 2178 (temeri.)
253 2103 288 2159 Ut
298 2104 461 2158 contereret
474 2100 530 2156 sub
542 2099 666 2173 pedibus
682 2100 745 2157 suis
755 2117 859 2158 omnes
871 2101 935 2158 via-
1061 2106 1149 2159 serto.

184 2181 247 2230 etos
261 2179 354 2229 terrae.
423 2242 428 2253 1
561 2242 568 2254 1
990 2173 1123 2246 (Doleth.)
1138 2173 1269 2231 adhesit
1283 2172 1384 2246 lingua
1398 2169 1536 2228 lactentis
1553 2170 1588 2226 ad
1604 2167 1728 2242 putatum
1742 2169 1785 2240 rjus

112 2247 150 2305 Ut
165 2246 326 2302 declinaret
337 2243 483 2316 judicium
494 2243 547 2299 viri
560 2259 591 2298 in
603 2247 762 2316 conspectu
772 2242 872 2301 vultus
887 2244 935 2300 tt-
1060 2245 1090 2301 in
1106 2244 1175 2302 siti:

183 2315 303 2372 tissimi.
1025 2317 1139 2387 parvuli
1157 2317 1304 2389 petierunt
1318 2332 1436 2389 panem,

113 2389 150 2446 Ut
165 2391 324 2462 perveteret
347 2385 498 2442 bominem
523 2386 552 2441 in
573 2386 697 2458 judicio]
711 2402 776 2454 suo,
793 2387 936 2444 Dominus
1026 2392 1054 2443 et
1068 2406 1125 2445 non
1142 2394 1204 2445 erat
1218 2388 1268 2461 qui
1285 2389 1432 2460 frangeret
1446 2385 1498 2442 cis.

183 2461 190 2515 i
216 2459 338 2516 norevit.
398 2529 403 2540 1
522 2528 527 2539 1
574 2528 581 2540 1
605 2528 610 2540 .
991 2461 1045 2526 Qui
1067 2461 1260 2516 vescebantur
1283 2459 1468 2532 voluptuose,
1484 2457 1662 2513 interierunt
1685 2456 1712 2511 in
1731 2454 1781 2510 iiis:

112 2476 213 2603 (ltemffi
225 2531 295 2596 Quis
324 2533 369 2585 est
396 2532 462 2600 iste,
478 2544 529 2600 qui
553 2528 627 2583 dixit
648 2531 680 2584 ut
704 2528 795 2602 tieret,
812 2531 935 2588 Domino
1026 2532 1077 2603 qui
1092 2532 1297 2587 nutriebantur
1311 2532 1340 2587 in
1356 2529 1477 2600 croceis,

185 2619 243 2660 non
254 2600 403 2673 jubente?
1028 2603 1182 2676 amplexati
1198 2608 1268 2661 sunt
1282 2607 1419 2660 stercora.

115 2676 155 2733 Da
179 2691 228 2731 ore
250 2671 394 2731 altissimi
418 2688 476 2728 non
500 2671 687 2744 egredientur
712 2688 764 2728 nec
786 2671 863 2729 mala
882 2690 935 2731 nec
990 2679 1077 2751 (too.)
1095 2675 1128 2731 Dt
1149 2675 1242 2746 maier
1265 2675 1367 2732 effecta
1390 2677 1435 2729 est
1455 2670 1600 2744 iniquitas
1626 2670 1690 2727 tilis
1710 2666 1781 2742 popili

184 2748 286 2803 bonai
511 2813 518 2826 1
629 2813 635 2825 1
1026 2746 1095 2816 mei,
1111 2751 1230 2817 peceato
1245 2747 1449 2816 Sodomorum,
1465 2760 1530 2817 que
1556 2739 1780 2800 subversaestin

112 2815 937 2886 Quidmurmuravitbomovivens,virpropeccatissuis?
1062 2823 1224 2887 momento,

113 2891 209 2962 (Neu.)
225 2891 397 2946 scrutemur
423 2888 486 2942 vias
515 2890 642 2956 nostres,
659 2890 687 2942 et
715 2902 892 2957 queramus,
907 2893 936 2944 et
1026 2894 1054 2948 et
1070 2907 1127 2946 non
1143 2907 1175 2946 ce
1198 2894 1284 2947 eruut
1300 2888 1328 2944 in
1344 2904 1506 2945 camenus.

183 2965 365 3017 revertemur
380 2960 416 3015 cd
432 2957 600 3015 Dominum·
642 3028 648 3039 1
990 2964 1093 3038 (Zeia.)
1114 2907 1301 3018 Caelidiores
1325 2954 1452 3017 Nazaraei
1476 2960 1542 3031 ejus
1572 2957 1649 3027 nive,
1664 2954 1781 3014 nitidiores

115 3033 254 3090 levemus
270 3032 358 3087 eorda
373 3035 471 3087 nestra
488 3045 552 3085 cum
570 3029 708 3085 munibus
723 3030 759 3085 ad
775 3030 932 3087 Dominum
949 3053 970 3122 c
1061 3035 1144 3105 lecte,

184 3105 213 3158 in
230 3104 328 3159 coetos.
1025 3104 1251 3161 rubicundiores
1266 3103 1352 3160 ebore
1366 3102 1499 3174 antiquo,

115 3176 175 3231 Nos
191 3174 290 3246 inique
304 3174 430 3247 egimus,
447 3175 475 3228 et
499 3172 534 3227 ad
558 3170 740 3228 iracundiam
765 3173 931 3244 provocavi·
1022 3177 1163 3250 sapphiro
1178 3176 1371 3249 pulchriores.

185 3262 271 3301 mus:
287 3246 396 3301 idcirco
411 3249 442 3299 tu
459 3242 647 3299 inexorabilis
663 3261 705 3299 es.
985 3248 1086 3320 (lieth.)
1100 3248 1256 3319 Denigrata
1270 3252 1417 3318 estsuper
1431 3245 1574 3302 carbones
1589 3243 1677 3301 iacies
1695 3253 1779 3304 coium.

112 3317 260 3391 (Seiuccti.)
276 3316 421 3388 Operuisti
437 3315 465 3370 in
483 3315 592 3383 terere,
607 3320 636 3371 et
661 3314 835 3388 percussisti
858 3333 931 3374 nos:
1057 3325 1086 3377 et
1100 3336 1157 3375 non
1175 3325 1245 3375 sunt
1259 3317 1368 3391 cogniti
1384 3315 1413 3372 in
1432 3315 1556 3388 plateis:

182 3388 329 3455 occidisti,
346 3402 398 3442 nec
414 3387 580 3458 pepercisti.
1022 3392 1146 3448 adhesit
1161 3392 1238 3447 cutis
1253 3406 1354 3447 eorem
1371 3389 1509 3446 ossibus:

15 3522 18 3527 .
110 3459 279 3532 Opposuisti
296 3458 404 3513 nubem
421 3457 485 3522 tihi,
502 3473 538 3513 ne
550 3460 680 3512 transeat
695 3457 797 3513 oratio.
1023 3464 1110 3528 aruit,
1126 3467 1155 3518 ot
1170 3464 1247 3519 tacta
1262 3466 1306 3518 est
1319 3460 1402 3533 quasi
1419 3458 1545 3531 lignum.

111 3531 354 3659 Dradgcationerp,
369 3533 398 3584 et
413 3528 605 3599 abjectionem
621 3527 748 3600 posuisti
762 3544 808 3584 me
823 3528 852 3584 in
869 3545 933 3587 mc·
987 3535 1072 3606 (vati.)
1088 3535 1192 3591 lltelius
1209 3534 1264 3591 tuit
1278 3533 1383 3590 occisis
1407 3531 1516 3604 gladio,
1535 3546 1625 3604 quem
1650 3524 1778 3586 interiectis

203 3602 231 3659 io
267 3616 436 3658 cuorum.
1059 3607 1153 3662 fame:

112 3675 203 3748 quie.)
217 3619 424 3758 figulinarum
439 3687 526 3743 snper
541 3686 595 3727 nos
610 3685 643 3728 os
658 3686 745 3728 suum
759 3688 861 3729 omnes
877 3672 934 3729 ini·
1023 3678 1162 3800 quonialm
1178 3675 1227 3734 isti
1241 3676 1435 3732 extabuerunt
1449 3674 1620 3746 consumpti

183 3762 264 3802 mici.
1115 3750 1121 3804 i
1139 3751 1207 3804 itate
1222 3752 1316 3804 terrac.

112 3818 251 3945 Formidq
264 3816 430 3944 eplaqueus
446 3815 522 3871 tacta
536 3819 581 3871 eet
603 3813 687 3871 nohis
710 3814 891 3889 vaticinatio,
907 3821 936 3874 et
990 3753 1206 3947 (vlelsllelaanus
1231 3819 1389 3877 mulierum
1415 3816 1651 3874 misericordium
1675 3811 1780 3871 coxerint

184 3906 237 3947 con
255 3904 279 3945 ri
295 3904 332 3945 ic.
1069 3892 1136 3949 iios
1152 3907 1241 3949 suos:

112 3961 306 4019 Divisiiinesa
330 3975 434 4015 uarum
464 3958 583 4016 deduxit
598 3956 703 4015 oculus
718 3958 853 4028 meus,in
866 3975 935 4016 coii-
1025 3965 1092 4020 tacti
1108 3969 1179 4020 suat
1194 3963 1276 4018 cibus
1291 3977 1404 4028 earum,

185 3977 380 4089 tritionelliae
397 4030 496 4113 populi
514 4031 580 4086 mei.
771 4100 778 4114 1
1025 4034 1054 4089 in
1071 4034 1245 4092 contritione
1262 4032 1327 4088 tiliae
1343 4031 1443 4106 populi
1460 4030 1529 4087 mci.

113 4105 208 4178 (Ain.)
219 4104 328 4160 Oculus
341 4119 425 4159 meus
435 4101 561 4158 attinctus
572 4105 627 4171 est,
638 4116 691 4157 nec
702 4105 803 4169 tacuit,
813 4118 846 4159 eo
857 4103 935 4175 quod
990 4106 1119 4180 (etant.)
1135 4105 1296 4178 complevit
1313 4104 1454 4161 Dominus
1469 4104 1602 4158 furorem
1618 4118 1710 4159 suum.

187 4194 244 4233 non
261 4180 340 4232 essct
353 4173 479 4247 requies.
1026 4178 1130 4234 eliudit
1147 4179 1219 4234 iram
1235 4175 1449 4248 indignationis
1464 4191 1547 4230 sua:

113 4247 210 4305 Donec
226 4247 392 4320 respiceret,
410 4250 438 4301 ct
452 4245 564 4300 videret
579 4243 723 4299 Dominus
739 4244 882 4302 decoctis.
1026 4254 1055 4306 et
1070 4249 1224 4306 succendit
1238 4249 1335 4321 ignem
1351 4247 1380 4302 in
1396 4248 1478 4314 Sion,
1493 4252 1522 4302 et
1551 4245 1698 4303 devoravit
1707 4236 1780 4299 tunda-

116 4317 224 4374 Oculus
234 4336 316 4375 meus
327 4317 512 4390 depredatus
524 4319 568 4371 est
578 4315 708 4371 animam
720 4331 815 4372 meam
827 4317 857 4372 in
870 4334 938 4374 euri-
1063 4326 1161 4376 menta
1177 4322 1253 4393 ejus.

187 4390 242 4445 ctis
258 4390 373 4446 filiabus
390 4388 472 4443 urbis
488 4403 569 4444 meae.
991 4392 1124 4465 (lamed.)
1140 4393 1202 4448 Non
1218 4391 1405 4448 erediderunt
1421 4405 1503 4472 reges
1517 4395 1613 4461 terris,

115 4457 220 4527 (Sede.)
232 4461 404 4542 ,Veneticae
427 4463 566 4531 ceperunt
587 4473 633 4514 me
657 4474 716 4530 qua
731 4474 809 4514 avem
824 4459 936 4518 inimici
1026 4468 1054 4520 et
1069 4464 1197 4520 universi
1212 4462 1392 4519 habitatores
1408 4461 1495 4528 orbis,

185 4546 239 4585 “¹⁰¹
255 4534 356 4602 Bittis·
841 4595 843 4600 ,
1026 4533 1520 4608 quoniamingredereturhostiset
1534 4530 1779 4603 inimicuspeipor

116 4602 209 4671 Lapsa
222 4605 267 4656 est
281 4603 310 4656 iii
327 4603 423 4658 lacurn
434 4603 493 4658 vita
511 4617 585 4667 mea,
596 4605 625 4657 et
638 4601 936 4676 posueruntlapidem
1061 4613 1107 4664 tas
1122 4606 1297 4664 Jerusalem.

186 4687 275 4741 supet
291 4689 347 4729 me·
989 4678 1091 4751 (item.)
1102 4679 1222 4750 Propter
1237 4681 1355 4751 peecata
1371 4674 1578 4748 prophetarum
1596 4676 1671 4748 ejus,

114 4740 336 4825 inundaverunt
365 4761 447 4817 aqua
476 4759 567 4816 super
596 4748 683 4814 caput
709 4760 829 4803 meum:
856 4747 935 4804 dixi:
1027 4755 1055 4806 et
1069 4751 1238 4822 iniquitates
1251 4749 1435 4806 sacerdotum
1451 4750 1528 4816 eius,

187 4817 273 4867 Pttll·
1027 4816 1778 4894 quietiuderiintinniedioejiissangeinemjustorttti
1826 4816 1828 4845 ¹

114 4882 224 4969 (Ceph)
236 4885 368 4967 invocavi
384 4902 490 4942 nomen
501 4890 597 4954 tuum,
609 4885 742 4954 Domine,
754 4889 789 4944 de
804 4887 867 4944 lacu
886 4906 936 4946 nc·
990 4894 1086 4967 (Numi
1101 4895 1275 4950 Erravsrunt
1290 4891 1358 4947 ciaet
1374 4892 1404 4945 iii
1418 4890 1534 4962 plateis,

185 4972 315 5012 vissimo.
426 5028 432 5040 1
467 5029 472 5039 1
1027 4966 1129 5037 polluti
1146 4964 1258 5022 suntin
1275 4963 1437 5036 sanguine:

114 5027 219 5111 Voceiii
240 5044 335 5083 meam
364 5029 492 5083 audisti:
509 5045 545 5084 ne
559 5034 673 5086 aiiertas
696 5047 796 5087 aurem
822 5036 937 5089 tuama
991 5054 1118 5108 cumque
1134 5055 1190 5093 non
1207 5041 1337 5108 possent,
1352 5036 1513 5089 tenuerunt
1527 5030 1653 5088 lacinias
1667 5043 1734 5086 suns·

45 5121 47 5125 ’
184 5098 659 5183 ⁸¹sstt¹³ll1¹ittetlietolamoribns.
992 5108 1138 5181 (Sumecli.)
1160 5109 1305 5172 Recedite,
1329 5104 1443 5175 polluti,
1468 5103 1671 5160 clamaverunt
1690 5101 1777 5156 eiaire·
1826 5158 1828 5173 1

115 5174 362 5256 appropinquasti
377 5188 405 5225 in
419 5171 476 5237 die,
491 5171 609 5241 quando
620 5171 751 5229 invocavi
763 5178 791 5230 te
804 5190 811 5231 :
825 5175 935 5232 dixisti:
1062 5181 1165 5247 cedite,
1181 5181 1268 5245 abite,
1285 5176 1373 5234 nolite
1388 5181 1508 5248 tangere
1516 5193 1528 5230 .·

188 5250 354 5300 estiment·
460 5311 466 5324 ,
987 5249 1099 5322 jurgati
1114 5254 1220 5322 quippe
1236 5254 1316 5316 sunt,

113 5315 196 5384 (ties.)
211 5313 366 5398 iudicasti,
383 5313 517 5382 Domine,
533 5327 654 5368 caesam
671 5315 776 5372 anima
791 5333 873 5385 meve,
890 5333 936 5375 re·
991 5327 1020 5377 et
1047 5323 1184 5378 commoti
1215 5322 1352 5378 dixerunt
1379 5319 1456 5374 inter
1484 5321 1608 5390 gentes:
1632 5317 1693 5373 Neu
1720 5302 1780 5368 addet

186 5388 496 5462 aempioivitamea.
1063 5392 1359 5450 iiiiautnabtieitn
1376 5390 1429 5446 eis.

153 5600 162 5633 ¹
178 5602 309 5686 Heliseus
332 5601 414 5659 tebet
435 5580 551 5685 ‘litabit
568 5608 632 5668 ‘tta'
652 5611 707 5653 vox
728 5599 840 5682 propias
858 5585 939 5658 sonet¹
991 5605 1143 5664 metathesi
1159 5609 1195 5663 ab
1213 5623 1247 5664 ea
1262 5606 1368 5673 dittert,
1385 5601 1596 5677 significatque
1620 5618 1716 5661 revera
1732 5594 1784 5656 leit·

115 5679 345 5750 exsecrationem
362 5678 444 5729 tuam
463 5686 470 5726 :
487 5668 598 5725 cadatur
620 5681 686 5723 vero
709 5669 737 5726 S.
754 5673 936 5743 Hieronymus
989 5694 1056 5749 rem,
1074 5680 1238 5749 molestiam,
1254 5683 1342 5751 atque
1355 5677 1400 5732 his
1417 5674 1536 5732 similia.

113 5753 145 5792 m
158 5756 210 5796 suo
225 5746 380 5818 exemplari
393 5745 487 5817 tensae
499 5751 617 5829 quereri,
632 5755 692 5814 qttae
707 5743 791 5800 tvaim
805 5744 936 5801 litterulae
