3870 6120
107 287 170 351 ΝΘ

813 283 1120 349 Pnouudolttlrts.

1763 285 1823 349 {llll

106 422 188 484 iiiuc
215 419 349 500 colligas
376 417 535 499 duplicem
564 417 659 480 tuisse
693 418 726 480 in
768 417 941 480 uetustissi·
956 423 981 489 Α
999 417 1053 498 qni
1090 417 1183 480 hodie
1212 423 1425 498 supputantur
1452 416 1484 477 iu
1518 417 1616 480 sacris
1653 418 1819 481 volumini·

106 519 168 581 mis
219 517 434 579 monumentis
488 533 635 579 versuum
692 515 937 590 distinctionem,

107 624 279 696 utramque
301 632 377 678 sero
399 613 542 694 agnitam
571 613 667 676 luisse
694 620 725 675 et
752 619 938 695 usurpatam

106 717 147 777 ab
185 712 422 793 antiquioribus
457 711 683 774 Ecclesiasticis
719 712 937 792 scriptoribus.

106 813 200 895 Apud
216 810 431 891 Augustiuum
448 828 507 870 usu
528 827 654 892 semper
681 815 839 889 receptam
868 828 938 871 eam

106 910 262 979 invenies,
279 928 351 988 quse
373 908 414 969 sit
428 925 484 986 per
498 906 569 968 cola
583 911 615 968 et
629 914 811 970 commenta
828 924 835 967 :
853 909 940 986 apud

108 1009 342 1088 Hieronymum
371 1023 458 1077 vero,
494 1023 579 1066 nuuc
606 1005 763 1081 eamdem,
791 1023 876 1065 nunc
891 1005 936 1065 di·

105 1124 235 1169 versam
248 1106 344 1184 juxta
358 1101 544 1183 qualitatem
575 1101 770 1181 singularum
801 1102 938 1182 partium

104 1205 285 1283 Scripturas
313 1200 440 1261 divinae.
472 1201 508 1260 ln
536 1198 672 1260 metricis
702 1199 938 1279 compositioni-

105 1301 175 1375 bus,
195 1318 271 1375 quae
294 1316 444 1359 numeros
458 1294 577 1357 habent
591 1296 739 1359 astrictos
764 1296 939 1357 secundum

105 1399 223 1460 seriem
252 1396 459 1459 Hebraeorum
503 1393 746 1468 elementorum,
776 1411 845 1455 eam
875 1395 940 1456 lere

104 1514 235 1577 semper
281 1492 516 1556 distinctionem
565 1509 713 1553 versuum
762 1492 938 1573 usurpavit,

106 1613 205 1674 quam
244 1610 304 1654 nos
333 1589 428 1652 hodie
462 1590 625 1670 sequimur
652 1590 683 1650 in
712 1589 849 1668 Vulgata
877 1593 937 1651 La·

107 1694 170 1755 tina
188 1708 198 1754 ε
216 1690 252 1752 in
267 1688 389 1753 eaeteris
404 1694 510 1749 aulem
525 1686 624 1761 libris,
663 1692 697 1748 nt
731 1706 828 1767 supra
862 1687 939 1749 dixi·

992 517 1069 592 bus,
1115 535 1185 577 cum
1232 516 1294 575 illis
1332 533 1479 576 versuum
1514 516 1817 592 enumerationibus,

993 634 1064 695 quae
1105 614 1253 694 leguntur
1294 613 1326 674 in
1371 613 1526 674 veteribus
1562 613 1734 676 Bibliorum
1772 634 1819 677 sa·

993 730 1119 775 ererum
1170 710 1404 790 exemplaribus
1446 710 1684 789 manuscriptis,
1737 712 1820 776 Gra·

993 811 1038 872 cis
1080 817 1177 889 atque
1219 807 1349 869 Latinis.
1396 807 1582 869 Incredibile
1629 809 1728 870 visum
1773 816 1820 872 est

993 925 1114 987 nupero
1143 905 1290 986 scriptori
1327 904 1449 977 critico,
1492 904 1523 964 in
1559 904 1626 967 solo
1661 907 1734 969 lobi
1768 926 1820 970 vo-

993 1004 1113 1067 lumine
1148 1004 1284 1065 defuisse
1317 1002 1533 1083 septingentos
1569 1002 1618 1063 vel
1659 1003 1817 1085 octingen-

992 1109 1042 1165 tos
1083 1121 1192 1165 versos
1227 1108 1300 1163 ente
1340 1100 1511 1161 editionem
1548 1098 1689 1177 ejusdem
1732 1102 1818 1178 libri,

994 1220 1090 1281 quam
1118 1201 1177 1263 sub
1210 1197 1368 1261 asteriscis
1395 1203 1427 1258 et
1454 1195 1553 1258 obelis
1580 1196 1677 1260 edidit
1718 1199 1820 1262 Hiero·

993 1317 1128 1379 nymus;
1159 1303 1192 1358 at
1229 1296 1254 1358 si
1296 1295 1406 1357 fuisset
1447 1294 1649 1356 mediocriter
1676 1302 1818 1359 versatus
1871 1299 1872 1303 ’

993 1395 1024 1455 iu
1064 1394 1204 1474 antiquis
1246 1411 1393 1455 versuum
1422 1391 1689 1470 distinctionibus,
1733 1393 1818 1473 judi-

993 1492 1141 1571 ciumque
1184 1492 1223 1552 de
1265 1489 1327 1551 illis
1369 1490 1494 1551 iecisset
1523 1508 1561 1550 ex
1599 1489 1819 1552 vetustissimis

994 1589 1230 1669 exemplaribus
1246 1588 1423 1650 divinorum
1452 1586 1662 1666 voluminum,
1694 1594 1725 1649 et
1753 1606 1817 1650 non

993 1706 1031 1748 ex
1082 1686 1211 1768 propria
1250 1684 1508 1765 presumptione,
1537 1684 1678 1764 ineptam
1717 1685 1819 1766 persi·

105 1808 185 1864 mus,
205 1793 357 1849 numerat
371 1784 547 1847 Bibliorum
574 1803 683 1846 versus
700 1783 794 1863 juxta
828 1786 937 1864 copie·
953 1791 978 1858 Β
993 1785 1090 1846 disset
1104 1783 1318 1863 eoujecturam
1335 1800 1438 1856 susm,
1470 1800 1534 1860 qua
1562 1780 1732 1844 sollicitare
1759 1801 1817 1845 vo·

105 1886 268 1949 sissimam
297 1902 408 1946 eorum
445 1882 676 1945 distinctionem
705 1901 762 1943 sue
798 1889 940 1963 tempore

104 1991 272 2065 receptam
307 1983 339 2044 iu
369 1981 529 2054 Ecclesiis,
558 1980 590 2041 id
619 1986 677 2055 est,
715 1985 875 2060 receptam
907 1981 938 2041 iu

104 2080 208 2144 veteri
252 2079 401 2159 Vulgata,
450 2096 520 2158 quae
570 2078 716 2139 manibus
754 2078 938 2139 Latinorum

106 2179 286 2243 terebatur.
329 2178 470 2249 Quorum
503 2175 729 2237 versiculorum
767 2181 937 2256 antequam

104 2279 215 2340 uarios
251 2275 371 2336 indices
408 2291 634 2354 proponamus,
679 2273 764 2334 haud
801 2273 937 2335 otiosum

103 2375 204 2438 luerit
234 2372 405 2435 nonnullas
433 2370 589 2450 subjicere
624 2369 842 2433 distinctiones
873 2372 936 2433 usi-

105 2479 191 2536 tatas
219 2471 253 2533 iu
285 2489 367 2532 nove
397 2471 609 2554 Testamento.
649 2467 799 2536 Quaedam
842 2468 938 2549 igitur

103 2572 289 2650 fragmenta
317 2585 391 2629 mss.
422 2566 587 2645 Evangelii
615 2566 789 2627 secuudum
817 2570 935 2628 Lucam

103 2667 184 2730 mibi
221 2663 470 2728 communicavit
496 2663 688 2725 clarissimus
717 2663 766 2727 rir
806 2664 840 2723 ll.
865 2667 938 2726 Des·

104 2783 223 2842 mares,
257 2763 290 2824 in
319 2762 435 2842 quibus
458 2768 601 2843 superest
617 2761 775 2823 distinctio
805 2761 937 2841 antiqua

106 2879 271 2936 sonuum,
289 2866 326 2923 ut
340 2866 371 2922 et
386 2859 517 2938 antiqua
546 2859 649 2920 versio
678 2859 800 2931 Latina,
824 2859 936 2922 litteris

112 2959 294 3022 uncialibus
322 2957 480 3038 descripta
502 2958 535 3018 in
565 2956 753 3038 pervetustis
782 2958 936 3019 membra·

111 3059 168 3119 uis.
186 3062 267 3120 Luc.
284 3073 312 3131 v,
348 3055 398 3131 18,
428 3053 489 3117 lroc
505 3055 599 3117 modo
614 3054 765 3135 scriptum
781 3054 934 3135 legimus:

994 1882 1053 1944 luit
1080 1900 1262 1962 germanam
1287 1880 1453 1941 lectionem
1483 1879 1682 1942 Praetationis
1709 1880 1820 1942 Hiero·

993 1981 1082 2060 nymi
1096 1981 1127 2040 iu
1143 1979 1258 2040 librum
1275 1977 1348 2054 Jeb,
1365 1984 1397 2039 et
1424 1976 1485 2039 hoc
1514 1977 1608 2038 modo
1638 1977 1819 2039 adulteren-

993 2078 1087 2140 dam:
1108 2076 1330 2159 Septuaginta,
1360 2074 1408 2136 vel
1436 2075 1597 2157 octoginta
1625 2095 1732 2136 versam
1760 2076 1816 2137 da·
1871 2106 1876 2111 ·

992 2181 1088 2237 sunt:
1105 2193 1162 2255 pro
1187 2173 1405 2253 septingentis,
1435 2173 1648 2256 septuaginta,
1678 2172 1727 2233 vel
1757 2191 1813 2254 pro

992 2272 1191 2352 octingentis,
1231 2271 1404 2352 octoginta.
1449 2271 1556 2344 Qualis
1584 2271 1746 2332 restitutor
1773 2270 1813 2334 le·

992 2372 1132 2434 ctionum
1168 2371 1505 2451 Hieronymianaruml
1535 2370 1662 2434 Utinam
1687 2369 1813 2433 abscin-
1880 2438 1886 2451 ⁸

991 2468 1108 2531 dautur
1123 2467 1177 2549 qui
1192 2486 1247 2528 vos
1261 2468 1470 2528 conturbanti

1031 2567 1128 2630 Plura
1158 2567 1443 2646 praetermissimus,
1472 2585 1511 2628 ne
1540 2567 1813 2647 uimialongitudo

992 2669 1125 2730 molesta
1151 2666 1192 2727 sit
1216 2666 1338 2741 lectori,
1369 2666 1499 2744 etquod
1522 2667 1651 2746 prodest
1679 2667 1812 2747 scripto·

991 2762 1033 2824 ris
1090 2761 1320 2836 exercitationi,
1371 2766 1484 2824 noceat
1536 2762 1676 2840 corporis
1714 2762 1815 2842 ipsius
1875 2782 1878 2789 ·

990 2861 1175 2923 valetudini.
1219 2861 1267 2922 nd
1310 2860 1558 2921 manifestandas
1598 2860 1696 2939 igitur
1743 2879 1815 2922 rer·

991 2978 1082 3021 suum
1130 2959 1323 3021 Biblicorum
1373 2958 1530 3036 quaslibet
1582 2957 1810 3035 distinctiones,
1886 2980 1889 2985 ·

991 3057 1138 3136 antiquas
1162 3075 1198 3117 ac
1228 3055 1428 3130 recentiores,
1453 3074 1622 3117 numerum
1652 3074 1812 3132 versuum,

107 3173 144 3218 ss
181 3171 261 3217 scca
295 3170 584 3216 v1s1rorsures1u
615 3169 710 3214 sacro
737 3159 1084 3234 amausensis-equam
1115 3153 1231 3232 singuli
1257 3152 1434 3213 divinarum
1465 3153 1700 3233 Scripturarum
1743 3152 1816 3215 libri

106 3270 188 3315 san?
223 3269 367 3314 ΒΟΙῙΝΕΙ
403 3269 454 3322 0111
498 3269 578 3313 tnta
623 3267 824 3314 bansatrices
855 3269 862 3325 ἱ
899 3268 936 3313 ΒΤ

991 3251 1164 3323 continent,
1180 3251 1212 3310 iu
1231 3249 1374 3329 tetraplis
1388 3250 1584 3323 exhibemus,
1622 3258 1657 3311 ut
1679 3250 1723 3311 sic
1751 3268 1814 3313 uuo
1865 3273 1869 3277 ’

107 3367 299 3421 summanr
333 3367 395 3412 rurs
438 3365 567 3410 insensa
610 3365 648 3410 ar
695 3363 811 3410 rossus
860 3364 936 3410 anre
989 3350 1258 3412 iutuitudiversas
1286 3349 1470 3429 hujusmodi
1501 3349 1717 3412 distinctiones
1742 3349 1814 3429 qui·

109 3466 171 3513 surr
195 3466 238 3510 rr
260 3464 321 3511 uon
343 3463 552 3522 rursuraurss,
588 3451 649 3508 etc.
687 3449 772 3508 Duos
798 3446 842 3508 ibi
870 3465 935 3508 ver·
989 3448 1066 3509 libet
1106 3448 1266 3509 studiosus
1307 3447 1429 3526 liquide
1457 3447 1574 3509 habeat
1617 3453 1811 3528 perspectas,

106 3565 157 3609 sus
182 3545 334 3609 distinxit
361 3545 498 3624 scriptor
523 3543 609 3606 illius
637 3543 764 3618 codicis,
795 3545 935 3606 notando
989 3564 1091 3625 neque
1112 3545 1260 3626 deinceps
1282 3545 1528 3627 uniuscujusque
1557 3546 1658 3608 critici
1687 3562 1810 3608 errores

109 3651 265 3726 punctum
309 3660 483 3723 supernum
516 3642 556 3703 ad
590 3642 685 3704 linem
724 3641 933 3721 singulorum,

108 3760 161 3806 uec
176 3741 277 3804 aliam
306 3739 540 3802 distinctionem
565 3756 713 3801 versuum
729 3739 761 3801 in
789 3739 845 3801 illo
875 3758 932 3801 ms.

109 3837 288 3920 exemplari
302 3836 478 3899 adhibitam
494 3837 651 3917 perspexi.
679 3841 712 3897 ln
741 3834 803 3899 aliu
827 3843 934 3899 autem

109 3935 290 4016 tragmeuto
311 3933 453 4014 ejusdcm
468 3933 642 4015 Evangelii,
673 3933 767 4014 plena
795 3940 842 3998 est
869 3951 936 3996 ver-

112 4053 200 4096 suum
240 4032 367 4107 divisio,
407 4037 504 4111 atque
541 4032 699 4095 distinctio
741 4038 934 4095 commatum

113 4149 166 4212 per
180 4129 371 4192 mtervalla:

227 4271 267 4317 Π
288 4269 360 4317 EGCR
381 4270 536 4316 mltum

272 4367 332 4414 nuo
354 4367 395 4413 ΒΧ
416 4367 577 4415 nmclPutls
598 4368 670 4415 JESU

230 4464 326 4511 ΙΒΔΜ·
345 4465 414 4511 IPSA
437 4467 488 4511 uls

272 4563 302 4608 nt
324 4563 501 4610 CASTBLLUH

231 4662 315 4716 QUOD
335 4662 415 4707 saar
436 4662 467 4707 tit
487 4662 594 4708 snnrlo

273 4759 448 4806 sanniones
470 4760 561 4804 SEXA·

273 4856 363 4903 (iiim
385 4857 424 4902 ΑΒ
444 4858 636 4903 HIBRUSALEH

229 4954 349 5001 ΙΟΙΙΙΕ
370 4955 506 5001 1111118.

147 5071 295 5144 oestuor
327 5071 360 5133 hi
399 5089 508 5134 sersus
550 5072 691 5152 antiquas
728 5072 938 5136 distinctionis

112 5169 238 5231 unicum
267 5169 464 5231 constituunt
499 5168 531 5230 in
564 5175 672 5231 nostra
708 5170 845 5249 Vulgata
880 5174 938 5232 La·
1010 5166 1022 5192 ²

108 5266 267 5329 tioabuc.
285 5283 371 5336 xxiv,
402 5268 452 5329 1³.
483 5270 585 5329 Tanta
609 5267 706 5347 igitur
730 5268 788 5329 erit
816 5266 935 5329 distan-
1003 5274 1035 5302 ⁰·

108 5364 151 5425 tia
181 5381 392 5426 numerorum
436 5365 467 5424 in
500 5364 642 5425 versibus
682 5364 809 5425 Biblicis
851 5366 936 5445 apud

105 5468 211 5524 noset
227 5461 492 5541 apudantiqu0s‚
520 5468 641 5542 quanta
669 5469 718 5524 est
745 5461 839 5523 unius
867 5481 938 5542 par-

106 5560 145 5621 tis
167 5560 210 5621 ad
241 5566 379 5639 quatuor
405 5567 523 5640 partes.
552 5564 654 5629 Quare
684 5561 840 5624 neminem
872 5579 936 5623 mc·

107 5663 206 5721 mt
247 5658 329 5723 adeo
367 5658 567 5723 desonantes
607 5659 732 5722 numeri
773 5677 931 5737 versuum,

989 3646 1078 3726 sequi
1091 3651 1234 3725 cogatur.

1140 3759 1272 3811 VERSUS
1288 3759 1431 3810 variants
1446 3759 1658 3811 asarsusim

1377 3856 1502 3893 musanus
1515 3855 1641 3892 amenus

1019 3926 1109 3977 LIBRI
1273 3928 1293 3979 1.
1416 3929 1447 3980 ll.
1567 3930 1611 3980 ΙΙΙ.

991 4355 1047 4399 Gau.

990 4407 1057 4453 Exod.

990 4462 1061 4508 Lavit,

949 4529 973 4595 u
990 4516 1055 4613 ts:

990 4622 1034 4664 tor.

990 4674 1060 4719 tudio.

990 4729 1057 4773 Roth.

991 4782 1000 4822 1
1014 4781 1081 4826 Rath.

992 4834 1011 4875 ll
1026 4836 1082 4887 Reg.

989 4887 1020 4928 lll
1036 4888 1092 4940 ch.

991 4941 1019 4981 tt’
1034 4942 1090 4995 lteg.

990 4993 1039 5034 lsai.

989 5047 1067 5089 darem.

991 5099 1067 5146 Erech.

990 5154 1009 5194 D
1023 5166 1045 5197 u.

991 5207 1030 5246 xlt
1045 5207 1121 5262 Proph.

989 5260 1002 5301 J
1016 5259 1029 5299 b

991 5312 1068 5357 Psalm.

990 5366 1053 5408 Pror.

990 5419 1072 5464 Ecaten,

990 5470 1051 5516 cens.

990 5527 999 5566 l
1015 5528 1063 5572 Par.

990 5580 1010 5619 ll
1022 5581 1070 5625 Par.

989 5632 1040 5678 ssd.
1055 5640 1077 5678 et
1091 5633 1147 5681 Nslx.

988 5685 1073 5734 Esther.
