3870 6120
124 216 195 274 reso
652 213 683 265 a.
703 208 907 265 manuario
924 206 1052 262 niusa·
1067 205 1317 293 smnrorsaca.
1758 188 1829 265 racd

69 308 80 319 ἱ
122 343 173 417 qui
189 342 244 412 [at.
260 341 289 397 et
302 338 365 411 qui]
381 335 451 393 mihi
471 334 592 390 vidahar
617 332 727 391 sciolus
755 331 833 389 inter
856 346 906 387 eos
922 333 945 399 ¹,
960 329 986 398 Α
1002 329 1181 403 exemplum,
1197 331 1248 387 uhi
1259 331 1435 405 legissemus
1453 332 1484 389 ln
1513 336 1575 390 toto
1597 332 1698 389 Veteri
1725 333 1826 391 'lesta-

121 434 195 503 eoepi
212 444 331 487 rursum
347 423 511 496 discipulus
527 438 592 481 esee
608 422 793 480 chaldaicus.
811 421 844 476 ut
859 425 948 476 utve·
1003 422 1826 496 mento,quemquamsauetcrumgravirolaeseeorpere,

123 539 188 578 rum
205 521 306 586 latear,
322 528 414 586 usque
426 513 461 568 ad
478 517 651 585 presentem
667 512 745 568 diem
762 509 858 584 magis
878 525 948 581 pce·
1002 514 1030 562 et
1048 507 1078 563 in
1095 510 1202 577 puncto
1217 507 1295 564 hore
1310 512 1394 564 tanta
1404 513 1547 565 terrarum
1562 509 1662 583 spatia
1672 507 1826 566 transisse.

121 619 370 671 sumsermonem
387 601 690 676 Chaldaicumlegers
717 606 747 657 et
774 598 947 672 intelligere,
1002 596 1053 652 Cui
1068 613 1136 653 enm
1152 597 1309 671 quideme
1338 597 1448 654 nostris
1477 599 1551 655 satis
1577 599 1614 655 ad
1644 597 1825 669 loquendum

1 693 4 700 '
123 712 212 769 quam
229 707 343 750 sonare.
360 691 426 746 llaec
440 689 560 756 idcireo,
577 695 609 745 ut
624 691 635 724 ²
651 688 854 747 difficultatem
866 687 948 744 vohis
1001 685 1197 758 promptulus,
1213 686 1391 744 Ezechielem
1402 687 1571 744 adduxisset
1586 688 1616 743 in
1634 688 1778 754 medium,
1798 692 1829 742 et

122 782 252 841 Danielis
267 780 464 848 ostenderem,
480 779 530 852 qui
544 780 621 850 apud
651 778 786 834 Hehreoe
814 793 867 834 nee
890 777 947 832 Su·
1002 774 1111 831 diceret
1121 792 1188 832 oum
1205 778 1241 833 de
1255 776 1391 833 chaldea
1404 778 1434 834 in
1448 778 1578 835 Judaeam
1590 777 1684 834 luisse
1700 776 1827 834 translu-

123 889 223 930 eannar
238 870 327 927 hahet
340 868 505 937 historiam,
522 883 575 924 nee
585 867 727 940 hymnum
737 867 827 924 trium
843 881 947 939 puero·
1003 868 1065 919 tom
1081 882 1088 921 :
1104 865 1207 921 derisit
1224 866 1383 934 hominem,
1399 871 1428 923 et
1447 883 1481 923 ex
1507 866 1572 940 ipse
1598 866 1752 923 uolumine
1776 867 1826 922 ds·

122 978 199 1030 rum,
212 976 266 1018 nec
280 958 368 1026 Belia,
385 957 581 1029 draconisque
601 955 716 1013 tabulae
733 971 740 1012 :
757 972 831 1028 quas
858 972 911 1012 nce
925 955 947 1009 ⁸2
1003 953 1175 1009 monstravit
1189 953 1368 1013 Ezechielem
1385 955 1415 1011 in
1430 955 1580 1029 spirituas
1594 956 1707 1013 ridieee
1732 959 1824 1012 trane·

119 1051 191 1123 qnia
219 1048 249 1105 in
268 1053 328 1105 toto
354 1048 424 1103 orbe
446 1047 588 1119 dispersae
599 1049 804 1116 sunt,veru÷
826 1047 947 1117 antepo·
1000 1042 1140 1113 positum.
1156 1043 1289 1116 Denique
1303 1047 1332 1100 et
1345 1045 1516 1117 Apostolum
1529 1049 1676 1115 nostrum,
1692 1044 1826 1102 videlieet

119 1141 178 1211 sito
191 1141 213 1208 ⁴,
228 1137 509 1210 eaequejugulunte,
521 1135 705 1207 subjecimus
721 1150 772 1192 :ne
781 1135 948 1191 videremur
1001 1135 1034 1188 ut
1049 1132 1196 1189 eruditum
1212 1133 1322 1203 virum,
1338 1139 1368 1190 et
1382 1133 1433 1206 qui
1450 1136 1544 1207 legem
1555 1136 1592 1191 ab
1602 1134 1734 1192 llehraeis
1749 1133 1825 1191 didi·

118 1228 197 1302 apud
212 1227 364 1300 imperitos
377 1241 514 1297 magnam
528 1228 642 1297 partem
654 1223 813 1281 voluminis
824 1225 947 1280 detrun·
999 1220 1101 1290 elcesi,
1117 1236 1174 1277 non
1190 1221 1281 1278 luisse
1296 1239 1402 1279 aueum
1427 1222 1575 1280 affirmare
1604 1240 1636 1281 ee
1661 1227 1780 1297 raptum
1795 1222 1825 1281 in

30 1294 35 1305 ⁵
119 1334 213 1375 casse.
231 1316 335 1373 Audivi
350 1331 403 1389 ego
419 1315 579 1387 quemdem
591 1314 628 1370 de
643 1312 871 1386 preceptoribus
892 1316 945 1368 Ju·
999 1324 1129 1381 corpore,
1145 1312 1195 1367 sed
1212 1311 1321 1368 dixisse
1337 1328 1344 1369 τ
1360 1311 1425 1368 Sine
1454 1314 1485 1369 ia
1512 1327 1634 1386 corpere,
1663 1315 1724 1370 ricc
1746 1322 1826 1370 cetra

120 1408 263 1477 duorum,
277 1421 345 1462 eum
372 1408 516 1460 susanne
532 1403 678 1459 derideret
690 1402 855 1472 historiam,
872 1408 901 1458 et
928 1417 946 1458 a
998 1413 1106 1470 corpses,
1130 1400 1231 1466 acacio,
1255 1401 1325 1456 Deae
1352 1401 1405 1458 ecit
1428 1402 1465 1471 (ll
1488 1401 1549 1459 Cer.
1574 1418 1630 1472 ¹11,
1650 1402 1682 1474 2)
1709 1401 1762 1458 His
1797 1404 1826 1459 et

119 1495 219 1552 Graece
234 1493 334 1552 nescio
350 1509 407 1565 quo
423 1493 532 1549 diceret
546 1507 611 1549 esee
626 1490 791 1559 eonlletam,
808 1490 879 1547 illud
891 1506 943 1562 op·
998 1486 1108 1544 talibus
1123 1489 1303 1559 argumentis
1318 1489 1501 1564 apocryphas
1523 1491 1553 1546 in
1584 1491 1661 1547 libro
1690 1490 1825 1548 scelesta

119 1600 239 1658 ponere,
256 1583 334 1655 quod
350 1580 466 1655 Origeni
483 1596 600 1654 quoque
611 1581 767 1638 Africanus
776 1579 912 1652 opposuit
921 1580 944 1647 ⁸,
999 1575 1114 1634 labulae
1129 1579 1281 1651 arguebat.
1293 1580 1456 1653 Superque
1469 1597 1501 1638 re
1514 1581 1767 1639 lectorisarhitrio
1779 1583 1825 1654 jn·

121 1676 150 1729 et
178 1672 371 1745 etymologias
385 1670 440 1728 has
455 1669 507 1724 ὰπὸ
526 1672 577 1724 τοῦ
593 1668 691 1744 σχίνου
705 1666 809 1743 extrui,
826 1666 872 1722 καὶ
891 1667 943 1723 ἀπὸ
958 1688 983 1756 Β
998 1665 1109 1723 dicium
1124 1667 1341 1741 derelinquens,
1357 1668 1431 1727 illud
1452 1672 1607 1740 admoneo,
1637 1688 1697 1728 non
1727 1670 1826 1728 haberi

8 1796 12 1801 -
119 1763 169 1815 τοῦ
178 1759 276 1836 πρίνου
287 1759 393 1835 replear,
410 1760 446 1815 de
467 1762 564 1816 Graec
592 1774 728 1815 sermone
755 1758 941 1815 descendere.
996 1755 1147 1812 Danielem
1163 1758 1240 1830 apud
1256 1757 1392 1816 Hebraeos
1406 1759 1484 1818 inter
1498 1761 1670 1835 prophetas,
1685 1761 1738 1818 sed
1754 1761 1827 1818 inter

119 1850 211 1922 Cujus
225 1849 268 1906 rei
277 1865 331 1905 nos
340 1846 564 1918 intelligentiam
577 1847 685 1904 nostrie
695 1844 771 1903 hane
782 1862 941 1919 possumus
995 1861 1045 1902 ees
1060 1845 1111 1917 qui
1127 1845 1295 1924 Ἀγιόγραφα
1306 1848 1555 1922 conscripserunt.
1582 1853 1614 1907 ln
1642 1855 1703 1907 tres
1732 1851 1824 1924 siqui·

118 1939 207 1996 dare:
225 1937 271 2005 Ut,
301 1937 382 1994 varhi
409 1936 514 2010 gratia,
534 1936 668 1993 dieamus
688 1936 725 1991 ab
747 1937 849 1993 arbore
876 1934 941 1992 ilice
995 1933 1060 1991 dem
1079 1941 1177 2007 partes
1192 1937 1290 1994 omnis
1306 1938 1342 1994 ab
1355 1939 1398 1995 eie
1413 1939 1565 2013 Scriptura
1586 1939 1733 1997 dividitur
1745 1941 1757 1976 ⁸
1770 1957 1778 1996 ι
1793 1941 1823 1997 in

118 2027 226 2084 dixisse
237 2043 317 2096 eum,
332 2024 414 2082 lllico
430 2023 817 2098 pereaezetalentiseo,ln
832 2023 941 2081 lentem
996 2024 1157 2094 hegsm,in
1183 2025 1353 2099 Prophetae,
1384 2028 1413 2084 in
1439 2026 1619 2106 Ἀγιόγραφι,
1648 2029 1680 2085 id
1710 2033 1767 2097 eet,
1794 2031 1823 2087 in

116 2121 145 2173 te
159 2116 341 2173 comminuat
356 2114 491 2187 angelus,
507 2112 551 2171 vel
577 2131 635 2171 non
657 2113 735 2170 lente
763 2129 876 2186 pereas,
891 2117 942 2170 aut
995 2112 1137 2183 quinque,
1153 2118 1182 2170 et
1196 2119 1271 2183 octo,
1287 2120 1316 2172 ct
1327 2116 1356 2172 in
1373 2117 1508 2174 undecim
1520 2116 1612 2174 lihroe
1628 2134 1637 2174 t
1653 2119 1690 2175 de
1701 2135 1823 2192 quenon

116 2202 618 2276 lentos,idestsseaihiliedueeris
647 2203 683 2258 ad
713 2203 941 2259 mortemzsive
996 2200 1552 2276 eethutustemporisdisserere.Qua
1577 2212 1680 2264 autem
1715 2225 1749 2266 ex
1772 2207 1824 2266 hoe

117 2294 198 2351 aliud
215 2294 285 2367 quid
301 2293 338 2350 ad
353 2293 467 2351 arboris
482 2308 589 2349 nemen
615 2292 801 2349 convenicae.
831 2292 942 2349 Deinde
996 2290 1148 2362 propheta,
1170 2292 1228 2349 ime
1244 2293 1562 2365 contrahunelihrum,
1579 2296 1824 2371 Porphyriueoh·

116 2387 233 2440 tantum
244 2381 336 2439 inisse
349 2381 399 2437 otii
414 2383 425 2418 ⁸
441 2381 535 2437 tribue
551 2380 862 2453 puerieeavillahatur,
874 2382 939 2438 utin
992 2379 1087 2450 jieiat,
1099 2383 1186 2437 testes
1198 2388 1268 2438 eunt
1277 2383 1455 2456 Methodiue,
1464 2387 1821 2461 Eusebius,hpollinaris:

117 2471 233 2529 camino
248 2469 539 2528 estuantisineendii
555 2473 648 2526 metro
670 2468 814 2536 luderent,
846 2475 875 2527 et
890 2487 942 2543 per
996 2467 1296 2541 quimultisvereum
1313 2474 1443 2531 millibus
1466 2478 1531 2548 ejus
1550 2477 1678 2534 vesanie
1706 2495 1821 2553 respun-

115 2561 249 2620 urdinem
267 2560 303 2617 ad
315 2560 434 2618 laudem
449 2559 501 2617 Dei
517 2559 616 2617 emnia
631 2558 777 2617 elementa
799 2576 940 2632 protoca-
996 2557 1109 2629 dentes,
1121 2560 1217 2617 neseio
1228 2576 1265 2617 an
1279 2562 1394 2619 eurioeo
1407 2562 1508 2621 lectori
1519 2565 1735 2625 satisfecerint.
1747 2568 1821 2625 Unde

115 2655 182 2711 rent
197 2670 204 2709 :
220 2656 272 2710 aut
287 2651 364 2725 qued
376 2649 734 2722 miraculum‚divineque
750 2649 941 2723 aspirationes
995 2647 1117 2704 obsecre
1131 2665 1193 2720 voe,
1209 2666 1225 2706 ο
1241 2650 1333 2708 Paula
1346 2657 1376 2708 et
1396 2652 1600 2727 Eustochium,
1624 2656 1762 2716 fundatis
1775 2674 1819 2731 pro

114 2742 269 2814 indicium,
281 2741 326 2800 vel
341 2743 497 2799 draconem
516 2740 704 2799 interiectum
720 2741 779 2799 oda
796 2741 881 2815 picis,
914 2741 940 2801 el
994 2754 1042 2795 me
1057 2739 1093 2795 ad
1103 2738 1261 2797 Dominum
1272 2757 1372 2814 preces
1384 2759 1392 2800 ε
1404 2745 1577 2817 utquandiu
1588 2745 1620 2803 in
1631 2745 1689 2804 hon
1706 2764 1818 2824 eorpus·

115 2833 301 2890 sacerdotum
316 2830 392 2888 Belle
403 2830 556 2888 machinas
566 2831 767 2903 deprehensas
782 2848 789 2888 :
803 2848 866 2904 quer
876 2849 941 2891 ms·
994 2827 1061 2885 culo
1076 2846 1154 2901 eum,
1168 2831 1294 2888 scribam
1311 2832 1421 2906 aliquid
1430 2840 1546 2907 gratum
1560 2838 1658 2906 vehis,
1676 2840 1751 2899 utile
1771 2842 1815 2898 lie·

114 2923 159 2991 gis
174 2923 330 2995 prudentia
345 2920 463 2979 solertis
473 2922 539 2992 viri,
550 2937 638 2995 quam
662 2921 825 2995 prophetali
840 2929 941 2980 essent
993 2915 1226 2991 elesie,dignum
1237 2922 1373 2993 pesteris.
1387 2924 1576 2983 Presentium
1588 2927 1815 3002 quippsjudieiie

112 3012 156 3069 At.
170 3012 247 3087 cese]
263 3013 370 3086 spiritu
387 3017 553 3086 perpetrata
566 3013 580 3068 ‘l
595 3016 665 3068 Cum
678 3029 744 3071 vero
759 3014 938 3072 adflahacue
994 3020 1051 3061 ¹¹⁰11
1067 3007 1138 3063 Salis
1155 3024 1295 3066 moveor:
1312 3012 1362 3083 qui
1387 3012 1417 3068 in
1442 3017 1600 3086 utramque
1632 3023 1760 3091 partem,
1772 3023 1815 3076 ant

115 3101 457 3160 ueniretetdetudeain
473 3101 638 3160 Chaldaeum
649 3107 765 3176 raptum
782 3058 977 3173 discepto-c
997 3094 1260 3168 ⁸m010l⁸bunluu
1277 3104 1328 3157 aut
1342 3101 1419 3158 odio.

116 3209 182 3249 rum
204 3191 259 3265 [at.
285 3192 558 3266 discumferentem]
583 3193 767 3252 lectitaretlz
793 3196 943 3268 querebat

154 3371 164 3406 ¹
179 3370 285 3427 Verius
300 3371 348 3430 hie
384 3389 480 3445 unque
498 3375 613 3431 uidetur
628 3376 658 3431 in
673 3376 796 3433 Palatin.
812 3395 868 3436 me.
884 3379 942 3454 legi
996 3379 1081 3436 nohis
1096 3379 1236 3438 adnotata
1247 3388 1327 3440 sunt.

119 3441 314 3499 sciolusiuter
332 3389 484 3502 seierus:
518 3447 595 3517 qood
625 3463 732 3504 nomen
762 3447 942 3509 luculentius
1030 3450 1177 3535 ‘Consule
1192 3454 1395 3540 adnotationes
1410 3458 1536 3543 Leandri
1549 3460 1627 3545 des.
1643 3462 1766 3550 Martinc
1784 3464 1808 3521 in

79 3612 82 3616 ι
120 3513 449 3644 ⁰¹'tltttttttttt
473 3603 546 3644 a...
576 3589 639 3646 re.
671 3588 773 3648 car...
796 3590 871 3666 aa,
898 3602 939 3667 a,
994 3521 1809 3687 hillidii&llaellllills?lllhliidldll

119 3659 174 3714 ⁰1⁰·
331 3727 338 3742 ,
573 3730 579 3743 ,
777 3733 783 3746 ι
805 3732 812 3746 ⁸
995 3669 1123 3748 mentem
1140 3612 1169 3723 ἕ.
1185 3666 1329 3750 hectoris,
1339 3687 1410 3727 usus
1419 3671 1554 3731 Ecclesiae
1565 3678 1711 3749 sugillare
1721 3680 1810 3736 nititur

152 3726 439 3785 thetettendraeum
467 3732 592 3798 Eraemr,
622 3736 686 3787 tum
712 3732 824 3805 Clerici,
851 3738 940 3807 atqua
993 3737 1463 3815 rnsureseholue,nonnunquam
1475 3745 1725 3819 malaconcoctis,
1754 3752 1810 3808 uid·

117 3797 552 3871 aliornmexhujusoccaeione
568 3802 623 3859 loci
639 3803 939 3864 calumniisinlliero·
993 3809 1064 3880 quid
1084 3809 1174 3864 velint
1201 3812 1394 3870 admiratores
1418 3815 1502 3871 nimii
1531 3818 1714 3880 eruditionis
1735 3768 1808 3879 gras·

114 3872 938 4007 tttttttttuttelstettttttlttttttt
993 3881 1158 4009 militi?
1172 3885 1366 4012 illidii
1383 3891 1707 4016 “³¹¹⁰lll¹·³¹¹¹⁸¹⁰¹'⁰¹·
1723 3894 1805 3951 ⁸⁴⁸¹·

113 4015 162 4082 rit,
179 4017 208 4069 et
220 4031 277 4086 quo
292 3987 384 4088 accipi
399 4032 487 4072 sensu
503 4015 572 4072 velit
584 3962 623 4073 :qs
634 4017 674 4075 De
685 4019 813 4088 Daniele,
829 4019 936 4094 inquit,
991 3970 1197 4095 praserttm'pt,
1213 4031 1241 4081 et
1256 4042 1319 4098 qum
1335 3972 1444 4085 {aggileis
1451 3976 1807 4095 ilomriigiriilrtilo'sniiffi

113 4085 238 4142 hreviter
252 4088 445 4158 respondebo,
456 4103 503 4143 me
519 4105 576 4144 non
592 4105 716 4161 negasse
731 4107 798 4148 eum
811 4092 935 4165 prophe·
990 4095 1069 4168 nynri
1083 4093 1112 4150 in
1128 4112 1192 4169 cap.
1208 4113 1259 4153 sur
1274 4114 1309 4154 ex
1327 4101 1429 4157 eodem
1450 4101 1577 4177 Origene
1604 4109 1808 4167 edisseruimus

113 4160 276 4228 tamquam
292 4159 393 4214 statim
410 4157 440 4214 in
452 4159 546 4216 fronte
561 4159 674 4233 prologi
688 4161 936 4244 prophetameees
988 4165 1019 4222 in
1031 4166 1117 4223 notis.
1400 4239 1403 4243 .

112 4230 266 4285 eonl'eeeua
280 4245 345 4286 sum
363 4248 370 4287 :
391 4231 441 4287 aad
458 4230 527 4302 quid
544 4248 654 4289 asasaer
666 4233 806 4303 dicerent,
822 4240 852 4290 et
866 4236 934 4306 qni·
1023 4237 1120 4294 ‘Cum
1135 4239 1263 4311 negandi
1273 4240 1428 4313 particula,
1442 4245 1573 4304 secunda
1588 4251 1692 4307 tamen
1709 4252 1807 4323 addita,

111 4298 168 4356 hus
183 4300 363 4373 argumentis
379 4317 464 4358 suam
480 4302 643 4360 niterentur
667 4306 790 4377 probare
811 4310 934 4364 senten·
988 4312 1022 4365 ut
1035 4309 1160 4380 videtur,
1176 4326 1276 4367 mareu.
1290 4321 1464 4371 contumace
1476 4317 1640 4385 [cusentii.
1654 4323 1684 4381 in
1695 4323 1807 4381 Palatio.

111 4371 194 4442 tiam,
210 4371 338 4428 voluisse
353 4379 528 4430 monstrare.
546 4398 560 4425 »
575 4378 608 4430 tet
617 4376 705 4447 paulo
716 4383 783 4448 post
798 4396 808 4432 .·
824 4379 930 4444 «Quod
988 4397 1044 4436 me.
1060 4380 1177 4453 legitur.
1193 4387 1334 4440 craterum
1355 4387 1453 4458 ipsum
1467 4389 1563 4448 recole
1573 4392 1606 4449 S.
1620 4396 1807 4454 ssoctnremin

110 4447 210 4498 autem
225 4444 316 4500 refero
332 4444 402 4516 quid
417 4445 558 4502 adversus
572 4449 712 4503 Susanna
728 4448 894 4519 historiam,
904 4456 933 4506 et
949 4426 971 4491 Ῑ)
987 4454 1107 4525 prologo
1133 4452 1416 4513 Commentariorum
1432 4459 1461 4514 ln
1477 4458 1557 4520 huuc
1572 4466 1761 4540 prophetam.

111 4511 254 4585 hymnum
270 4515 359 4571 trium
375 4532 544 4588 puerorum,
559 4521 588 4574 et
612 4517 700 4586 Belie,
733 4519 933 4594 Draconieque
1022 4522 1419 4599 tuntinanuacodex,cnjua
1447 4547 1539 4615 supra
1567 4551 1649 4610 sape
1679 4538 1805 4597 memini·

109 4582 237 4654 tabulae,
253 4601 317 4656 qua
331 4586 361 4644 in
377 4587 527 4644 volumine
539 4589 681 4647 Hehrsieo
696 4607 754 4647 non
775 4591 930 4663 hahentur,
987 4609 1065 4659 mus,
1076 4595 1164 4651 hahet
1178 4596 1312 4653 Latinam
1329 4598 1419 4672 hujus
1429 4616 1508 4660 tuere
1521 4604 1803 4680 interpretationem:

109 4670 220 4712 essaei
235 4656 350 4714 soleant
365 4658 472 4729 dicere,
488 4661 538 4730 qui
555 4676 601 4716 rna
611 4661 929 4733 criminatur,etultum
985 4673 1096 4735 ruptum
1115 4669 1361 4738 discumferentem
1375 4672 1523 4732 lectitaret.
1540 4679 1639 4737 lianc.

106 4743 138 4783 re
152 4728 362 4801 sycophantam
380 4733 491 4802 prohat.
503 4731 565 4788 Nun
581 4733 659 4788 enim
678 4734 746 4805 quid
760 4734 822 4805 ipse
837 4737 929 4791 senti·
1019 4738 1030 4773 ⁸
1045 4738 1160 4795 Videsis
1175 4756 1239 4810 quae
1253 4741 1362 4814 scripta
1375 4741 1401 4798 le
1424 4749 1515 4802 untur
1528 4746 1558 4804 in
1579 4750 1705 4825 Prologo
1719 4754 1802 4824 Scrip

107 4814 179 4866 rem,
197 4800 248 4855 sed
262 4801 331 4873 quid
348 4801 388 4858 illi
405 4808 506 4860 eontra
522 4820 575 4861 noa
589 4803 685 4861 dicere
700 4807 814 4862 soleant
837 4807 928 4879 expli·
983 4811 1117 4867 turerum
1128 4809 1212 4868 lihris
1227 4812 1347 4871 Samuel
1360 4830 1394 4873 ac
1438 4815 1560 4878 alachis
1576 4816 1800 4896 prosiliamus.

106 4871 180 4943 cavi,
200 4875 258 4930 ete.
288 4870 396 4932 Recole
423 4891 485 4948 qus
514 4874 549 4932 ad
580 4875 801 4952 huncquoque
829 4876 928 4938 locum
