3870 6120
37 294 41 303 '
160 311 216 373 sss
743 305 906 368 resnou
929 304 1283 367 snususcuuouuu
1803 308 1863 376 sss

159 446 358 528 exploratum
373 442 542 505 habeasne
562 445 772 520 compertum,
789 438 1022 521 sudiipsumi
1038 439 1077 500 sti
1103 440 1249 515 contulit,
1279 456 1351 501 cnm
1388 437 1493 500 ordini
1528 437 1679 518 primevo
1710 456 1764 503 aas
1791 447 1861 505 stu-

33 522 37 526 *
102 542 110 550 ’
158 544 197 606 do
211 543 362 617 Hebraeis,
393 541 520 612 draeois,
549 539 732 618 Latinisque
760 538 906 619 cupitulis
920 538 981 599 dis·
1035 538 1105 599 duit
1131 537 1283 600 reddere:
1314 536 1482 607 Praeterea,
1510 535 1624 615 inquit,
1655 536 1797 600 oediueus
1811 539 1862 602 oi..

157 641 359 705 serentemin
384 637 555 717 sophonias
582 654 653 718 esp.
668 640 699 715 a,
729 655 810 698 vers.
826 639 864 698 it
881 653 888 696 :
905 635 979 697 Non
1034 633 1170 708 stonum,
1186 633 1243 715 qui
1270 633 1355 716 opud
1387 632 1515 694 Grecos
1539 638 1568 692 et
1588 632 1719 696 Latinos
1733 637 1860 698 omnino

51 768 54 773 ·
157 739 301 801 videatur
328 735 454 815 mirum,
498 735 613 814 lnquit,
647 739 683 796 ut
723 741 800 816 supe
826 733 976 814 diximus,
1033 739 1183 802 contusus
1198 738 1255 812 est,
1271 731 1315 793 od
1329 732 1505 815 pristinam
1521 732 1626 810 fidens
1653 735 1860 799 correximus.

155 837 252 898 aliter
263 833 424 896 Hebraico
438 832 589 916 capituto,
605 831 741 894 etsiiter
749 830 849 912 LXX,
864 829 978 893 Graece
1033 829 1173 911 Denique
1201 830 1336 892 visiones
1376 831 1442 893 sisa
1468 836 1617 914 repeseni<
1631 830 1768 894 Danielis
1799 833 1858 896 sh-

154 933 299 996 vidclieet
315 932 487 1014 latinaque
511 931 619 1006 finiri.
653 928 717 993 Ubi
738 930 820 991 euim
836 929 869 991 iu
884 949 977 991 sensu
1032 936 1137 994 sentes
1152 928 1193 992 sb
1209 929 1364 991 Hebraico
1377 930 1463 992 tonte
1483 929 1584 991 obelis
1598 930 1675 992 dicit
1689 948 1723 992 se
1735 951 1861 1012 muno·

153 1032 279 1093 diversa
294 1030 464 1093 translatio
491 1034 548 1105 est,
579 1027 625 1089 ibi
652 1048 774 1090 necesse
792 1032 839 1089 est
852 1027 977 1089 diversa
1034 1031 1134 1089 lasse:
1156 1025 1248 1089 Unde
1274 1033 1304 1088 et
1318 1047 1376 1090 nos
1403 1033 1474 1088 ente
1493 1047 1592 1088 ennos
1613 1028 1775 1110 plurimos
1789 1051 1860 1095 curn

39 1110 45 1118 ’
152 1150 218 1190 esse
233 1128 281 1189 uel
300 1126 529 1210 principiave!
548 1127 651 1206 flues.
680 1127 762 1200 Ouid
787 1127 924 1207 amplius
937 1127 976 1190 ad
1033 1131 1219 1186 verteremus
1233 1119 1412 1200 Danielem,
1443 1125 1499 1186 tes
1528 1127 1664 1187 visiones
1678 1125 1765 1189 obelo
1775 1136 1861 1210 pree-

148 1226 305 1307 jndicinm
334 1226 373 1288 de
400 1225 584 1306 Hieronymi
612 1231 644 1287 et
670 1225 805 1288 aliorum
830 1224 977 1306 capitulis
1034 1223 1221 1304 notavimus,
1252 1224 1477 1305 significantes
1491 1245 1544 1284 eos
1574 1225 1608 1284 iu
1623 1223 1783 1288 Hebraico
1798 1246 1859 1288 uon

151 1324 331 1386 iaciendum
359 1324 458 1403 possit
486 1322 670 1394 desiderari,
693 1328 778 1385 certe
792 1341 856 1385 non
872 1322 976 1384 rideo.
1032 1319 1152 1383 beheri.
1167 1323 1246 1385 Vide
1270 1323 1461 1402 proemium
1490 1327 1666 1386 comment.
1692 1323 1726 1384 in
1741 1323 1858 1387 Dsnie·

151 1421 407 1485 Maniiestissiuse
435 1421 518 1483 enim
560 1421 703 1483 distinxit
744 1419 884 1502 capitula
911 1420 977 1482 slve
1031 1417 1107 1481 ism.
1123 1422 1161 1481 Et
1184 1439 1223 1483 ne
1251 1419 1327 1502 quid
1354 1420 1437 1482 desit
1465 1420 1651 1492 curiositati,
1681 1422 1859 1484 monendus

150 1519 304 1583 sectiones
330 1537 406 1582 suas
434 1537 453 1581 s
480 1517 604 1581 ceteris
631 1518 789 1594 omnibns,
813 1525 879 1580 tam
892 1521 976 1580 Gree-
1032 1523 1080 1580 est
1103 1517 1203 1580 lector
1226 1518 1395 1592 studiosus,
1422 1519 1538 1583 librum
1566 1519 1705 1584 Danielis
1735 1526 1857 1584 sectum

30 1680 33 1685 .
149 1637 260 1681 corum
277 1635 372 1698 qnam
387 1617 585 1691 Latinorum,
608 1616 727 1692 dicens,
750 1616 785 1679 in
799 1635 856 1679 suu
871 1624 974 1679 trans·
1032 1634 1100 1677 esse
1115 1616 1155 1678 ab
1185 1616 1324 1698 antiquis
1350 1616 1382 1679 iu
1411 1616 1578 1680 duodenni
1607 1616 1770 1681 visiones:
1784 1638 1855 1700 qun

148 1717 267 1780 latione
295 1716 463 1792 Hebraico,
500 1716 626 1780 diversa
665 1733 733 1779 esse
761 1715 917 1799 principia
944 1723 976 1780 et
1029 1714 1061 1775 lu
1093 1732 1169 1780 mss.
1198 1715 1360 1779 codicibus
1387 1715 1524 1777 Cononis
1551 1715 1713 1781 usurum
1741 1717 1857 1779 varim·

47 1850 49 1855 ι
148 1815 227 1878 lines
241 1815 422 1877 Sectionnm
451 1814 568 1877 abillis
594 1833 665 1895 quse
684 1811 1079 1895 inLXXinterpre·13tis,
1109 1812 1206 1893 inque
1234 1811 1305 1877 allis
1333 1813 1553 1875 vetustissimis
1590 1813 1730 1876 melioris
1756 1820 1854 1894 noto,

148 1912 266 1976 tatione
295 1912 493 1993 legebantur.
524 1910 695 1992 Prophetis
722 1910 895 1992 Sophoniee
920 1911 975 1974 hs·
1028 1927 1153 1971 summa
1196 1911 1259 1972 tide
1301 1928 1458 1991 expresso
1504 1918 1579 1973 suut
1616 1929 1655 1974 sc
1687 1911 1853 1992 descriptae

147 2012 202 2074 bet
236 2011 269 2073 in
296 2009 538 2072 Commentariis
575 2009 760 2090 Hieronymi
803 2009 973 2095 plusquam
1027 2008 1263 2086 proutanobis
1291 2027 1376 2071 nuno
1404 2007 1498 2071 editus
1525 2008 1854 2074 suntinbscliivins

19 2118 22 2125 '
145 2109 258 2188 viginti
284 2109 438 2170 sectiones
465 2108 529 2170 sive
566 2108 709 2190 capitula
737 2129 745 2184 ;
775 2107 809 2170 in
836 2109 973 2172 editione
1026 2104 1233 2168 bibliotheca.
1261 2105 1410 2186 Capitale
1437 2124 1511 2169 vcro
1539 2107 1672 2188 preeflss
1699 2109 1731 2171 in
1749 2109 1853 2172 iroute

145 2211 251 2268 autem
285 2205 358 2268 (lari
405 2206 581 2286 presbyteri
624 2206 753 2268 unicum
797 2206 971 2287 capitulum
1026 2203 1163 2266 Danielis
1175 2211 1383 2267 numerantur
1411 2205 1513 2268 multo
1541 2206 1645 2286 plura.
1661 2212 1727 2269 tam
1741 2207 1775 2271 in
1789 2207 1853 2270 sdi-

57 2372 68 2389 Ι
146 2302 316 2366 huioiibro
343 2304 508 2384 prefixum
538 2304 741 2385 conspicitur.
770 2305 883 2368 Merito
912 2305 971 2385 igi·
1026 2302 1112 2364 tione
1134 2303 1207 2365 usu
1234 2321 1330 2384 quam
1358 2304 1391 2364 in
1421 2322 1494 2368 mss.
1526 2305 1650 2386 aliquot
1675 2307 1850 2385 eodidbm,

146 2407 199 2464 tur
223 2401 375 2463 lemmata
403 2400 586 2481 hujusmodi
611 2400 786 2482 abjecimus
812 2402 843 2464 in
881 2402 971 2465 libris
1025 2400 1315 2464 ubiadnumerum
1344 2403 1381 2464 ³1
1412 2421 1512 2483 usque
1540 2404 1848 2469 estoutevisnntur:

145 2498 351 2585 propheticis,
366 2517 439 2560 cum
469 2499 548 2562 adeo
572 2499 697 2562 diversa
716 2500 915 2582 reperientur
929 2501 969 2563 ab
1024 2518 1088 2579 qua
1114 2499 1267 2562 divisione
1294 2499 1448 2563 hodierna
1476 2508 1583 2564 nostra
1604 2502 1708 2567 minor
1721 2512 1769 2567 est
1783 2522 1847 2568 me·

34 2594 37 2603 '
145 2597 183 2660 iis
212 2596 359 2678 capitulis
385 2615 457 2677 quoe
485 2597 737 2683 Hieronymianis
765 2600 966 2661 Commenta·
1023 2597 1074 2659 dis
1102 2603 1192 2678 parte
1220 2598 1432 2680 capitulorum
1469 2599 1511 2661 sd
1539 2601 1643 2664 minus
1672 2619 1682 2664 ε
1709 2603 1845 2683 Vulgata

144 2695 199 2757 riis
227 2695 375 2757 distIncts
402 2701 475 2756 sunt
502 2703 534 2757 et
560 2694 729 2758 illustrata.
761 2699 916 2759 proteres
934 2697 967 2758 in
1021 2693 1104 2756 enim
1120 2694 1221 2758 versio
1235 2713 1288 2759 x1v
1303 2700 1425 2757 tantum
1452 2695 1548 2759 hahet
1563 2699 1718 2763 sectiones
1728 2698 1761 2761 in
1776 2705 1845 2762 toto

144 2792 376 2875 Prophetarum
399 2792 615 2855 voluminibus
638 2793 789 2874 speciales
804 2795 968 2876 Scriptura
1022 2793 1160 2856 Danielis
1172 2793 1345 2855 volumine.
1375 2794 1459 2872 lingo
1486 2813 1544 2856 neo
1572 2814 1643 2858 eum
1670 2796 1844 2872 hodiernis,

143 2907 244 2966 sacra,
260 2895 292 2951 et
319 2890 411 2969 qussi
440 2889 562 2951 nativas
589 2891 700 2952 sortita
727 2896 774 2953 cst
798 2891 967 2953 divisiones
1021 2908 1163 2953 naucum
1178 2891 1318 2972 antiquis
1341 2897 1484 2953 setarum
1508 2893 1696 2974 scriptorum
1718 2895 1845 2959 divido-

142 2990 264 3051 ratiooe
315 2989 511 3051 diversarum
564 2990 779 3064 materiarum,
831 3009 965 3070 quarum
1020 2987 1112 3049 uibus
1126 2988 1274 3051 conuenit
1301 2988 1369 3064 iiis,
1398 3007 1470 3069 qun
1496 3009 1553 3070 per
1579 2991 1722 3055 Visiones
1740 2992 1844 3057 tibui-

141 3091 307 3148 contextus
345 3102 439 3148 sensu
485 3075 650 3166 separatur
683 3087 716 3148 in
755 3087 895 3149 diversas
928 3106 965 3150 ac
1019 3084 1096 3147 buta
1110 3094 1156 3148 eet
1177 3086 1212 3147 in
1234 3086 1316 3148 reris
1339 3087 1574 3167 exemplaribus
1588 3090 1844 3171 Hieronymisum

75 3228 80 3239 .
141 3182 303 3245 distinctas
332 3183 584 3264 quamplurimas
611 3190 729 3265 partes,
757 3204 829 3265 quae
858 3185 899 3247 ab
911 3184 961 3248 iu·
978 3187 1000 3257 c
1020 3181 1233 3247 translationis
1247 3202 1285 3246 ax
1300 3185 1446 3246 Hebruo.

22 3350 25 3357 ¹
140 3280 239 3343 vicem
268 3280 396 3342 minime
424 3281 614 3362 dependent.
635 3282 873 3344 Sectionesiilae
888 3301 960 3345 cum
1053 3281 1208 3344 Caeterum
1234 3282 1302 3344 sine
1327 3282 1474 3362 capitulis
1514 3285 1652 3365 pruinis
1682 3285 1843 3349 edidimus

140 3376 228 3441 libris
254 3383 440 3455 nascuntur,
469 3384 500 3441 et
527 3379 612 3459 apud
645 3386 765 3442 veteres
792 3381 962 3466 scriptores
1015 3377 1176 3442 volumina
1202 3380 1480 3461 Paralipomenon,
1510 3383 1608 3457 Herm,
1625 3389 1656 3444 et
1671 3383 1841 3450 uomens:

19 3508 22 3515 ·
138 3493 254 3538 nomen
295 3475 451 3537 visionum
479 3476 650 3539 obtinent:
693 3497 826 3560 quaeque
866 3479 962 3541 inter·
1014 3477 1191 3558 quianuiia
1218 3477 1314 3540 iuiem
1341 3479 1486 3560 apposita
1515 3479 1565 3541 his
1592 3479 1681 3547 libris
1703 3480 1747 3543 ab
1769 3483 1844 3547 Hie-

138 3575 215 3636 dum
230 3574 325 3637 etism
341 3592 412 3635 cum
442 3574 603 3636 hodiernis
630 3575 777 3656 capitulis
796 3577 961 3639 inseniun·
1013 3593 1158 3656 ronymo,
1187 3576 1296 3638 docuit
1331 3593 1390 3637 nos
1426 3595 1525 3658 supra
1560 3578 1778 3652 Cassiodorus,
1807 3585 1841 3642 et

31 3688 35 3697 ·
139 3679 191 3735 tur
219 3672 402 3735 concordes.
439 3672 648 3754 Hieronymus
688 3675 823 3755 primam
851 3694 961 3738 secun·
1014 3691 1087 3735 mss.
1131 3672 1256 3736 codices
1298 3675 1470 3754 pervetusti
1513 3692 1551 3737 sc
1585 3676 1715 3757 optimas
1753 3683 1841 3740 notes

138 3771 274 3850 dumque
301 3771 455 3832 visionem
483 3772 572 3834 isaim
598 3776 692 3834 vocat
717 3772 810 3853 juxta
838 3792 958 3836 morem
1013 3770 1137 3832 nullum
1180 3773 1318 3834 retinent
1361 3772 1497 3838 indicem
1541 3773 1752 3854 cspttuloruss
1786 3776 1838 3839 sei

59 3879 62 3895 ·
137 3887 202 3930 snae
231 3870 344 3948 utatis,
384 3868 469 3949 qnod
497 3888 555 3930 nos
587 3870 732 3945 dicimus,
761 3870 899 3952 primum
928 3876 961 3935 et
1013 3869 1189 3942 titulorum,
1219 3869 1275 3931 sed
1306 3872 1527 3933 tantummodo
1554 3872 1738 3954 Hieronymi
1759 3893 1841 3955 prm·

137 3966 311 4029 secuudum
340 3972 437 4046 caput
476 3964 618 4045 ejusdem
661 3967 837 4048 prophetae.
871 3969 960 4033 Unde
1013 3968 1147 4030 tationes
1182 3986 1255 4041 cum
1289 3986 1379 4031 sacro
1419 3975 1570 4032 contextu
1604 3989 1662 4051 per
1695 3971 1842 4035 membra

19 4058 26 4069 “
136 4064 202 4126 hnc
217 4065 303 4145 apud
318 4082 389 4125 eum
418 4064 568 4144 leguntur
594 4065 626 4125 in
653 4065 895 4129 Commentariis
918 4067 958 4130 sd
1013 4065 1151 4149 piurima
1186 4065 1333 4129 distincto
1369 4073 1400 4129 et
1444 4067 1544 4129 diviso
1579 4067 1673 4148 juxta
1707 4069 1840 4132 modum

135 4169 231 4242 caput
256 4180 279 4224 u
307 4162 417 4224 lsaiae:
446 4160 489 4223 st
517 4161 551 4224 iu
573 4163 683 4245 priore
710 4164 839 4245 visione,
866 4185 958 4249 quam
1012 4183 1076 4244 quo
1104 4182 1162 4227 nos
1187 4164 1279 4225 ilium
1317 4164 1529 4245 expressimus
1564 4166 1604 4230 ad
1632 4166 1726 4233 iidem
1755 4185 1842 4248 prm-

135 4259 200 4334 jem
228 4259 436 4342 exposuimus,
466 4259 521 4321 ubi
547 4260 642 4322 LXX
660 4262 858 4345 interpretati
871 4270 955 4326 sunt.
1012 4261 1277 4323 stautissimorum
1325 4280 1400 4325 mss.
1450 4262 1680 4343 exemplarium
1720 4265 1839 4345 Regio-

136 4361 235 4425 Quam
264 4357 343 4418 vidit
368 4364 478 4419 eontra
505 4358 648 4421 iudaeam
678 4367 710 4422 et
738 4367 849 4422 eontra
867 4364 958 4424 Jern·
1013 4377 1094 4433 rum,
1125 4358 1391 4435 Golhertiuorum,
1419 4360 1666 4435 corbeiensium,
1696 4369 1728 4424 et
1754 4366 1838 4425 San·

33 4534 36 4539 ·
135 4453 327 4534 ssiem(lsa.
358 4455 446 4531 ιβ),
477 4455 510 4515 iu
537 4455 696 4518 Hebraico
725 4458 955 4541 scriptumest,
1012 4458 1284 4520 Germsuensium.
1314 4458 1451 4520 Omissss
1488 4464 1595 4521 tumen
1638 4459 1839 4538 capitulatio·

135 4569 173 4612 su
187 4568 261 4615 suus
275 4569 480 4626 mauussuuu,
495 4552 531 4613 id
545 4559 601 4633 est,
630 4553 848 4637 supersectam
865 4556 1076 4630 etse-noes,
1107 4574 1241 4636 quarum
1269 4562 1382 4617 auctor
1421 4556 1479 4617 iuit
1518 4557 1734 4631 Cassiodorus,
1764 4576 1839 4639 sup·

134 4649 281 4725 ruentem,
300 4656 329 4710 et
344 4651 378 4710 in
393 4649 532 4731 leaeque
546 4654 683 4714 secunda
697 4659 754 4727 est,
771 4654 806 4715 in
820 4653 958 4716 Hebrai·
1011 4651 1098 4733 plere
1124 4652 1317 4730 curabimus,
1347 4671 1421 4713 aum
1452 4654 1569 4715 veteru
1608 4655 1751 4733 Vulgataa
1778 4674 1837 4718 seu

132 4768 167 4809 co
182 4746 334 4809 similiter
360 4749 536 4810 continetur
561 4751 641 4829 (Iso.
667 4769 703 4827 11,
728 4752 770 4834 i).
787 4750 832 4814 Et
844 4753 954 4829 miror,
1011 4750 1128 4812 italice
1157 4751 1310 4814 versionis
1337 4751 1591 4832 quamplurimos
1631 4752 1730 4815 husos
1755 4754 1839 4817 inte·

132 4853 192 4908 etc.
209 4847 362 4922 Priorem,
377 4853 412 4908 ut
439 4847 537 4926 rides,
554 4850 631 4912 dicit
653 4848 803 4911 visionem
816 4851 956 4932 itemque
1011 4866 1084 4929 gros
1108 4848 1314 4927 evulgandos,
1346 4852 1410 4911 Deo
1442 4849 1585 4929 jurante,
1615 4850 1835 4931 suscipiemus.

131 4944 315 5019 secundam,
352 4945 437 5026 qnod
477 4964 536 5008 nos
581 4947 680 5027 prius,
717 4953 748 5010 et
781 4949 954 5011 secundum
1010 4946 1130 5009 Nostris
1158 4946 1275 5009 etenim
1304 4947 1385 5008 votis
1411 4965 1450 5009 ac
1477 4947 1591 5009 studiis
1618 4953 1742 5010 tantum
1757 4969 1838 5030 pso·

131 5043 330 5123 appellamus
344 5041 529 5123 capitulum.
558 5045 644 5107 Ordo
668 5045 765 5125 igitur
780 5047 954 5110 sectionum
1009 5045 1089 5106 stitit
1127 5044 1261 5124 largitor
1298 5045 1440 5107 omnium
1480 5046 1636 5107 bonorum
1678 5048 1770 5123 Deus,
1800 5055 1839 5111 at

19 5181 22 5187 ·
129 5139 293 5221 hucusque
307 5141 339 5200 in
354 5139 436 5202 isaia
463 5140 548 5203 idem
577 5144 808 5223 estapudnos,
826 5145 954 5225 quiusa
1010 5161 1075 5205 non
1102 5144 1204 5205 solum
1244 5141 1498 5223 Hieronymianea
1538 5143 1689 5205 eudonis
1720 5145 1753 5206 in
1782 5165 1838 5208 sn·

128 5250 273 5318 receptus
301 5244 369 5299 erat
398 5244 540 5323 tempore
568 5241 752 5321 Hieronymi
782 5243 868 5321 apud
895 5248 954 5305 Pa·
1009 5240 1092 5320 gulis
1111 5240 1254 5303 obscuris
1281 5239 1483 5303 urchirornm
1509 5247 1543 5302 et
1570 5241 1835 5306 bibliothecarum

127 5340 190 5396 tres
230 5343 262 5397 et
303 5336 448 5398 Ecclesiae
489 5355 647 5418 proceres.
691 5342 727 5399 In
764 5339 953 5402 Praeiatione
1009 5338 1242 5402 delitescentem
1283 5338 1445 5417 ingentem
1502 5339 1686 5402 thesaurum
1742 5342 1836 5405 nobis

127 5451 254 5512 quoqne
282 5433 498 5496 translationis
539 5435 683 5497 ieremias
725 5453 764 5499 ex
805 5437 950 5514 liebraeo,
1007 5438 1193 5500 revelaret:
1236 5436 1291 5499 sed
1332 5437 1424 5499 donis
1463 5439 1640 5514 cumulans,
1687 5441 1836 5504 manibus

126 5527 211 5589 idem
240 5531 449 5612 Hieronymus
476 5531 620 5594 meminit
645 5533 831 5613 hujusmodi
860 5536 953 5599 risio·
1007 5535 1123 5598 nostris
1138 5536 1234 5598 etiam
1249 5534 1375 5598 trudere
1389 5535 1490 5598 voluit
1517 5555 1581 5598 nou
1596 5555 1698 5616 pauca
1713 5539 1833 5602 Italicae

128 5644 224 5688 num:
239 5644 298 5689 nec
326 5630 516 5692 mediocrem
546 5649 676 5712 operam
706 5631 854 5696 Ecclesiae
866 5635 953 5698 Chri-
1007 5633 1160 5696 munionis
1173 5633 1379 5712 exemplaris,
1409 5640 1478 5697 tum
1505 5635 1639 5711 Veteris,
1666 5642 1734 5698 tum
1750 5640 1833 5700 Navi
