3870 6120
65 327 129 389 {33
775 322 1083 385 Pirotooottnrts.
1722 326 1779 388 tet

64 458 276 538 Testamenti,
312 477 383 537 quae
412 476 469 520 sno
506 462 649 536 ternpore
674 454 794 537 publici
818 455 941 536 jurisA
958 456 1181 519 vocabulorum
1223 476 1355 520 numero
1399 459 1556 538 praefinito
1587 459 1782 522 circumscri-

65 559 182 621 iisrant
206 557 249 620 ad
276 557 490 619 studiosorum
519 561 550 618 et
578 554 763 616 Christianae
792 553 898 633 reipu-
954 553 1073 615 bendos
1102 572 1168 615 csse
1206 554 1390 634 hujusmodi
1433 573 1553 633 versus,
1580 574 1653 617 cum
1691 555 1780 617 nuile

65 659 158 720 blica
201 675 363 718 summam
394 656 577 717 utilitatem.
606 653 775 715 Provocati
802 653 900 731 igitur
955 657 1040 712 certa
1072 651 1152 733 lege,
1183 671 1266 713 nunc
1296 653 1400 731 plnres
1425 653 1459 714 in
1497 653 1551 726 eis,
1583 673 1667 715 nunc
1696 673 1777 735 pan·

67 754 275 817 veneratione
302 752 530 833 antiquissima
571 749 733 823 versionis,
771 755 802 811 et
830 767 901 810 ma·
955 749 1054 809 ciores
1090 749 1242 810 dictiones
1271 750 1448 811 decurrant.
1478 750 1597 812 Deinde
1625 750 1777 830 Augusti·
1901 772 1911 783 ·

67 853 139 932 gnis
182 850 341 932 compulsi
376 849 606 924 hortatoribus,
647 845 902 911 monumentais·
956 846 1049 908 niano
1075 847 1176 908 codici
1205 847 1284 908 nihil
1313 848 1372 908 luit
1400 848 1558 928 peculiare
1599 848 1631 909 in
1665 849 1778 911 distin-

67 951 153 1013 tbaec
189 968 283 1013 asem
330 949 470 1012 rediviva
516 945 666 1010 exhibere
720 944 898 1008 statuimus.
955 946 1285 1022 ctionibnsversoum,
1310 947 1365 1008 sed
1393 953 1494 1009 totum
1522 966 1689 1009 commune
1717 947 1780 1009 ha-

67 1052 175 1117 Quaua
199 1066 240 1110 ue
265 1048 308 1110 ab
342 1047 423 1122 aliis,
454 1064 552 1126 quam
581 1044 713 1107 anobis
744 1044 776 1104 in
802 1060 900 1122 regno
955 1042 1023 1106 buit
1051 1064 1121 1106 cum
1151 1045 1220 1106 aliis
1249 1045 1483 1125 exemplaribus
1519 1049 1706 1107 (tusscorum¹
1742 1063 1780 1108 ac

69 1145 217 1209 Franciae
232 1146 411 1224 ederentur,
424 1145 491 1225 Jam
512 1149 639 1207 cantum
656 1148 704 1205 est
723 1141 901 1221 Dipiomate
955 1143 1150 1231 Latinorum·
1175 1145 1317 1205 Petrum.
1361 1144 1466 1205 ‘lertio
1518 1143 1652 1222 deniqne
1694 1143 1779 1223 apud

70 1246 184 1324 Regio,
213 1245 299 1324 quod
328 1243 419 1305 nobie
455 1242 619 1323 speciatim
647 1257 830 1303 concessum
855 1242 903 1298 est
956 1243 1184 1322 Hieronymum
1214 1241 1367 1303 nonnulla
1402 1246 1528 1303 exstant
1568 1241 1699 1319 vestigia
1721 1240 1781 1302 ho·

68 1342 110 1404 ad
153 1341 240 1404 banc
295 1341 415 1403 italice
466 1339 618 1401 versionis
668 1336 902 1399 editionemb
957 1339 1074 1400 dicrnae
1103 1339 1311 1401 distinctionis
1346 1357 1515 1414 versuum;
1545 1339 1591 1401 uti
1632 1337 1782 1417 subjectis

71 1439 223 1503 Matthaei
257 1439 420 1502 volumine
459 1437 662 1501 exordiemur
693 1453 764 1496 cam
805 1431 903 1513 praeio
958 1438 1110 1517 exemplis
1151 1438 1234 1500 inira
1275 1438 1519 1512 declarabimus,
1561 1437 1648 1498 nulio
1678 1442 1784 1498 tamen

71 1537 287 1612 committere,
332 1543 364 1598 et
405 1554 546 1599 seorsum
574 1534 659 1615 typis
687 1531 904 1610 evuigsbimus
959 1536 1064 1597 animo
1088 1534 1246 1614 litigandi,
1269 1537 1323 1597 sed
1349 1536 1564 1616 proponeudae
1590 1534 1687 1597 soline
1702 1534 1784 1597 veri·
1910 1560 1913 1564 ·

70 1635 153 1698 iilud
181 1633 391 1715 Evangeiinm
419 1638 549 1714 propter
577 1632 749 1693 ferventem
777 1633 903 1690 contro·
959 1634 1032 1694 tntis
1046 1634 1161 1695 studio.

72 1733 210 1797 versiam
227 1733 363 1796 duorum
397 1730 494 1810 hujus
522 1727 674 1810 temporis
701 1726 902 1807 scriptorum,
999 1731 1220 1797 Distinctioncs
1273 1738 1377 1794 autem
1422 1751 1568 1794 vemuum
1608 1733 1641 1793 iu
1696 1731 1785 1794 libris
1833 1804 1835 1809 .
1874 1740 1878 1751 ¹

72 1832 129 1913 qni
170 1830 341 1894 occasione
392 1827 601 1908 manuscripti
651 1823 906 1902 cantabrigensis
920 1823 945 1890 ii
960 1835 1100 1892 veterum
1157 1831 1346 1910 scriptorum
1400 1830 1620 1893 usitatissimas
1674 1831 1783 1909 fuisso,

73 1930 179 1992 multa
205 1929 371 2009 disputant
399 1927 438 1988 de
462 1925 597 2005 antiqua
623 1922 767 1986 venelone
793 1921 907 1983 balina
962 1927 1160 1990 lacllenobis
1186 1928 1360 1990 concedent
1389 1928 1443 2009 qui
1472 1929 1612 1991 animum
1641 1929 1784 1991 attende-

71 2026 335 2107 Evangeliornm,
364 2024 403 2087 de
426 2043 464 2086 ea
496 2022 617 2085 scilicet
635 2040 706 2101 qnae
732 2018 907 2097 ‚obtinebat
961 2027 1025 2088 rint
1048 2027 1088 2092 ed
1115 2027 1284 2089 Historiam
1300 2026 1442 2107 losephi,
1473 2029 1513 2089 cd
1541 2026 1688 2107 Hesychii
1711 2045 1784 2111 pre·

71 2127 104 2188 in
134 2124 277 2187 &desis
303 2122 493 2186 occidentali
520 2127 594 2182 ante
623 2118 905 2199 Hieronymianam
961 2125 1080 2206 shyteri
1102 2125 1367 2199 testificationem,
1393 2131 1489 2205 atque
1504 2124 1545 2186 ad
1574 2124 1786 2200 vetustissima

75 2222 336 2303 castigationem.
375 2220 480 2284 Multa
527 2220 676 2298 leguntur
702 2216 736 2277 in
791 2213 907 2277 notitia
961 2223 1195 2305 scripturarum
1250 2242 1411 2285 sacrarum
1453 2228 1670 2298 monumenta,
1715 2241 1786 2307 qne

75 2320 316 2402 exemplaribus
353 2316 586 2398 manuscriptis
617 2334 688 2396 quae
729 2315 822 2393 ionga
849 2313 906 2374 ab·
961 2327 1044 2383 ante
1075 2322 1160 2383 mille
1188 2328 1219 2385 et
1249 2329 1376 2388 centurn
1406 2341 1505 2384 annos
1532 2322 1565 2383 iu
1593 2321 1787 2385 membranis
1829 2310 1832 2315 ’

75 2426 155 2483 sunt
192 2419 233 2481 ab
284 2417 451 2481 amborum
504 2413 718 2494 coniecturis:
753 2410 907 2473 nonnulla
963 2419 1197 2500 pretiosissimis
1235 2427 1363 2484 exarata
1404 2425 1584 2500 supersunt.
1628 2417 1787 2500 loscpbns

76 2536 154 2580 varo
193 2516 310 2597 quibua
336 2533 423 2576 nune
463 2513 571 2594 hujus,
597 2531 684 2573 nunc
712 2509 796 2571 iliiufl
823 2508 908 2570 dicio
961 2517 1068 2598 igitur,
1112 2519 1299 2581 vernaculus
1337 2520 1521 2583 iudaeorum
1565 2517 1710 2599 scriptor,
1756 2524 1787 2579 et

76 2614 513 2696 veraessscomprobantur.
529 2612 627 2693 anus
650 2611 777 2697 demum
804 2625 907 2670 causae
962 2617 1210 2697 apostolicorum
1238 2620 1427 2698 temporum
1470 2616 1601 2698 aequalir
1632 2617 1682 2678 vel
1710 2634 1788 2698 sup·
1906 2648 1910 2655 -

78 2717 282 2799 potissimum
332 2716 461 2777 faveant
502 2731 575 2775 mss.
633 2709 756 2772 codices
795 2706 907 2783 nostri,
963 2733 1032 2797 par,
1062 2721 1152 2777 notat
1179 2715 1220 2779 ad
1256 2715 1351 2783 fluam
1379 2714 1452 2776 libri
1478 2734 1522 2775 rx
1570 2720 1784 2799 Ἀρχαιολογία(

79 2814 390 2894 nunanteipsornm
418 2811 656 2895 impressionem
684 2807 854 2889 perdisces.
963 2831 1038 2885 suae,
1079 2831 1187 2875 versus
1224 2814 1256 2874 in
1309 2813 1358 2874 his
1398 2811 1509 2891 viginti
1551 2812 1783 2890 Antiquitatum

120 2914 180 2976 iil.
209 2917 357 2993 Iengnm
380 2917 472 2985 esset,
487 2910 514 2971 si
540 2909 653 2971 vallem
682 2911 813 2969 cunctos
827 2923 910 2987 qno·
962 2910 1177 2977 voluminibus
1199 2911 1354 2975 exstitisse
1384 2909 1548 2991 sexaginta
1577 2909 1677 2971 millia
1692 2926 1700 2972 τ
1715 2929 1786 2990 que

81 3009 234 3074 rumdam
272 3009 454 3072 criticorum
497 3023 618 3068 emeres
658 3003 732 3066 huie
774 3002 909 3081 articulo
963 3010 1105 3089 proiecto
1134 3028 1191 3075 uec
1227 3015 1275 3070 tot
1302 3010 1463 3070 numerari
1492 3007 1613 3088 possint
1640 3008 1672 3068 iu
1700 3012 1787 3070 textu

82 3111 233 3183 imm,
264 3113 296 3170 fii
322 3107 419 3168 iiim
445 3123 555 3169 wrm
583 3101 747 3183 Opissittnffl
772 3100 812 3162 (10
838 3117 910 3162 Ver·
965 3109 1073 3170 orceo
1105 3107 1247 3188 ioscpbl,
1285 3107 1345 3168 nisi
1381 3107 1541 3169 breviores
1568 3105 1701 3167 luissent
1728 3105 1788 3168 ho-

81 3224 179 3269 aunm
208 3204 413 3268 divisionibus
440 3221 477 3264 ac
506 3199 760 3263 distinctionibus
787 3196 949 3264 usitatisii
967 3205 1084 3268 dlernis
1110 3205 1225 3267 nostris
1268 3205 1400 3280 bibliois,
1430 3223 1488 3268 nec
1516 3204 1701 3266 adeersum
1730 3222 1789 3266 nu.

84 3305 173 3387 apud
200 3303 360 3383 antiquos,
392 3299 575 3380 singiliatim
613 3297 767 3370 retollere,
796 3313 914 3375 propo·
969 3323 1091 3365 merum
1120 3302 1282 3389 praednlri,
1308 3303 1368 3364 nisi
1391 3303 1537 3366 distincte
1552 3306 1584 3364 et
1612 3319 1669 3383 per
1695 3302 1792 3364 inter·

85 3403 221 3482 sitisque
261 3397 410 3481 capitulis
454 3397 494 3459 ad
541 3396 668 3476 singula
710 3393 913 3474 respondero·
969 3402 1052 3463 vaila
1086 3402 1219 3465 fuissent
1251 3402 1400 3483 descripti
1422 3403 1454 3464 in
1483 3402 1684 3482 autographo
1706 3401 1792 3483 ejus·
1921 3476 1926 3485 .

88 3501 180 3566 tindc
202 3497 366 3562 laciniosae
380 3495 602 3577 disputationis
624 3492 752 3556 fastidia
778 3491 913 3571 lugiens,
970 3500 1041 3565 dam
1083 3500 1231 3564 auctoris.
1289 3504 1406 3568 liorem
1456 3503 1541 3569 bunc
1598 3501 1796 3567 describendi
1929 3518 1933 3525 ·

89 3599 169 3662 etin
184 3604 308 3661 arctum
324 3596 422 3659 verba
451 3595 667 3674 compingant,
696 3590 776 3653 illud
791 3594 915 3651 linium
972 3597 1070 3660 multa
1111 3597 1252 3660 versibus
1281 3598 1372 3661 valde
1412 3602 1607 3681 superiorem
1653 3599 1794 3680 losepbo
1918 3676 1921 3681 q

88 3696 230 3758 breviter
258 3694 412 3756 lectorem
453 3693 621 3764 admoneo,
651 3688 773 3750 nntium
810 3686 917 3749 adimo
971 3695 1107 3759 ostendit
1147 3694 1320 3776 Hesychius
1362 3698 1527 3777 presbyter
1554 3697 1792 3778 Hierosolymo·

88 3808 287 3875 nuperorum
315 3791 504 3872 scriptorum
526 3790 605 3851 satis
632 3789 780 3850 accurate
802 3784 917 3846 dixisse
972 3811 1054 3866 rum,
1083 3810 1167 3870 cnm,
1204 3794 1236 3855 in
1264 3798 1401 3856 tractatu
1416 3813 1510 3882 quem
1538 3803 1632 3861 vocat
1655 3800 1794 3881 Στιχηρόν

90 3892 129 3953 ἅθ
156 3888 300 3970 *filiiflii
336 3888 478 3950 imiimi
506 3906 562 3949 ⁸⁰¹¹
590 3883 801 3947 ⁰0mffl²iib¹1⁸
832 3881 916 3942 Scri·
972 3893 1139 3955 duodecim
1153 3894 1391 3977 prophetarum,
1409 3914 1481 3958 eum
1495 3900 1591 3961 refert
1605 3899 1645 3962 ad
1669 3903 1794 3977 tempo·

91 3996 260 4070 perarua
289 3985 479 4048 itinerum·
509 3985 665 4067 reamque
684 4000 723 4044 οι
750 3975 918 4059 bussoti
974 4012 1008 4054 ra
1026 3993 1154 4056 noviora
1180 3999 1212 4055 ec
1233 3993 1423 4069 salomone,
1456 3995 1521 4059 sive
1550 3993 1796 4059 etiamnunc
1875 3972 1881 3986 “

91 4086 228 4168 Specuio
255 4084 439 4148 ademplin
463 4083 527 4144 ania
552 4081 638 4145 notia
672 4086 704 4142 fii
725 4077 919 4141 obmittit>
972 4092 1110 4170 Regibus
1137 4091 1334 4152 vetustioris:
1358 4093 1476 4155 addens
1504 4095 1634 4177 iusuper
1660 4092 1795 4158 similem

90 4185 197 4258 nibus
229 4201 301 4265 (1¹¹0
331 4181 371 4244 td
399 4181 495 4242 finem
520 4178 805 4242 leittiifltimfflffl
830 4174 920 4236 ΜΠ·
973 4207 1120 4251 versnum
1157 4188 1389 4251 distinctionem
1418 4210 1450 4253 se
1478 4191 1632 4258 invenisse
1664 4192 1697 4255 in
1739 4189 1797 4253 ali·

91 4300 164 4344 com
205 4279 344 4362 probato
382 4279 490 4341 tissiim
524 4280 727 4349 ”memnii
769 4280 801 4335 Oi
841 4272 921 4334 [ΒΜ
974 4291 1051 4366 quot
1084 4286 1315 4368 exemplaribus
1351 4287 1503 4350 librorum
1530 4290 1796 4371 apostolicorum:

91 4380 363 4441 demonstrantur.
394 4375 509 4438 Scribii
550 4374 599 4435 vil
626 4373 748 4447 dodim,
777 4379 808 4432 ei
841 4368 921 4431 mihi
975 4380 1052 4452 Πλὴν
1074 4379 1212 4438 ἀλλὰκαὶ
1238 4383 1288 4452 τὴν
1312 4380 1497 4454 &remollescit
1525 4383 1632 4460 βῖὅλιον
1659 4382 1730 4441 οὕτω
1744 4383 1798 4441 τινὶ

93 4495 221 4539 summ
246 4474 452 4539 veneratione
469 4492 594 4555 semper
621 4470 784 4544 colendus,
812 4471 919 4546 Augu·
975 4482 1172 4556 eoyypcpctess
1187 4475 1285 4554 εὑρὼν,
1330 4479 1391 4532 etc.
1448 4475 1516 4536 lton
1573 4494 1647 4558 ergo
1690 4494 1800 4539 recens

92 4577 211 4638 stiuum
240 4574 371 4654 quidem
392 4572 439 4634 ita
466 4573 641 4635 Bibliorum
671 4586 780 4631 versus
809 4566 924 4627 distin·
939 4564 962 4630 ii
979 4575 1046 4630 crat
1099 4575 1243 4649 tempore
1303 4568 1462 4652 Hesychii,
1525 4572 1580 4635 sed
1633 4572 1701 4653 jam
1750 4591 1801 4635 re-

91 4675 175 4736 xisse
198 4672 262 4734 sibi
290 4671 406 4746 visum,
433 4676 468 4731 ut
490 4690 543 4731 sex
566 4668 721 4730 dictiones
750 4663 921 4745 unusquis·
978 4672 1070 4747 cepta
1097 4673 1129 4729 et
1155 4665 1267 4728 inolita
1293 4682 1441 4729 versuum
1466 4669 1626 4733 distinctio
1653 4672 1685 4732 in
1714 4670 1803 4733 libris

94 4792 150 4853 que
200 4789 313 4831 umus
362 4768 550 4829 contineret:
602 4767 774 4849 subditque
824 4761 924 4823 rerba
978 4765 1073 4827 sacris
1086 4765 1207 4826 Veteris
1222 4782 1258 4825 ac
1272 4764 1357 4825 Novi
1383 4765 1586 4830 Testamenti.
1616 4771 1680 4831 itec
1704 4785 1801 4830 unum

94 4870 231 4931 isthaec:
258 4866 321 4928 Sed
336 4865 372 4927 id
398 4864 642 4948 Augustiniano
669 4862 772 4924 codici
799 4859 925 4919 uidetur
978 4862 1178 4925 solummodo
1242 4879 1366 4923 sacrum
1422 4872 1605 4928 contextum
1662 4867 1804 4930 versibus

87 4966 197 5042 fuisse
231 4964 405 5048 peculiare,
449 4984 510 5024 non
553 4960 698 5024 omnibus
752 4975 922 5018 commune.
979 4952 1074 5013 inisse
1092 4951 1275 5013 distinctum
1304 4951 1551 5034 aedescriptum
1565 4956 1732 5031 novimus3
1748 4952 1803 5016 sed

95 5063 210 5127 Libros
224 5063 395 5146 Stricturae
416 5061 592 5144 plerosque,
608 5065 637 5123 el
660 5061 798 5136 sortasse
821 5072 925 5117 omnes
978 5049 1138 5111 versiones
1165 5049 1261 5111 etiam
1298 5053 1426 5113 (tracas
1454 5070 1658 5135 quascunque
1685 5055 1805 5114 Instru-

89 5173 149 5244 ριν
185 5181 295 5222 versus
342 5159 494 5222 distinxit
520 5158 747 5235 Hieronymus,
776 5153 832 5215 sed
867 5151 926 5213 to-
982 5149 1076 5210 menti
1106 5147 1226 5210 leteris
1253 5146 1294 5209 ab
1325 5148 1462 5228 Origene
1490 5171 1548 5233 per
1570 5151 1712 5215 membra
1739 5149 1803 5211 sive

97 5262 215 5321 diernae
238 5258 457 5321 distinctionis
480 5257 571 5319 nulle
599 5255 683 5343 apud
706 5270 774 5315 eum
803 5251 927 5311 exstent
981 5265 1128 5310 vanuum
1143 5245 1321 5309 colaioisse
1349 5245 1467 5309 divisas
1489 5250 1597 5311 docuit
1625 5266 1682 5309 nos
1710 5249 1806 5310 Ense·

96 5358 246 5441 uestigia.
303 5360 342 5419 at
385 5376 464 5438 pace
514 5355 718 5418 eruditissimi
762 5348 927 5429 scriptoris
981 5344 1262 5407 binsGoesariensis
1289 5343 1346 5404 lib.
1376 5347 1626 5408 v1Hcci.Hist.
1657 5363 1726 5423 cap.
1753 5348 1806 5422 tb,

97 5458 203 5519 (ficere
222 5457 278 5519 >ias
306 5457 356 5530 sit,
386 5455 547 5517 innmsros
574 5454 669 5516 inisse
698 5449 872 5529 antiquitus
893 5447 927 5509 ia
983 5445 1120 5507 nbihaec
1147 5444 1244 5506 babet
1271 5443 1309 5503 de
1333 5461 1428 5522 opere
1455 5445 1669 5525 llexepiorurn
1696 5440 1816 5525 Origo·

98 5557 173 5618 tetis
203 5554 375 5618 bibliorum
416 5553 639 5629 voluminibus,
671 5550 725 5634 qui
762 5548 841 5609 duas
878 5546 928 5606 vst
983 5544 1032 5605 uis
1047 5561 1054 5605 :
1071 5541 1145 5606 Has
1172 5542 1277 5625 igitur
1308 5560 1412 5601 omnes
1440 5541 1714 5624 interpretationes
1744 5560 1825 5607 curs

98 5658 163 5716 tres
178 5658 303 5716 tantum
318 5652 473 5716 dodones
500 5653 709 5724 continerent,
737 5663 794 5709 use
817 5644 928 5725 alique
983 5642 1018 5703 in
1032 5662 1132 5709 unum
1158 5648 1268 5724 coepte
1301 5636 1494 5720 collegisset,
1524 5647 1555 5702 et
1590 5648 1659 5724 per
1676 5642 1751 5716 reta
1806 5656 1837 5704 oc
