3870 6120
111 184 182 241 1287
634 178 664 232 Β.
687 176 889 232 aratorum
909 174 1035 229 ulvius
1052 168 1299 226 elutiornaca.
1423 160 1426 165 ’
1749 168 1821 226 1288

186 308 247 364 toto
262 302 348 360 eorde
365 299 514 358 servabam
526 303 672 372 precepta
685 304 746 356 tua.
952 298 981 368 Α
1065 293 1302 351 testimoniatus
1318 292 1469 352 meditatio
1484 311 1561 352 mea.

115 382 315 437 Incrassatum
331 378 375 430 est
389 371 467 427 velut
482 371 573 444 adeps
588 388 638 428 cor
652 388 765 443 eorum,
781 377 809 429 ct
830 388 881 443 ego
907 371 937 427 in
993 372 1087 440 Super
1102 382 1187 422 senes
1203 365 1351 422 intellexi:
1367 368 1436 438 quia
1451 369 1599 440 precepta
1617 368 1672 423 tua
1699 368 1820 425 servavi,

185 450 247 522 lege
261 452 313 502 tue
328 444 505 499 delectabar.
989 441 1034 498 Ab
1050 439 1128 496 omni
1142 437 1483 510 semitemalaprohibui
1496 439 1584 512 pedes
1594 454 1689 509 meos,
1701 446 1821 497 utcusto

110 523 224 581 Bonum
248 518 300 589 (ll.
317 516 379 571 add.
397 515 452 586 est)
469 513 540 570 mihi
556 515 626 587 quia
640 514 768 573 sillictus
796 532 875 582 sum,
904 518 938 570 ut
1063 510 1158 566 diram
1174 510 1229 578 (Al.
1246 511 1407 582 cutodiam)
1422 511 1585 567 verbatua.

182 593 323 647 discerem
341 590 486 672 precepta
496 592 557 643 tue.
990 587 1013 641 A
1026 581 1150 654 judiciis
1164 580 1224 638 tuis
1239 582 1424 663 nontreeesst
1434 599 1442 640 :
1452 584 1520 653 quia
1530 588 1562 639 tu
1573 581 1755 639 illuminasti
1767 599 1820 639 me.

107 665 207 722 llelior
221 666 266 716 est
283 660 354 714 mibr
368 658 415 715 lex
429 659 488 716 uris
503 659 545 715 tui
560 677 567 729 ;
584 674 672 730 super
700 657 794 714 millia
815 657 880 714 euri
909 660 938 714 et
992 656 1085 720 Quem
1097 654 1185 737 dulce
1196 658 1310 725 gutturi
1322 670 1386 711 mco
1396 654 1756 726 eloquiumtuum‚snper
1767 653 1820 711 mal

184 751 215 790 er
237 732 306 787 enti.
1062 742 1105 782 orr
1121 740 1195 783 mco.

107 807 187 879 (lod.)
234 820 308 859 anus
323 807 381 858 tura
398 802 529 857 lecerunt
544 817 600 871 roe,
618 805 647 856 et
675 800 865 858 firmaverunt
891 816 938 857 me
991 795 1692 871 Praecsptatuaconsiderabam:proptereaodivi
1704 813 1819 854 omnem

179 878 235 949 (At.
253 874 416 946 tacetmelz
433 874 504 929 doce
531 889 585 942 ma,
615 876 644 929 et
658 874 770 929 discam
798 872 938 930 mandata
1062 869 1196 926 semitam
1213 868 1368 925 mendacii.

183 954 246 1015 tua,
993 940 1090 1015 (Nun.)
1108 945 1238 995 Lucerna
1251 940 1318 1014 pedi
1334 957 1398 997 ureo
1413 942 1534 998 verbum
1550 944 1652 1009 tuum,
1666 944 1696 998 et
1711 938 1762 997 lux
1775 956 1818 997 se·

108 1018 162 1085 Qui
178 1018 332 1083 timeotte,
348 1014 490 1071 ridebunt
507 1029 562 1081 me,
587 1020 615 1070 et
640 1014 838 1074 laetabuntur:
869 1017 939 1089 quia
1064 1012 1142 1068 mite
1157 1027 1238 1066 mea·

180 1103 346 1147 sermonem
363 1092 449 1142 tuum
466 1087 641 1157 exspectavi.
990 1085 1007 1142 J
1013 1083 1105 1151 oravi,
1122 1091 1149 1139 et
1164 1082 1375 1154 perseverabo:
1392 1086 1424 1140 ut
1434 1083 1597 1141 custodiam
1609 1081 1817 1155 judiciajusti·

109 1163 186 1230 Scio,
199 1160 332 1224 Domine,
351 1159 419 1230 quia
431 1159 547 1231 justum
559 1157 707 1230 judicium
720 1162 816 1231 tunm,
833 1163 939 1218 atvero
1064 1156 1110 1211 tica
1126 1160 1193 1210 tue.

180 1230 311 1290 afflixisti
328 1245 386 1285 mo.
992 1228 1125 1284 Atilictus
1140 1243 1207 1283 sum
1222 1241 1313 1296 usque
1336 1223 1444 1283 nimis:
1476 1227 1610 1298 Domine,
1640 1225 1757 1284 vivifica
1777 1241 1819 1282 mc

105 1306 160 1376 sit,
176 1306 309 1371 obscero,
323 1300 534 1356 misericordia
545 1306 596 1357 tua
607 1302 635 1357 in
647 1302 848 1359 consolatione
860 1319 937 1374 meo;
1060 1301 1145 1370 juxta
1160 1298 1280 1353 verbum
1296 1303 1391 1354 tuum.

180 1376 257 1433 sicut
273 1374 391 1429 locutus
409 1389 439 1428 es
455 1389 536 1428 servo
552 1377 613 1429 tuo.
991 1369 1166 1429 Voluntaria
1181 1368 1239 1424 oris
1256 1369 1313 1425 mei
1328 1369 1529 1440 complaceant
1544 1369 1612 1440 tibi,
1632 1369 1767 1439 bomine,
1795 1372 1819 1424 et

1 1439 2 1444 ’
109 1449 234 1505 Veniant
250 1446 321 1500 mihi
339 1444 544 1500 misericordius
560 1451 628 1514 tua,
641 1446 795 1503 etvivom:
813 1445 939 1518 quialex
1063 1443 1226 1499 secundum
1238 1440 1353 1511 judicia
1368 1445 1420 1498 tue
1435 1441 1505 1498 doce
1520 1457 1576 1500 me.

180 1524 231 1574 tua
245 1515 401 1572 delectatio
416 1533 482 1572 mee
493 1519 513 1570 ¹.
991 1515 1101 1573 Anima
1116 1530 1181 1570 mea
1195 1512 1225 1567 in
1242 1529 1333 1570 manu
1349 1529 1415 1570 mee
1429 1530 1556 1586 semper,
1571 1519 1603 1570 et
1613 1513 1755 1587 legistua
1765 1526 1817 1567 non

32 1624 35 1629 ·
110 1588 617 1660 Conlundantursupcrbi‚quoniam
632 1588 940 1658 iniquecontrirerunt
1064 1602 1129 1642 surn
1145 1584 1266 1655 oblitus,

182 1678 228 1717 mc
243 1679 250 1713 ι
263 1677 316 1732 ego
333 1664 429 1715 autern
445 1659 550 1730 loquor
565 1660 594 1715 in
610 1661 764 1731 preceptis
776 1660 846 1716 tuis.
992 1660 1157 1718 Posuerunt
1171 1656 1256 1728 impii
1272 1654 1408 1728 laqueum
1422 1656 1506 1728 mibi,
1523 1660 1553 1714 et
1567 1656 1818 1732 apraeceptiatnia

112 1737 304 1791 Revertantur
315 1731 350 1787 ad
364 1747 409 1788 me
422 1731 470 1802 qui
479 1732 583 1788 timent
595 1735 631 1800 te,
644 1736 672 1787 ct
685 1731 734 1803 qui
745 1731 935 1789 sciunttesti·
1064 1745 1122 1785 non
1139 1728 1280 1785 aberravi.

183 1803 315 1862 monium
330 1802 424 1858 iuum.
992 1801 1151 1861 Hereditas
1168 1816 1233 1855 mee
1258 1797 1428 1857 testimonie
1451 1809 1501 1858 tue
1525 1800 1556 1856 in
1585 1800 1817 1874 sempiternom:

112 1877 175 1933 l'int
189 1894 240 1932 cor
255 1892 351 1931 meum
366 1874 526 1948 perlectum
538 1874 569 1930 in
586 1872 738 1948 preceptis
749 1875 819 1944 tuis,
836 1879 939 1933 utnon
1066 1872 1136 1945 quia
1151 1871 1291 1945 gaudium
1308 1871 1405 1928 cordia
1421 1874 1478 1930 mei
1493 1877 1574 1930 sunt.

185 1947 358 2004 confundar.
994 1944 1136 2004 lnclinuvi
1151 1956 1310 2000 cormeum
1326 1948 1359 1998 ut
1374 1943 1499 2002 lacerem
1511 1944 1648 2017 justitias
1665 1948 1747 2013 tuas,
1760 1958 1821 2016 pro·

111 2019 222 2095 (Copta.)
254 2018 362 2074 Deiecit
378 2016 407 2071 in
423 2015 552 2072 salutare
569 2023 651 2073 tuum
679 2017 778 2075 anima
793 2035 879 2075 mea:
909 2019 939 2075 in
1064 2021 1130 2089 pter
1144 2020 1281 2071 aeternam
1298 2014 1530 2074 retributionem.

184 2090 304 2146 verbum
321 2095 405 2144 tuum
421 2088 569 2161 expectavi
580 2089 610 2143 ²:
995 2087 1143 2162 (temeri.)
1158 2087 1370 2143 'tumultuosos
1386 2089 1475 2158 odivi,
1486 2094 1515 2144 et
1524 2087 1620 2161 legem
1630 2093 1720 2144 tuam
1730 2086 1818 2145 dilexi.

110 2161 284 2232 consumpti
299 2159 455 2216 suntoculi
472 2159 528 2214 mei
545 2160 574 2214 in
589 2159 712 2215 verbum
725 2164 809 2217 tuum
820 2161 940 2218 :dicen-
994 2159 1138 2218 Protectio
1154 2174 1219 2215 mea
1233 2163 1262 2215 ct
1276 2164 1393 2215 scutum
1403 2177 1499 2220 rusum
1509 2165 1541 2217 tu
1552 2160 1818 2217 aazverbumteuu

183 2237 239 2300 tes,
256 2235 373 2304 quando
388 2230 588 2286 consolaberis
604 2246 650 2286 me
666 2233 680 2284 ?
1067 2230 1242 2303 exspectavi.

115 2305 152 2362 Et
165 2321 232 2360 cum
249 2318 344 2359 essem
359 2302 447 2429 <dirpsi
463 2307 527 2358 uter
542 2301 571 2357 in
589 2302 705 2374 pruine,
732 2307 942 2376 praeoptatus
995 2303 1129 2386 Recedite
1145 2319 1161 2358 a
1176 2319 1233 2371 me,
1251 2300 1385 2375 maligni,
1401 2305 1430 2360 et
1444 2304 1612 2361 custodiam
1624 2301 1818 2361 mandatallci

186 2390 358 2431 nonsumo
393 2390 461 2428 rus.
1069 2391 1137 2430 mer.

114 2450 191 2515 Quot
211 2452 281 2502 sunt
296 2445 357 2500 dies
373 2444 446 2500 servi
462 2442 524 2499 tui:
550 2444 668 2514 quando
684 2444 771 2502 iacies
787 2445 818 2503 in
842 2463 942 2519 perse·
995 2446 1143 2503 confirma
1160 2461 1205 2500 rue
1219 2445 1382 2502 secundum
1397 2446 1519 2502 verbum
1534 2449 1632 2518 tuum,
1656 2451 1687 2503 et
1712 2445 1816 2503 viram:

186 2517 347 2589 quentibus
362 2532 408 2571 me
422 2515 575 2586 judicium.
1068 2521 1096 2573 et
1111 2515 1170 2574 noli
1186 2533 1232 2574 me
1247 2517 1427 2574 contundere
1442 2520 1479 2575 ab
1500 2518 1725 2590 exspectatione
1751 2533 1815 2574 mea.

112 2591 260 2648 Foderunt
275 2587 348 2643 mibi
363 2588 482 2660 superbi
491 2587 598 2656 leucas,
619 2603 683 2659 quae
696 2604 754 2644 non
766 2590 943 2662 erantjuxta
996 2589 1143 2646 Auxiliare
1158 2589 1242 2659 mihi,
1259 2594 1287 2644 et
1309 2588 1408 2645 salvus
1436 2606 1509 2647 ero:
1538 2597 1568 2647 et
1596 2590 1767 2648 delectabor
1789 2590 1816 2645 ia

183 2661 276 2734 legem
292 2665 384 2716 tuam.
1069 2661 1222 2734 preceptis
1237 2659 1295 2716 tuis
1306 2661 1427 2733 jugiter.

111 2732 217 2790 Omnia
234 2733 371 2787 mandata
387 2733 437 2786 tua
450 2743 538 2785 vcra:
555 2728 629 2786 laiso
645 2731 790 2802 persecuti
802 2736 941 2802 suntme,
995 2732 1137 2804 objecisti
1152 2748 1255 2789 omnes
1270 2732 1320 2804 qui
1334 2736 1660 2806 aversanturprecepta
1674 2736 1741 2790 tua:
1756 2728 1816 2804 quia

183 2803 324 2860 auxiliare
339 2801 423 2857 mibi.
1068 2803 1193 2860 mendax
1208 2803 1345 2876 cogitatio
1356 2805 1367 2839 ⁸
1378 2821 1490 2861 eorum.

111 2875 869 2957 Paulominusconsurnpseruntmelnterra:ego
889 2892 942 2932 au·
995 2876 1084 2941 Quasi
1100 2875 1226 2932 scoriam
1242 2878 1419 2958 computasti
1449 2891 1552 2934 omnes
1583 2874 1695 2950 impios
1722 2879 1815 2932 terra:

182 2953 241 3003 tero
260 2963 318 3002 non
334 2945 434 3000 dimisa
472 2948 596 3015 recepta
611 2949 672 3000 tua.
1067 2951 1221 3020 propterea
1236 2947 1322 3003 dilexr
1339 2948 1509 3005 testimonia
1524 2953 1586 3004 tue.

112 3019 279 3077 Secundum
292 2962 524 3073 misericordiam
537 3021 617 3070 tuam
633 3016 749 3073 vivifica
760 3035 816 3088 me,
832 3022 860 3075 et
873 3034 943 3075 cus·
957 3052 979 3121 c
998 3017 1187 3103 Horripiloyit
1202 3038 1219 3074 e
1233 3019 1339 3076 timore
1355 3026 1404 3077 tuo
1420 3037 1487 3077 caro
1504 3036 1581 3090 mee,
1595 3021 1624 3075 et
1636 3018 1751 3091 iudicia
1771 3021 1815 3072 tue

182 3090 293 3150 todiem
309 3087 479 3143 testimonia
492 3087 551 3141 oris
564 3088 606 3142 tui
617 3087 637 3142 ³.
1070 3096 1166 3146 trmur.

111 3161 246 3233 (tameat.)
261 3163 292 3215 ln
308 3166 452 3215 aternum
471 3157 523 3227 (At.
541 3158 705 3231 seculum),
720 3159 853 3231 Domine,
877 3177 942 3218 ver·
998 3163 1086 3234 (liu.)
1101 3162 1165 3218 Feci
1177 3161 1315 3232 judicum
1330 3166 1358 3219 et
1385 3163 1547 3234 iustitiam:
1576 3178 1612 3219 no
1638 3160 1814 3233 derelinque

182 3233 252 3287 burn
269 3236 353 3287 tuum
371 3234 522 3303 permanet
534 3229 563 3283 in
579 3229 662 3286 cralo.
1071 3250 1118 3289 me
1134 3233 1180 3289 his
1195 3233 1245 3306 qui
1259 3233 1477 3291 calumniantur
1493 3251 1548 3291 me.

116 3304 148 3358 ln
165 3306 362 3375 generatione,
388 3307 416 3356 at
430 3302 616 3367 generatione
632 3301 704 3358 fides
719 3306 791 3359 tua:
813 3301 942 3361 lundasti
998 3305 1115 3378 Sponde
1130 3323 1182 3379 pro
1198 3322 1280 3362 servo
1297 3311 1348 3363 tuo
1364 3305 1394 3362 in
1407 3306 1537 3363 bonum:
1556 3321 1592 3362 nc
1605 3304 1813 3363 calumnientur

184 3381 293 3428 terram
309 3378 338 3428 et
352 3378 423 3427 stat.
1070 3393 1117 3433 me
1130 3377 1258 3448 superbi.

112 3444 128 3500 J
133 3445 238 3571 wigii}
245 3450 295 3500 tuo
306 3446 386 3499 stant
399 3457 494 3514 usque
503 3441 591 3498 hodie
603 3461 609 3498 :
622 3443 801 3509 uuiaomnia
811 3445 943 3502 serviunt
998 3446 1080 3505 Oculi
1089 3446 1595 3517 meideieceruntinsalularetuum,
1604 3445 1812 3520 etineloquinn

200 3532 207 3569 ι
230 3530 250 3570 r.
1072 3518 1190 3576 ‘ustitia
1206 3526 1273 3576 tue.

114 3585 270 3669 Nisiquod
299 3584 345 3638 lex
361 3587 411 3639 tua
426 3582 581 3641 delectatio
596 3601 681 3642 mea:
700 3585 773 3644 torte
800 3587 942 3660 perissem
997 3593 1052 3648 Fac
1065 3536 1135 3648 qum
1151 3609 1234 3648 servo
1249 3596 1299 3648 tuo
1311 3592 1394 3662 juxta
1420 3591 1656 3650 misericordiam
1682 3600 1769 3660 tuam,
1792 3589 1813 3642 el

185 3671 462 3729 rnpressuremea.
520 3726 555 3739 ..
1070 3664 1434 3737 praeceptatuadoceme.

118 3730 150 3786 ln
171 3731 385 3800 sempiternum
398 3743 455 3810 non
469 3725 623 3782 oblrvrsrer
645 3735 855 3803 preceptorum
875 3734 944 3787 tuo·
999 3734 1106 3792 Servus
1118 3740 1188 3792 tuus
1203 3752 1269 3792 sum
1286 3751 1349 3808 ego,
1367 3735 1480 3793 instrue
1502 3750 1569 3793 me:
1596 3737 1627 3792 et
1655 3743 1812 3807 cognoscem

189 3818 253 3856 rum
268 3800 337 3873 quia
352 3815 402 3872 per
415 3815 482 3874 rpsa
496 3798 650 3856 vivificasti
668 3817 724 3856 me.
1070 3807 1239 3863 testimonia
1255 3812 1315 3863 tua.

113 3873 195 3929 Tuus
217 3889 278 3954 ego·
295 3887 372 3953 aum,
389 3869 469 3926 salve
485 3886 551 3926 me:
578 3872 718 3945 quoniam
735 3877 879 3947 praecepta
893 3877 944 3931 tua
997 3880 1125 4004 Tempus
1141 3884 1192 4005 ostt
1200 3885 1232 3935 ut
1252 3878 1353 3950 iacias,
1383 3878 1522 3937 Domine:
1547 3877 1732 3952 prevaricati
1757 3874 1813 3931 snot

187 3958 309 4014 quaesrvr
1082 3966 1164 4022 egem
1194 3967 1272 4006 uem.

115 4021 159 4072 Ml
175 4016 400 4086 0¹P⁸⁰l⁸V⁰l¹¹⁰i
410 4011 503 4094 impii.
520 4016 552 4066 Ui
562 4013 717 4084 perderent
728 4031 794 4071 me:
810 4016 944 4074 testimo·
999 4019 1155 4094 Propterea
1165 4021 1252 4080 dilexi
1264 4022 1402 4079 mandata
1412 4025 1465 4079 tua
1475 4038 1482 4078 ι
1494 4037 1585 4094 super
1595 4021 1814 4089 aurnmettopa·

187 4090 268 4141 niurn
285 4090 369 4139 tuum
383 4083 587 4139 considerabo.
1071 4093 1160 4150 aium.
1322 4098 1325 4102 '

116 4158 218 4215 Omnia
233 4154 497 4213 cousummationis
511 4155 569 4211 ridi
585 4156 672 4239 linem
688 4156 804 4239 alatum
820 4159 944 4215 maude-
999 4166 1158 4237 Propterea
1170 4163 1200 4218 in
1217 4163 1277 4247 rit..
1287 4163 1333 4236 nd)
1348 4163 1484 4222 universa
1497 4167 1648 4290 praceplta
1663 4167 1715 4244 tua
1727 4157 1814 4217 direxi:

186 4229 295 4300 tempi
326 4226 733 4309 preceptumltuumnrmrs.
1071 4241 1341 4292 omnemsernrtam
1358 4236 1583 4293 mendacirodio
1621 4236 1705 4291 abur.
1799 4298 1805 4309 .

116 4301 221 4384 (ilem.)
237 4301 329 4384 Quam
346 4299 435 4352 drlaxr
451 4297 545 4369 legem
559 4301 660 4355 tuaml
679 4304 739 4356 tota
755 4300 802 4357 die
813 4299 873 4356 hec
883 4317 945 4357 ms·
999 4304 1090 4378 (Ple.)
1102 4306 1247 4389 Mirabilie
1263 4308 1433 4365 testimonia
1447 4312 1520 4366 tue:
1537 4306 1649 4364 idcirco
1674 4300 1817 4362 custodiat

117 4372 458 4514 supei¹iiiiir¹i¹oi⁸ueoe
473 4439 621 4496 intruxisti
639 4457 685 4497 me
701 4443 840 4500 mandato
854 4445 944 4502 tuot:
961 4428 984 4494 [l
1001 4394 1427 4507 ceriiiriiiffiiiieni'teerem
1439 4448 1584 4517 lucidum,
1598 4449 1709 4507 docens
1720 4442 1819 4519 (Abdo-

196 4514 266 4585 quie
280 4513 310 4568 in
324 4511 537 4585 sempiternum
553 4512 607 4569 boc
623 4517 669 4569 est
682 4512 765 4568 mibi.
1073 4521 1131 4593 cer)
1145 4521 1293 4594 parvulos,

118 4583 320 4656 Superomnes
336 4584 386 4657 qui
403 4583 547 4640 docebant
563 4586 762 4655 me,eruditus
778 4602 845 4642 sum
858 4605 865 4644 ε
877 4586 948 4660 quia
1002 4590 1041 4648 Os
1057 4608 1156 4649 meum
1172 4594 1274 4666 aperui
1290 4597 1319 4651 et
1338 4593 1499 4666 respiravi:
1521 4593 1593 4665 quia
1623 4590 1764 4649 mandata
1787 4584 1821 4657 lh·

155 4795 297 4868 ¹lteginae
312 4795 894 4883 mspjuxtaVulgatam,incditotiornco.
1006 4807 1119 4877 lempna
1142 4805 1275 4888 faciendi,
1306 4806 1433 4874 Damius,
1463 4823 1559 4864 vocure
1585 4809 1716 4877 lecerunt
1751 4804 1824 4873 repes

154 4870 371 4939 ²blanuserrptr
403 4867 582 4948 leguntsrne
612 4875 855 4940 propositionem
886 4873 948 4928 Ver·
1004 4880 1377 4950 erram;A1n8‚pmp20rea
1400 4881 1530 4937 universa
1560 4878 1696 4933 mandam
1722 4880 1769 4932 ιω
1788 4875 1822 4930 αι’.

121 4941 187 4997 brem
210 4949 287 4997 tuum
315 4943 482 5007 exspectaus.
508 4939 625 4997 Scholia
648 4947 748 4998 autem
774 4943 950 5025 marginalia
1007 4948 1085 5012 texi;
1101 4949 1159 5005 Phe
1174 4950 1202 5017 7,
1223 4955 1322 5007 Verum
1349 4955 1430 5007 tuum
1456 4948 1589 5007 illumina
1613 4965 1701 5019 super
1728 4961 1824 5003 seruum

121 5014 210 5069 aicae
234 5009 464 5091 babentttlapb
495 5010 520 5065 l.
539 5015 647 5082 Defecit
674 5015 703 5068 in
728 5015 850 5071 saltatura
877 5024 949 5077 tuo:
1006 5026 1103 5087 turum
1120 5021 1399 5093 Sacerdotula,
1424 5023 1549 5085 Deeratne,
1572 5024 1600 5076 et
1624 5029 1705 5077 recta
1730 5019 1824 5092 judicit

120 5084 199 5155 Caph
220 5085 256 5165 ¹2,
276 5085 307 5138 in
334 5080 477 5165 etoqumm
507 5086 741 5165 ltfumtssuphss,
759 5086 829 5167 Ouia
858 5087 950 5159 fuctus
1005 5092 1634 5166 tua3Sadel‚l'robeturueloquiumtuurn.
1658 5133 1667 5148 .
1690 5132 1699 5147 .
1721 5085 1826 5148 ,clueat

122 5172 183 5212 cum
198 5161 270 5210 secut
293 5159 356 5209 uter
370 5170 400 5208 m
423 5159 563 5224 fumone:
589 5154 695 5210 Lomed
711 5158 738 5219 3,
768 5175 834 5239 quac
856 5173 951 5214 omnes
1005 5163 1087 5220 illud.
1105 5163 1196 5221 Mam,

121 5229 194 5283 serui
208 5229 260 5282 tui.
277 5225 424 5281 Nonnulla
438 5226 497 5292 jam
512 5226 607 5297 posita
622 5243 655 5282 ac
672 5228 794 5284 minoris
809 5228 950 5285 momenti
1041 5234 1171 5291 minori
1197 5253 1320 5293 numen,
1349 5236 1537 5293 testimonium
1565 5234 1690 5306 praefert
1718 5235 1826 5291 cistere

124 5297 387 5371 pretermittimus.
433 5295 539 5351 Lamed
568 5298 596 5350 8.
630 5298 710 5354 Ornoi
748 5300 954 5357 consecrationi
1006 5312 1322 5381 ms.;ctmoxperrtot
1344 5310 1458 5366 vertum
1484 5317 1571 5379 tuum,
1599 5324 1654 5380 pro
1683 5302 1827 5379 permutet,

121 5372 185 5426 vidi
211 5369 295 5438 finem
306 5388 315 5433 ,·
326 5367 400 5423 illem
417 5368 444 5430 2.
457 5366 545 5437 Super
559 5370 686 5425 inimicos
707 5385 783 5425 meos
809 5370 955 5427 {restruunt
1007 5381 1063 5434 etc.

121 5437 530 5521 memondotutun5Nun2,
555 5439 898 5511 lurorictstntui3Nun
923 5444 951 5512 t,
1043 5452 1179 5506 ‘lterum
1193 5447 1601 5521 Cisterciens.ms.,ioetruit
1635 5466 1684 5506 use
1705 5445 1827 5505 monitu

127 5512 316 5583 complaceant
343 5511 407 5572 tide.
433 5509 551 5566 obsecro.
581 5512 726 5579 llomine3
756 5512 832 5580 Nun,
867 5515 895 5583 5,
922 5516 954 5570 in
1006 5523 1065 5577 tua.

122 5583 216 5655 patrare
232 5600 312 5649 mea3
343 5580 464 5667 Sameeb
482 5583 674 5650 bocennaium
703 5584 842 5656 eloquium
862 5590 952 5653 tuum,
1043 5593 1148 5649 ‘ldem
1165 5609 1222 5649 ms·
1243 5596 1374 5661 menduc,
1403 5593 1591 5661 convocatio,
1616 5608 1672 5675 pro
1701 5586 1828 5664 coartati&

125 5654 170 5708 vel
186 5657 336 5710 secundum
356 5653 494 5726 perlectum
509 5657 607 5716 tuum:
634 5654 756 5711 Someclr
768 5657 795 5724 5,
826 5657 954 5715 Sustentc
1007 5665 1040 5717 In
1056 5662 1176 5723 llcbraeo
1190 5668 1317 5741 foliacia,
1333 5670 1385 5725 aut
1400 5667 1549 5724 cuiusnam
1562 5661 1688 5723 dicatur.

126 5738 181 5790 mc,
195 5728 268 5795 etc.;
298 5729 353 5781 Ain
368 5726 397 5798 2,
424 5740 476 5798 pro
502 5741 581 5784 seruo
599 5731 646 5783 tuo
660 5730 691 5784 in
720 5727 811 5800 louo;
840 5730 896 5786 Ain
923 5730 952 5801 6,
