3878 6150
69 197 138 254 1257

741 206 850 266 LIBER
868 212 1100 275 Paetuonuat.
1181 240 1185 247 ·

78 339 192 380 vinnom
213 340 267 381 rao
281 340 498 383 roaccmnmus
519 329 527 364 ¹
546 344 687 386 rimoaucc
710 347 782 390 coac
801 339 940 405 caari-A
991 340 1046 399 Sed
1063 347 1091 399 ot
1108 344 1248 405 Dominus
1263 350 1345 407 dabit
1359 354 1483 426 bonum,

332 413 394 454 cusa
413 399 454 470 (h.
475 401 628 471 asnarius).

65 500 233 575 (LXXXlV).
249 502 342 566 Quam
359 503 467 563 ditecta
483 507 688 566 tarbarnacula
702 514 764 582 tua,

104 573 226 629 Domine
241 575 422 631 exercituum
433 575 439 630 1
911 644 920 659 ⁶

67 645 219 701 Desiderat
244 652 273 702 st
293 646 395 704 delicit
415 647 514 705 anima
531 665 597 706 mea
611 651 640 707 in
657 652 732 711 atria
746 654 863 711 Domini
880 671 888 711 t

102 732 265 798 cormeum
281 723 310 774 et
324 734 392 776 caro
409 736 473 777 mea
487 721 653 779 laudabunt
670 726 759 781 Deum
771 726 889 797 ¹,Daum

138 794 292 844 viventem.

64 858 215 931 Siquidem
231 876 333 932 passer
346 860 401 933 (At.
417 863 490 935 avis)
507 863 618 921 invenit
631 866 764 938 domum,

101 937 130 986 et
144 934 206 987 nris
222 932 267 1001 pli
282 935 397 1005 passer)
413 935 515 991 nidum
530 939 653 1009 sibi,ubi
669 947 758 1012 ponat
773 940 889 1014 ³pullos

137 1020 207 1059 suos
224 1021 231 1059 ε

64 1072 175 1131 Altaria
190 1079 252 1140 tua,
267 1073 390 1131 Domine
405 1077 595 1149 exercituum,

99 1162 148 1201 rex
165 1163 247 1202 meus
262 1152 291 1202 st
308 1151 383 1204 Deus
397 1165 491 1206 meus.

64 1216 144 1273 Beati
159 1219 209 1289 qui
224 1217 360 1274 habitant
373 1219 402 1274 in
418 1220 506 1277 domo
521 1225 572 1277 tua
588 1240 594 1278 :

100 1290 196 1345 adhuc
208 1289 380 1346 laudabunt
395 1295 432 1348 te.
447 1298 574 1350 Sauras.

64 1364 171 1416 Beatus
188 1363 274 1418 bomo
287 1363 373 1431 cujus
390 1363 529 1421 tortitudo
545 1370 590 1422 est
603 1366 633 1423 in
648 1371 702 1422 te:

100 1431 212 1488 semitas
226 1432 256 1488 in
267 1435 353 1490 corde
368 1434 443 1504 ejus,

64 1502 265 1561 Transeuntes
281 1506 311 1560 in
326 1506 400 1561 valle
414 1506 511 1578 ssatus,

102 1575 212 1631 iontem
230 1582 338 1649 ponent
352 1593 416 1633 eam
433 1595 440 1634 :

100 1647 336 1704 benedictionem
351 1664 468 1721 quoque
483 1649 637 1707 amicietur
651 1652 765 1710 doctor.

63 1719 154 1775 lbunt
172 1720 207 1775 de
224 1719 394 1777 tortitudine
408 1720 437 1776 in
453 1719 656 1779 fortitudinem
672 1740 679 1779 ι

100 1792 247 1862 parebunt
261 1792 339 1863 apud
352 1796 442 1848 Deum
455 1792 484 1848 in
499 1792 578 1849 Sion.

62 1860 187 1919 Domine
202 1864 276 1919 Deus
291 1863 591 1932 exercituum,exaudi
606 1865 768 1923 cretionem
783 1884 888 1940 mram3

97 1932 232 1990 ausculta
246 1934 414 2006 (bauribus
424 1936 887 2009 percipotusustaoob.Scurra.

63 2005 190 2078 clypeus
206 2013 306 2062 nostor
320 2007 395 2073 vide,
413 2012 487 2064 Deus
503 2010 523 2076 ⁸,

100 2081 129 2133 et
143 2078 261 2133 attende
274 2080 377 2134 laniem
393 2078 500 2136 Christi
516 2080 559 2136 tui

62 2149 210 2215 Quoniam
227 2148 329 2205 melior
342 2155 387 2208 est
401 2151 464 2207 diss
478 2151 508 2205 in
524 2150 607 2207 atriis
619 2151 887 2227 tuissupermillia:

99 2219 173 2291 elegi
188 2220 322 2291 abjectus
336 2237 402 2278 esse
418 2222 446 2277 in
463 2223 549 2277 domo
565 2222 616 2279 Dei
632 2226 701 2290 mei,

100 2293 197 2364 magis
211 2309 299 2363 quam
316 2292 448 2348 babitare
463 2293 492 2349 in
504 2295 703 2354 tabernaculis
716 2297 887 2371 impietatis.

60 2363 138 2428 Quia
152 2364 196 2419 sol
211 2369 240 2419 et
255 2371 373 2420 scutum
389 2363 532 2422 Dominus
547 2366 639 2436 Deus,

97 2436 225 2506 gratiam
241 2440 269 2490 et
284 2435 407 2519 gloriam
424 2437 507 2494 dabit
523 2438 677 2508 Dominus,

60 2506 124 2562 Neo
139 2506 307 2578 prohibebit
318 2507 429 2563 bouum

98 2578 136 2633 ab
152 2578 197 2634 his
212 2579 262 2650 qui
279 2579 433 2636 ambulant
447 2579 477 2636 in
493 2580 678 2653 perfectione.

61 2651 189 2706 Domine
203 2650 373 2716 exercitum,

98 2726 204 2778 beatus
219 2721 306 2779 bomo
320 2723 369 2795 qui
385 2723 505 2779 conlidit
519 2722 549 2779 in
564 2726 603 2780 to.

111 2893 223 2933 armoni
242 2883 376 2934 rictonuu
395 2895 477 2947 cons,
497 2895 634 2935 esurirunt
653 2879 695 2952 (lt.
714 2881 851 2955 cennaco).

61 3005 230 3080 (LXXXV.)
246 3003 381 3061 Placatos
397 3021 438 3074 es,
455 3005 586 3077 Domine,
602 3012 685 3066 terra
701 3014 775 3082 tuae3

99 3076 241 3134 reduxisti
257 3077 454 3148 captivitatem
471 3077 571 3136 Jacob.

60 3149 208 3207 Dimisisti
225 3149 408 3220 iniquitatem
426 3150 597 3221 populatus
615 3167 620 3206 :

98 3221 240 3293 operuisti
256 3237 358 3276 omncs
374 3221 546 3291 iniquitates
561 3238 673 3278 eorum.
691 3223 819 3282 Satanan.

59 3293 239 3350 continuisti
251 3308 367 3348 omnem
378 3292 610 3363 indignationem
626 3299 706 3352 tuam
723 3312 731 3352 τ

98 3379 300 3421 conversasse
316 3365 352 3419 ab
370 3363 413 3419 ira
429 3365 537 3421 i'uroris
553 3367 607 3421 tui.

57 3438 203 3493 Converte
218 3452 282 3504 nos,
298 3440 374 3491 Deus
387 3434 475 3492 lasus
490 3436 530 3508 th.
548 3437 687 3495 salutaris
704 3440 824 3513 noster).

97 3513 127 3563 et
143 3508 222 3563 solvo
237 3507 309 3561 iram
326 3511 407 3562 tuam
424 3508 580 3566 adversum
597 3526 660 3567 nos.

59 3579 127 3637 Noli
143 3579 173 3633 in
189 3584 328 3634 aternum
345 3579 432 3634 irasci
449 3580 533 3635 nobis
549 3597 556 3636 τ

98 3651 260 3708 extendens
275 3653 349 3705 tram
361 3654 441 3705 tuam
452 3650 481 3705 in
492 3651 709 3720 generationem
720 3655 793 3723 (Ata
803 3671 889 3728 gene·

136 3721 258 3788 ratione,
274 3721 338 3793 etc.)
353 3725 380 3776 et
395 3725 619 3791 generationem.

59 3794 166 3851 Nonne
180 3799 211 3848 tu
228 3794 546 3850 revertensviviticabis
563 3812 626 3861 nos,

98 3871 128 3920 et
144 3865 269 3937 populus
281 3871 351 3919 tuus
363 3864 511 3921 loetabitur
525 3867 553 3921 in
569 3867 620 3922 tet

58 3939 190 3993 Ostende
206 3936 301 4002 nobis,
317 3937 450 4003 Domine,
467 3937 699 3995 misericordiam
716 3942 808 4007 tuam,

97 4015 128 4065 et
141 4007 273 4064 salutare
287 4013 372 4062 tuum
388 4010 425 4063 da
440 4009 534 4064 nobis.

58 4080 190 4137 Audiam
205 4079 276 4152 quid
291 4078 429 4149 loquatur
445 4085 520 4135 Deus
535 4080 677 4137 Dominus
693 4096 700 4137 τ

98 4152 236 4223 loquetur
262 4150 341 4205 enim
371 4168 472 4223 pacem
488 4153 523 4206 ad
541 4154 684 4224 populum
700 4168 789 4210 suum
804 4155 833 4210 et
852 4152 888 4209 ad

136 4227 254 4279 sanctos
269 4238 350 4289 suos,

100 4299 132 4349 ut
148 4311 206 4349 non
222 4292 477 4349 conuertunturad
494 4292 649 4349 stultitiam
665 4295 685 4349 ⁸.

59 4366 273 4422 Verumtamen
290 4381 380 4436 prope
390 4370 435 4419 est
450 4365 498 4419 bis
509 4367 559 4437 qui
570 4366 751 4424 timentaum
760 4366 890 4424 salutare

95 4439 162 4508 ejus
179 4441 211 4492 ut
225 4437 337 4492 habitet
350 4434 443 4506 gloria
458 4435 488 4491 in
504 4443 582 4492 terra
597 4442 708 4496 nostra.

59 4508 265 4567 Misericordia
279 4514 308 4564 et
320 4508 426 4564 veritas
440 4516 632 4565 occurrerunt
647 4526 654 4566 :

92 4579 215 4650 justitia
230 4584 259 4635 at
274 4596 330 4651 pax
346 4578 519 4636 deosculata
534 4586 615 4637 sunt.

58 4652 178 4708 Veritas
194 4652 231 4706 do
245 4656 325 4707 terra
340 4656 404 4708 orta
419 4656 475 4720 est,

94 4728 126 4780 at
136 4723 256 4795 justitia
269 4724 305 4779 de
321 4722 392 4780 coelo
409 4722 567 4795 prospexit.

95 4944 104 4980 ¹
122 4939 227 5023 ttjnori
243 4955 365 4997 numero
381 4939 409 4995 in
426 4940 535 4997 nostris
552 4956 624 4996 mss.
640 4938 816 5012 legitur,t’ro
832 4941 889 4994 tor·

56 5015 233 5140 σι(ξαίνιζᾱιιο
248 5087 382 5140 canones
396 5082 679 5139 San-Germanecsis
696 5097 728 5137 no
743 5078 892 5137 Memmia·

58 5173 214 5238 nusouod
231 5173 350 5244 quidem
362 5172 418 5239 lsai
436 5155 748 5243 potestexHebrstttStt
762 5155 801 5231 bu
820 5178 891 5231 uru

57 5266 230 5322 iercmuenu
244 5262 270 5319 dl
284 5262 310 5317 et
326 5260 456 5324 birci,th
469 5277 522 5317 uox
532 5246 570 5321 lut
581 5261 606 5316 el
620 5260 772 5332 geminata
783 5274 891 5314 nomen

58 5354 112 5412 uei
125 5349 465 5423 congeminatllodicrni
478 5351 608 5422 primum
619 5333 658 5410 lira
668 5348 693 5403 ei
710 5346 891 5428 prepositio-

59 5441 129 5482 uem
145 5439 210 5479 esse
226 5420 470 5488 volunt‚vooalem
486 5422 562 5493 sepul
578 5426 778 5492 supponentes
789 5421 892 5473 litterae

58 5495 178 5563 usust
203 5511 270 5550 eum
296 5493 486 5549 Messorethis
512 5509 518 5546 :
547 5493 625 5547 unde
650 5493 892 5563 interpretantur,

58 5568 229 5627 recitabunt
242 5565 279 5621 cd
292 5565 378 5621 Deum
390 5569 491 5620 uirium.
509 5565 601 5619 llanr.

98 5670 135 5683 -
151 5637 249 5694 Lamel
265 5642 382 5694 tantum
403 5636 489 5692 habet
505 5636 691 5692 cisterciens.
710 5650 766 5688 ms.
796 5634 892 5688 Deum.

60 5730 203 5788 Notatum
219 5743 286 5783 vero
302 5731 331 5782 et
346 5723 637 5794 llartianreo,duplex
652 5709 689 5784 bu
716 5723 746 5777 in
773 5720 893 5777 Hebraeo

62 5804 133 5878 legi,
163 5814 291 5872 quorum
319 5795 458 5867 alterum,
488 5796 638 5853 substrato
663 5793 742 5868 segni
770 5797 892 5866 puncto,

229 5911 360 5976 Parnon.
377 5912 513 5975 xxviii.

906 1711 930 1775 Β
947 1702 1058 1759 Exaudi

990 419 1018 468 et
1029 420 1105 496 terra
1122 425 1221 475 nostra
1237 422 1319 479 dabit
1332 442 1451 496 germen
1465 445 1563 501 suum,

944 481 1069 542 lustitia
1079 494 1148 544 anta
1161 507 1228 546 eum
1243 494 1308 562 ibit,

981 562 1013 612 ot
1028 568 1118 629 ponet
1134 562 1163 617 in
1180 565 1356 637 viagressus
1371 586 1452 627 suos.

1246 697 1346 740 ORA'l'lD
1369 702 1464 744 DAVlD.

943 770 1117 845 (LXXXVI).
1134 775 1258 847 lnolina,
1276 782 1408 852 Domine,
1424 800 1527 843 aurem
1551 792 1644 862 tuam,
1669 772 1776 850 exaudi

1016 861 1062 898 me
1080 861 1086 898 :

981 917 1175 1001 quintagepus
1191 927 1220 978 et
1235 940 1347 997 pauper
1361 928 1415 998 (Αἱ.
1427 929 1492 986 odd.
1510 931 1589 1002 sum)
1603 949 1668 1017 ego.

943 989 1061 1043 Custodi
1079 1006 1210 1049 animam
1226 1001 1406 1070 mercandis
1417 1005 1775 1081 sanctusthmrscrieors)

981 1075 1067 1214 sallal
1075 1101 1192 1217 servum
1204 1139 1290 1218 tuum
1313 1144 1344 1196 tu
1361 1143 1416 1216 (ll.
1432 1152 1502 1202 tacet
1517 1146 1573 1219 tu),
1590 1152 1667 1207 Dens
1680 1117 1776 1209 meus,

1017 1218 1067 1273 qur
1081 1205 1203 1261 confidit
1218 1223 1247 1262 in
1265 1215 1305 1266 te.

944 1272 1081 1330 Miserere
1097 1278 1166 1345 mei,
1180 1277 1305 1338 Domine

982 1346 1120 1416 quoniam
1134 1348 1170 1403 ad
1188 1355 1216 1406 ts
1230 1352 1366 1412 elamabo
1381 1358 1392 1393 ⁶
1406 1363 1468 1417 tota
1480 1361 1538 1418 die.

948 1416 1075 1472 Latitlca
1091 1420 1220 1477 animam
1236 1427 1370 1484 servitui
1387 1446 1394 1486 :

982 1489 1053 1571 quia¹
1067 1491 1102 1545 ad
1119 1495 1155 1555 te,
1173 1491 1305 1566 Domine,
1321 1501 1452 1559 animam
1468 1519 1564 1561 meam
1579 1503 1653 1562 levo.

947 1560 990 1616 Tu
1007 1577 1085 1616 enim
1098 1578 1141 1632 es,
1158 1563 1290 1647 Domine,
1307 1571 1404 1629 bonus
1419 1579 1449 1630 et
1464 1576 1670 1649 propitiabilis,

984 1636 1012 1686 et
1029 1634 1140 1690 multus
1156 1638 1358 1719 misericordia
1373 1647 1571 1731 omnibusqui
1582 1650 1720 1705 invocant
1734 1654 1773 1708 ta.

1078 1705 1120 1774 (h.
1148 1710 1271 1767 auribus
1297 1715 1582 1788 percipo),Dom1ne,
1607 1721 1772 1778 orationem

982 1791 1076 1830 meam
1086 1782 1115 1832 et
1125 1779 1257 1838 ausculta
1267 1800 1367 1842 vocem
1378 1789 1619 1860 deprecationum
1628 1808 1772 1850 mearum.

945 1846 976 1901 ln
992 1848 1039 1902 dia
1053 1849 1256 1909 tribulationie
1274 1872 1343 1914 men
1354 1860 1497 1921 invocabo
1512 1869 1551 1935 te,

979 1919 1049 1990 quia
1063 1922 1201 1979 exaudies
1216 1940 1272 1982 me.

942 1988 1005 2046 Non
1018 1995 1063 2046 est
1075 1993 1184 2049 similis
1195 1996 1237 2051 tui
1252 1998 1282 2054 in
1295 1999 1364 2068 diis,
1380 2004 1516 2073 Domine,

977 2066 1007 2117 et
1020 2077 1078 2117 non
1095 2070 1141 2120 est
1151 2068 1236 2136 juxta
1249 2069 1260 2103 ²
1275 2077 1437 2141 operatua.

941 2133 1050 2215 Omnes
1069 2141 1170 2205 gentes
1185 2155 1259 2207 quas
1275 2143 1381 2213 tacisti,

976 2213 1094 2261 venient
1108 2213 1137 2262 et
1152 2209 1316 2269 adorabunt
1329 2230 1428 2272 coram
1443 2219 1483 2287 te,
1500 2218 1633 2282 Domine,

977 2283 1005 2359 et
1020 2277 1228 2350 glorificabunt
1241 2299 1347 2342 nomen
1362 2292 1446 2343 tuum
1459 2290 1514 2355 (At.
1530 2290 1595 2346 odd.
1620 2290 1769 2364 Domina).

941 2351 1582 2432 Quramngnuasstn,etlaciausmirabilia,tu
1595 2361 1784 2421 Deussoius.·

941 2420 1566 2503 Doceme(rlluminamihi),Domine,viam
1598 2441 1690 2504 tuam,
1706 2451 1772 2492 am-

1013 2492 1112 2548 bulem
1126 2496 1154 2550 iu
1171 2498 1292 2554 veritate
1307 2506 1359 2556 tua

979 2565 1099 2619 unicum
1118 2568 1161 2621 tac
1176 2583 1226 2624 cor
1241 2587 1350 2643 meum,
1368 2577 1400 2629 ut
1417 2573 1520 2631 timeat
1541 2593 1647 2634 nomen
1671 2582 1768 2634 tuum.

941 2637 1110 2692 Contitebor
1124 2637 1188 2701 tibi,
1204 2643 1327 2698 Domine
1347 2644 1425 2701 Deus
1443 2661 1538 2714 mous,
1554 2648 1584 2704 iu
1602 2653 1663 2704 toto
1682 2649 1769 2706 corde

978 2723 1054 2849 impp,
1070 2713 1100 2763 et
1114 2709 1283 2849 glprilipabo
1294 2730 1401 2772 nomen
1412 2720 1498 2773 tuum
1510 2718 1540 2774 in
1554 2719 1768 2793 sempiternum

1048 2820 1055 2833 .
1071 2795 1147 2835 saecu
1164 2798 1235 2838 um.

942 2849 1019 2914 Ouia
1035 2851 1237 2909 misericordia
1252 2858 1299 2912 tua
1314 2872 1421 2931 magna
1432 2876 1522 2932 super
1537 2876 1596 2928 ma,

977 2922 1124 3048 ⁰l.⁰ls¹¹l⁸.ll
1139 2927 1273 3065 primam
1289 2944 1386 2986 meam
1399 2931 1435 2988 de
1450 2932 1565 2989 intorno
1580 2936 1711 2991 extremo
1725 2933 1769 3008 (b.

1013 3009 1042 3048 ru
1059 3010 1145 3050 errori
1161 3037 1168 3051 .

904 3075 926 3143 (2
944 3068 1033 3130 Deus,
1050 3068 1167 3138 superbi
1179 3077 1369 3130 surrexerunt
1384 3075 1439 3144 (lt.
1464 3074 1698 3148 insurrexerunt)
1716 3078 1769 3135 ad·

1017 3153 1133 3194 versum
1149 3155 1205 3195 me.

979 3212 1109 3292 etractus
1126 3211 1314 3269 robustorum
1336 3217 1519 3287 quesierunt
1540 3218 1596 3292 (dl.
1623 3219 1768 3296 quesivit)

1014 3297 1144 3337 crismam
1157 3299 1263 3348 meam,

978 3355 1006 3405 et
1021 3369 1078 3408 non
1095 3362 1257 3424 posuerunt
1270 3360 1298 3411 te
1309 3357 1338 3412 in
1354 3365 1513 3431 conspectu
1529 3378 1593 3420 sun.

943 3423 985 3478 Tu
1001 3431 1109 3493 autem,
1127 3427 1247 3482 Domine
1261 3426 1340 3486 Deus
1355 3431 1523 3489 misericors
1538 3439 1568 3490 et
1581 3432 1731 3493 clemens:

979 3497 1093 3566 patiens
1108 3497 1263 3566 (niardus
1281 3506 1317 3556 ad
1333 3502 1484 3575 furorem),
1497 3509 1527 3561 et
1542 3504 1642 3563 mults
1651 3506 1768 3565 miseri·

1014 3569 1118 3624 cordiae
1134 3575 1162 3624 ot
1174 3587 1272 3634 verus,

940 3639 1063 3710 Respice
1074 3641 1110 3695 ad
1127 3656 1184 3708 ms,
1201 3647 1230 3697 et
1245 3643 1384 3701 miserere
1398 3646 1475 3713 mei;

977 3710 1014 3765 da
1030 3711 1231 3768 fortitudinem
1247 3720 1329 3769 tuam
1345 3732 1427 3772 servo
1442 3723 1504 3789 tuo,

977 3786 1006 3836 at
1019 3781 1098 3839 salva
1114 3781 1204 3838 tiliam
1220 3784 1333 3840 aneilla
1349 3792 1416 3841 tum.

941 3851 997 3907 Fac
1012 3870 1126 3908 mecum
1143 3855 1259 3923 signum
1276 3856 1304 3910 in
1322 3858 1463 3923 bonitate,

977 3928 1005 3980 et
1019 3925 1073 3991 (At.
1090 3928 1133 3996 ut)
1145 3926 1260 3982 videant
1273 3926 1324 3999 qui
1339 3929 1464 3985 oderunt
1479 3934 1568 4000 me,et
1582 3929 1765 3989 contundan-

1013 4000 1062 4051 tur
1077 4013 1084 4052 :

941 4066 1015 4131 Quia
1030 4072 1073 4134 tu,
1092 4069 1223 4139 Domine,
1239 4069 1397 4128 auxiliatus
1412 4088 1444 4129 ea
1459 4072 1542 4141 mihi,

978 4144 1007 4193 et
1022 4141 1192 4196 consolatus
1206 4157 1238 4198 es
1252 4157 1308 4198 me.

1095 4273 1232 4313 rittottura
1251 4274 1321 4314 CODB
1341 4274 1475 4317 PSALMUD
1494 4275 1614 4318 murtei.

943 4352 1135 4438 (LXXXVll.)
1150 4346 1353 4438 Fundamenta
1369 4358 1420 4428 (At.
1440 4357 1688 4430 Fundamentum)
1704 4357 1768 4429 ejus
1874 4394 1877 4401 ·

976 4442 1006 4480 rn
1024 4427 1176 4482 montibus
1192 4429 1363 4495 sanctuarii,

942 4494 1043 4569 Diligit
1059 4497 1202 4554 Dominus
1218 4504 1315 4570 portas
1331 4499 1424 4554 Sion:

979 4585 1067 4640 super
1082 4571 1181 4625 omnia
1195 4571 1385 4626 tabernacula
1398 4571 1499 4628 Jacob.

943 4638 1077 4697 Gloriosa
1089 4643 1167 4696 dicta
1179 4648 1248 4696 sunt
1264 4642 1293 4697 in
1309 4645 1348 4709 te,

979 4712 1084 4769 civitas
1099 4712 1162 4769 Dei.
1179 4715 1305 4770 Saurea.

967 4945 1004 4983 rae
1027 4925 1181 4982 ositionem
1196 4927 1231 4981 ud
1256 4929 1350 4982 sonat.
1376 4926 1423 4982 Sic
1446 4929 1546 4982 autem
1568 4925 1718 4998 accipiunt
1741 4926 1771 4980 et

944 4944 1096 5056 lXilante
1112 5003 1195 5052 natos
1211 4998 1409 5054 Massoratbas
1424 4997 1555 5054 immane
1571 5003 1727 5071 quantum.

982 5070 1163 5126 ‘Vaticanus
1179 5085 1235 5124 ms.
1264 5085 1331 5125 cum
1354 5070 1441 5126 editis
1465 5069 1559 5139 libris,
1583 5080 1613 5126 ut
1632 5070 1771 5139 reponat,

946 5142 1003 5198 Alii
1019 5143 1106 5196 etiam
1123 5141 1232 5195 habent
1246 5147 1373 5214 reponat,
1387 5142 1438 5198 sed
1463 5158 1529 5198 cum
1552 5141 1601 5197 udi
1621 5139 1771 5196 adverbio:

945 5215 995 5270 ubi
1012 5220 1139 5283 reponat.
1155 5216 1248 5268 Maur.

982 5287 992 5319 ⁶
1017 5284 1069 5339 llis.
1099 5283 1214 5355 tinginae
1242 5283 1362 5338 verbum
1392 5284 1461 5339 cide
1484 5283 1530 5339 bis
1558 5281 1663 5353 repetit
1680 5298 1687 5336 ε
1704 5295 1772 5336 mox

943 5359 1028 5428 juxta
1040 5360 1166 5410 veterem
1181 5355 1434 5426 intepretationem
1452 5353 1519 5427 plus
1534 5354 1632 5419 habat,
1646 5352 1704 5408 dies
1714 5366 1772 5407 unu

947 5429 977 5485 iu
993 5430 1088 5482 atriis.

982 5500 1071 5554 ‘Alio
1088 5498 1147 5551 iere
1162 5512 1249 5552 sensu
1279 5497 1462 5552 cisterciens.
1482 5512 1551 5564 ms,
1568 5503 1598 5551 ut
1610 5502 1772 5551 conuertun-

948 5578 994 5629 tur
1013 5572 1047 5624 cb
1064 5570 1193 5624 stultitia.
1745 5635 1752 5648 .

983 5638 1124 5708 ⁸llcpinaa
1141 5656 1210 5703 ms,
1224 5639 1260 5694 cd
1276 5644 1301 5694 te
1321 5639 1450 5694 elcmnci.
1473 5637 1659 5695 Cistercieus.
1684 5641 1773 5693 terito

948 5716 984 5771 ab
1001 5714 1055 5768 boo
1071 5729 1168 5778 uersu,
1184 5728 1290 5765 nomen
1308 5711 1424 5766 Domina
1443 5709 1648 5782 pretermittit.

983 5786 1179 5842 'Cistorcuou
1189 5782 1382 5856 juatu,priori
1393 5782 1487 5838 etiam
1499 5781 1648 5839 atuncha
1657 5779 1791 5834 amsans.

1611 5893 1656 5953 m
