3870 6120
179 203 251 260 1483
709 205 740 259 Β.
760 202 964 259 aratoriam
982 200 1111 256 DlVlNA
1128 198 1376 257 ambrosianos.
1818 204 1884 261 1484

177 328 276 385 hanan
293 325 372 384 illius
385 327 520 396 acceiae,
539 329 568 381 et
595 341 664 381 carm
680 341 714 382 eo
730 329 846 383 eentum
863 330 892 382 et
906 325 1004 382 decem
1020 326 1047 395 Α
1063 338 1143 391 neas,
1154 340 1281 397 eumque
1302 323 1344 381 eis
1366 325 1491 383 Joznhed
1508 325 1588 383 lilius
1602 326 1706 394 lesus,
1719 329 1751 384 ct
1765 326 1888 385 Noadaia

178 397 637 470 viri.Dstiliisadonicam,qui
659 403 743 454 erant
768 399 948 454 novissimi:
978 401 1007 452 et
1063 396 1265 453 aliusBennoi
1290 398 1504 469 Levite,juxta
1533 415 1692 456 numerum
1718 404 1751 455 et
1773 401 1888 482 pondus

179 472 241 528 hae
258 470 378 528 nemina
401 484 503 525 eornm
521 487 529 531 ς
552 467 730 542 Eiiphelath,
746 474 774 525 et
788 468 860 526 Jsiel
876 472 895 540 ¹,
911 473 940 525 et
954 467 1008 525 Sa·
1062 468 1194 524 omnium
1210 469 1469 543 :descriptumque
1480 473 1526 528 est
1536 486 1623 528 omne
1634 469 1758 544 pondus
1772 486 1803 528 an
1818 475 1889 529 tem·

180 543 285 610 maias,
301 546 329 598 et
345 557 412 598 euin
427 540 469 597 eis
485 541 636 611 sexaginta
659 540 723 596 viri.
740 540 780 597 De
808 541 877 596 liliis
904 539 1006 613 Bagai,
1058 539 1203 612 persilio.

180 615 268 672 Uthai
283 620 312 670 et
325 613 439 669 Zaehur
454 614 475 682 ¹,
491 617 521 669 et
536 629 603 669 eum
619 612 661 667 eis
675 613 828 685 sexaginta
843 610 907 667 viri.
1094 611 1150 667 Sed
1165 611 1259 684 etqui
1275 615 1415 668 venerant
1429 612 1466 668 de
1480 613 1651 685 captivitate
1672 612 1726 669 lllli
1753 615 1887 671 transmi-

216 684 394 758 Cougregavi
404 689 501 740 autam
513 701 562 741 eos
574 684 608 740 ad
622 683 743 739 fluvium
761 685 810 756 qui
826 681 955 740 decurrit
970 682 1007 737 ad
1058 682 1211 754 grationis,
1223 684 1393 740 obtulerunt
1406 684 1644 742 holocautomata
1660 690 1718 741 Deo
1734 685 1837 755 lsrael,
1851 687 1888 742 vi·

77 750 80 755 Δ
181 758 330 825 aava⁸,ct
345 758 511 813 mansimus
525 756 566 811 ibi
581 754 676 811 tribus
689 753 1008 828 diebus:quasivique
1058 754 1136 810 tulos
1157 753 1312 811 duodecim
1337 771 1390 826 pro
1414 757 1495 811 omni
1524 757 1634 841 populo
1665 756 1772 830 lsrael,
1788 760 1887 816 arietes

181 827 1008 971 attali.tatattlaaaltalbatiate}
1059 831 1416 980 attatttetatttt
1429 829 1888 958 tralatlatta‘taltt

183 977 212 1029 et
227 971 382 1037 ltlnstban,
399 984 423 1028 et
439 970 532 1040 Jarib,
546 975 574 1026 et
588 970 711 1026 alterum
734 970 892 1037 lllnathan,
908 973 937 1025 et
952 970 1008 1051 lla-
1061 985 1152 1025 mino.
1169 968 1320 1025 Dederunt
1334 976 1430 1025 autern
1450 971 1546 1028 edicta
1574 971 1653 1044 regis
1684 978 1769 1028 satra
1791 974 1825 1040 ia,
1840 973 1886 1046 qui

183 1045 266 1115 than,
278 1042 495 1108 etzaebariam‚
507 1041 695 1099 aratosottam
707 1041 853 1114 principes
867 1059 873 1096 :
889 1048 917 1096 et
927 1040 1008 1097 Jora-
1060 1044 1142 1096 erant
1161 1040 1197 1096 de
1211 1048 1369 1113 conspeetu
1386 1042 1474 1113 regis,
1490 1047 1519 1098 et
1533 1044 1661 1099 ducibus
1671 1049 1760 1101 trans
1771 991 1886 1113 flumen,

184 1115 240 1184 rib,
255 1119 284 1170 et
300 1113 443 1170 Elnathan
459 1113 617 1183 sapientes.
634 1113 669 1168 Et
685 1113 752 1168 misi
777 1130 827 1170 eos
852 1113 888 1168 ad
913 1112 1009 1180 Eddo,
1061 1117 1090 1169 et
1104 1111 1288 1167 elevaverunt
1303 1112 1444 1185 populum
1460 1118 1489 1169 et
1503 1116 1625 1177 domum
1642 1116 1709 1172 Dei.

183 1187 234 1259 qui
250 1190 295 1243 ast
310 1186 423 1258 primus
438 1185 467 1240 in
482 1185 632 1256 chasphiae
651 1184 725 1251 loeo,
741 1189 769 1240 et
793 1183 878 1256 posui
903 1183 932 1239 in
959 1198 1009 1239 ors
1097 1183 1175 1256 [Gap.
1192 1183 1253 1255 iX.]
1271 1187 1430 1255 Postquam
1455 1192 1553 1242 autem
1568 1186 1631 1242 hee
1646 1186 1797 1259 completa
1810 1191 1885 1255 sunt,

183 1274 285 1315 eorum
300 1258 389 1313 verbs
403 1272 467 1328 que
481 1255 673 1327 loquerentur
693 1256 729 1311 ad
753 1258 846 1321 Eddo,
862 1258 891 1310 et
906 1254 1009 1310 tratres
1061 1255 1363 1311 accesseruntadme
1408 1256 1696 1330 rincipes,dicentas
1722 1276 1730 1314 :
1759 1258 1817 1314 Non
1843 1266 1887 1315 est

184 1331 248 1401 ejus
263 1329 442 1395 Nothinseos,
457 1327 488 1383 iu
513 1327 575 1384 loco
602 1327 766 1398 chasphiae,
781 1336 815 1383 ut
830 1327 1010 1383 adducerent
1062 1332 1215 1398 separatus
1231 1327 1358 1399 populus
1383 1272 1481 1400 Persei,
1497 1330 1666 1386 sacerdotes
1695 1334 1727 1385 et
1751 1330 1857 1399 Levita,
1873 1347 1889 1386 a

184 1400 270 1457 nobis
286 1401 439 1456 ministros
454 1399 561 1455 domus
576 1398 626 1455 Dei
646 1398 746 1455 nostri.
764 1398 798 1454 Et
822 1399 1009 1455 adduxerunt
1062 1398 1180 1470 populis
1194 1404 1351 1461 terrarum,
1366 1402 1395 1454 et
1423 1400 1459 1456 de
1487 1400 1767 1457 abominationibus
1781 1418 1887 1468 eornm,

184 1472 468 1599 nobispermanum
483 1469 870 1554 Deiuostribouamsupar
891 1468 1010 1539 nos‚vi-
1061 1469 1216 1526 chananei
1245 1469 1389 1536 videlieet,
1415 1475 1444 1525 et
1470 1471 1606 1542 Hettbrei,
1631 1479 1663 1527 et
1695 1473 1889 1543 Pherezaei,et

184 1560 249 1600 rum
300 1542 484 1600 notissimum
515 1543 551 1598 de
575 1540 645 1597 filiis
670 1541 837 1612 ascoltate
865 1540 1010 1611 Levi,lrlii
1061 1541 1200 1608 lebusaei,
1228 1545 1258 1596 et
1290 1541 1535 1613 ammonitarum,
1564 1552 1593 1601 et
1626 1544 1842 1609 Moabitarum,
1865 1552 1889 1601 st

184 1614 286 1686 lsrael,
302 1620 331 1671 et
346 1614 526 1680 Sarabaiam,
542 1617 571 1669 et
585 1613 660 1669 filios
675 1615 740 1684 ejus
759 1615 789 1668 et
813 1614 916 1669 fratres
944 1614 1009 1684 ejus
1062 1612 1275 1683 AEgyptiorum,
1292 1617 1320 1669 et
1336 1613 1571 1671 amorrheorum
1590 1631 1597 1670 :
1613 1614 1752 1671 tulerunt
1767 1619 1846 1673 enim
1860 1620 1890 1673 de

185 1688 285 1743 decem
302 1693 331 1742 et
345 1693 421 1756 octo,
437 1691 465 1743 et
480 1684 618 1741 asabiam
635 1686 655 1755 ⁴,
669 1691 699 1739 ct
725 1701 792 1740 eum
806 1700 839 1740 eo
856 1685 959 1740 lsaiam
975 1685 1011 1766 de
1026 1696 1050 1762 Β
1065 1684 1184 1739 filiabus
1199 1698 1301 1740 eorum
1317 1685 1373 1741 sibi
1385 1688 1413 1740 et
1424 1684 1493 1742 filiis
1508 1687 1582 1756 suis,
1599 1696 1627 1742 et
1642 1688 1890 1745 commiscuerunt

60 1773 63 1780 '
122 1806 125 1815 .
185 1758 255 1815 liliis
269 1758 385 1825 Meneni,
402 1758 564 1828 fratresque
580 1758 645 1826 qius
661 1761 690 1811 et
704 1755 781 1812 filios
802 1756 868 1827 ejus
882 1755 1009 1838 viginta:
1066 1771 1166 1810 seman
1195 1760 1329 1811 sanctum
1355 1771 1422 1810 cum
1448 1759 1569 1840 populis
1597 1763 1889 1816 terrarumzmsnur

186 1830 537 1899 etdeNathinaeis,ques
566 1828 686 1882 dederat
714 1827 805 1883 David
821 1833 849 1882 at
864 1827 1012 1899 principes
1065 1826 1369 1899 etiamprineipumet
1380 1832 1607 1898 magistratuum
1620 1830 1888 1902 initiatrausgres·

186 1903 222 1958 ad
238 1900 402 1957 ministeria
424 1900 601 1968 Leviterum,
619 1899 786 1956 Natlrinaeos
810 1900 952 1955 ducentos
968 1897 1009 1953 vi·
1065 1897 1889 1973 sionahaeprima.Cumqueaudissemsermonemistum,

187 1973 261 2047 giuti
278 1990 284 2028 :
301 1989 404 2029 omnes
419 1971 449 2027 hi
466 1971 528 2026 suis
544 1971 713 2027 nominibus
728 1970 918 2027 vocabantur.
1066 1969 1139 2025 scidi
1156 1969 1279 2041 pallium
1296 1985 1395 2026 meum
1420 1978 1449 2026 et
1468 1973 1611 2043 tunicam,
1629 1977 1663 2030 et
1678 1972 1767 2029 evelli
1781 1974 1890 2046 capillos

222 2049 256 2099 at
271 2043 423 2116 predicavi
438 2043 478 2098 ibi
489 2042 636 2169 japetum
650 2045 735 2111 juxta
749 2043 870 2098 fluvium
888 2042 1012 2108 ,lavant
1066 2041 1171 2112 eapitis
1181 2041 1238 2097 mel
1253 2047 1282 2097 et
1296 2043 1405 2107 barbe,
1418 2047 1445 2098 et
1456 2044 1518 2100 sedi
1531 2060 1674 2101 moerena.
1691 2045 1889 2102 Convenerunt

186 2114 496 2188 aldigeremurcoram
539 2113 636 2169 omino
648 2120 707 2170 Deo
723 2118 834 2180 nostro,
849 2117 878 2168 et
897 2118 1012 2185 petere·
1065 2118 1162 2168 autem
1179 2113 1214 2168 ad
1232 2128 1278 2169 me
1302 2128 1405 2169 omnes
1420 2115 1470 2186 qui
1486 2116 1634 2173 timebant
1650 2118 1780 2174 verbum
1796 2118 1843 2174 hei
1855 2124 1889 2173 la·

187 2203 256 2243 mus
271 2190 307 2242 ab
323 2203 356 2243 eo
371 2185 447 2241 viam
464 2190 573 2241 rectam
590 2187 676 2241 uobis
690 2191 719 2240 et
733 2183 801 2241 liliis
817 2182 1011 2250 nostris,uui·
1064 2184 1137 2253 rael,
1153 2200 1204 2255 pro
1219 2185 1454 2257 transgressione
1467 2202 1568 2243 eorum
1590 2190 1644 2259 qui
1671 2189 1710 2244 de
1735 2189 1890 2261 captivitate

185 2273 334 2329 versaque
350 2257 524 2313 substantie
539 2263 654 2312 nostre.
670 2256 782 2312 ltrubui
811 2256 890 2311 anim
916 2260 1012 2327 patere
1066 2262 1216 2317 venerant.
1232 2260 1261 2311 et
1281 2272 1334 2330 ego
1358 2257 1493 2313 sedebam
1507 2259 1601 2315 tristis
1619 2275 1721 2333 usque
1738 2261 1776 2316 ad
1792 2259 1889 2317 saorid·

187 2345 281 2402 araga
297 2328 438 2384 auxilium
454 2333 483 2382 et
497 2327 620 2397 equites,
636 2328 685 2396 qui
701 2327 888 2382 defenderent
905 2343 959 2382 uos
974 2326 1010 2381 ah
1065 2328 1143 2382 cium
1158 2344 1208 2384 ves
1231 2327 1356 2384 eatinum
1373 2333 1423 2384 :et
1437 2330 1466 2385 in
1482 2331 1629 2387 sacrificio
1645 2332 1821 2404 vespertino
1833 2348 1888 2387 sor·

186 2401 306 2457 iuimieo
323 2401 352 2454 in
368 2399 414 2454 via
429 2414 436 2454 :
452 2399 521 2470 quia
536 2398 704 2454 dixeramus
720 2399 780 2469 regi
798 2416 804 2454 :
831 2398 935 2453 Manus
960 2397 1011 2452 Dei
1065 2399 1124 2453 reri
1141 2397 1177 2453 de
1191 2343 1347 2456 alltictione
1363 2415 1437 2467 mea,
1454 2409 1483 2457 et
1501 2403 1593 2458 scisso
1618 2402 1712 2474 pallio
1739 2407 1770 2460 et
1792 2404 1887 2469 tunica,

186 2473 278 2528 nostri
303 2482 348 2527 ast
363 2485 452 2541 super
467 2470 632 2542 omnesqui
648 2474 785 2542 querunt
800 2485 867 2526 eum
886 2471 913 2525 in
932 2469 1012 2524 laoni-
1065 2470 1183 2526 curvavi
1207 2486 1304 2542 genna
1328 2487 1403 2536 mea,
1419 2476 1448 2527 et
1466 2475 1590 2545 expandi
1618 2491 1734 2531 manns
1762 2491 1839 2532 meas
1858 2477 1886 2531 al

186 2548 245 2601 tate
263 2560 269 2597 :
294 2547 324 2598 et
343 2540 499 2614 imperium
517 2543 580 2611 eJ'us
596 2546 623 2596 et
639 2542 779 2597 tortitudo
795 2544 871 2609 ejus,
886 2545 915 2597 et
932 2540 1012 2596 luror
1066 2541 1220 2597 hominum
1237 2540 1326 2598 Deum
1344 2559 1455 2610 meum,
1470 2549 1500 2600 et
1519 2545 1577 2601 dixi
1598 2546 1705 2602 :Deus
1720 2563 1887 2620 meus,cen·

184 2631 275 2686 super
288 2630 403 2681 omnes,
418 2612 468 2684 qui
486 2612 694 2682 derelinquunt
713 2629 791 2668 eum.
807 2611 1011 2684 Jejuuavimus
1065 2613 1171 2669 iuudor
1185 2618 1214 2669 et
1228 2614 1370 2671 erubesce
1381 2613 1476 2671 levare
1487 2615 1588 2672 laciem
1602 2633 1706 2674 meam
1718 2618 1758 2674 ad
1769 2625 1798 2676 te
1808 2637 1815 2674 ε
1826 2635 1889 2692 qno-

185 2692 296 2754 autem,
312 2690 340 2740 et
357 2683 523 2758 rogavimus
538 2690 630 2740 Deum
647 2688 780 2740 nostrum
800 2700 852 2756 pro
879 2684 957 2740 boo:
982 2685 1012 2738 et
1065 2684 1143 2739 niam
1160 2684 1330 2756 iniquitates
1353 2690 1459 2742 nostras
1484 2688 1692 2760 multiplicate
1719 2701 1791 2746 sunt
1814 2705 1889 2762 supet

188 2758 285 2813 evenit
307 2755 391 2812 nobis
415 2772 561 2828 prospere
581 2755 615 2810 Et
628 2757 762 2827 separavi
779 2757 814 2811 da
829 2754 1011 2827 principibus
1065 2772 1098 2811 ca
1123 2761 1163 2822 ut,
1180 2762 1208 2812 ct
1221 2755 1326 2812 delicta
1341 2763 1442 2813 nostra
1457 2765 1612 2816 creverunt
1623 2778 1723 2831 usque
1734 2762 1773 2818 ad
1784 2762 1886 2831 coelom,

187 2828 372 2885 sacerdotum
385 2827 550 2895 duodecim,
563 2827 744 2895 sarabaiam,
757 2826 1010 2895 asabiam,etcum
1065 2771 1196 2883 aXiebus
1206 2833 1323 2900 patrum
1335 2835 1520 2887 nostrorum:
1537 2832 1587 2888 sed
1603 2836 1634 2888 et
1649 2849 1709 2889 nos
1722 2833 1781 2906 ipsi
1797 2849 1885 2907 pecea-

187 2901 230 2956 ois
245 2900 280 2955 da
296 2899 435 2955 tratribus
448 2915 549 2954 eorum
574 2900 685 2954 decem.
703 2899 895 2969 appendique
908 2897 950 2954 sis
964 2914 1010 2953 ar·
1063 2896 1162 2954 vimus
1177 2900 1305 2971 graviter
1318 2902 1457 2971 usquead
1469 2902 1546 2958 diem
1563 2903 1652 2975 hanc,
1665 2909 1699 2960 et
1713 2904 1744 2963 in
1758 2905 1886 2977 iniquita·

188 2976 310 3044 gentum
326 2974 354 3027 et
369 2985 487 3037 aurum,
502 2975 531 3026 et
545 2986 614 3027 vasa
637 2978 806 3025 consecrata
830 2970 937 3025 domus
961 2966 1012 3025 Del
1064 2969 1146 3024 tibus
1161 2971 1270 3028 nostris
1284 2971 1384 3027 traditi
1398 2989 1502 3029 sumus
1517 2973 1586 3046 ipsi,
1601 2981 1630 3031 et
1644 2991 1736 3049 reges
1752 2976 1887 3047 nostrisa

189 3043 293 3110 nostri,
308 3058 371 3113 quaa
387 3041 532 3098 obtulerat
555 3056 605 3097 rex
627 3047 655 3096 et
679 3040 879 3097 consiliatores
894 3042 966 3112 ejus,
983 3044 1012 3096 et
1067 3041 1233 3098 sacerdotes
1248 3043 1352 3109 nostri,
1369 3044 1398 3098 in
1414 3060 1535 3102 manum
1557 3063 1663 3131 regum
1690 3054 1847 3115 terraram,
1860 3046 1885 3103 in

188 3113 337 3187 principes
351 3113 426 3183 ejus,
443 3113 656 3196 universusque
672 3112 884 3196 lsraelcorum,
898 3114 948 3183 qul
965 3112 1009 3167 in·
1025 3082 1047 3149 G
1066 3110 1254 3198 gladiumin
1270 3114 1523 3187 captivitatem,in
1545 3134 1699 3189 naptham,
1716 3125 1746 3176 et
1770 3121 1801 3177 in
1825 3135 1885 3174 con·

185 3186 265 3242 venti
285 3187 424 3241 l'uerant:
450 3188 478 3239 et
499 3186 668 3256 appendam
685 3185 822 3240 manibus
846 3199 946 3240 eorum
961 3200 1009 3239 ar·
1063 3184 1209 3240 lusionem
1246 3185 1356 3255 vultus,
1386 3187 1464 3244 sieut
1496 3192 1525 3244 et
1556 3188 1605 3245 die
1645 3190 1715 3247 hac.
1746 3193 1782 3247 Bt
1815 3206 1882 3247 nune

185 3258 267 3331 genti
282 3256 392 3313 talenta
407 3263 544 3311 sexcenta
555 3255 782 3380 quinquaginta,
794 3260 898 3311 etvasa
909 3271 1010 3328 argen·
1063 3255 1148 3326 quasi
1178 3257 1374 3327 parumatad
1400 3264 1582 3315 momontum
1613 3261 1694 3318 laeta
1720 3267 1767 3318 est
1792 3263 1883 3336 aspre

186 3334 377 3397 tenaculum,
394 3327 458 3382 auri
475 3331 593 3382 eentum
610 3330 744 3383 taenta:
770 3332 1008 3383 eterataressu·
1062 3327 1138 3383 catio
1156 3332 1258 3383 nostra
1282 3330 1359 3401 apud
1383 3329 1539 3387 Dominum
1569 3332 1668 3390 Deum
1699 3336 1884 3405 nostramet

185 3415 251 3455 reos
263 3398 376 3469 viginti,
389 3399 440 3481 qui
455 3397 603 3454 habebant
616 3398 724 3454 solidos
740 3397 926 3469 millenos,et
939 3412 1010 3453 vasa
1061 3398 1280 3455 dimitterentur
1308 3399 1391 3456 nobis
1421 3401 1562 3486 reliquiar,
1591 3408 1621 3459 et
1658 3405 1783 3462 daretur
1808 3405 1883 3463 nohis

185 3471 252 3527 aris
282 3469 423 3541 fulgentis
450 3469 555 3541 optimi
578 3469 635 3525 duo
662 3469 784 3541 pulchra
799 3474 830 3523 ut
845 3486 961 3525 aurum.
974 3470 1009 3524 Et
1082 3468 1187 3526 axillas
1202 3471 1212 3506 ⁷
1227 3470 1257 3526 in
1271 3470 1334 3526 loco
1349 3480 1450 3529 sancto
1465 3489 1539 3545 equs,
1555 3478 1585 3530 et
1605 3473 1797 3534 illummsret
1820 3493 1883 3534 oeu-

183 3540 321 3598 dixieis:
347 3541 406 3597 Vos
424 3539 902 3609 sanetiDomini,etvasasancta,
919 3545 1007 3596 star·
1060 3482 1105 3596 fos
1131 3547 1247 3599 nostros
1278 3543 1352 3599 Deus
1380 3550 1490 3611 nester,
1512 3550 1540 3600 et
1569 3545 1657 3603 daret
1685 3549 1770 3606 nohis
1799 3549 1882 3604 sitam

203 3618 304 3670 entum
316 3616 458 3669 atsurum
475 3612 552 3683 quod
569 3617 673 3683 sponte
687 3612 817 3668 oblatum
834 3612 1007 3669 astDomino
1061 3613 1206 3669 modicam
1221 3614 1249 3668 in
1264 3613 1405 3671 servitute
1433 3620 1543 3684 nostra,
1566 3618 1641 3689 quia
1670 3619 1746 3676 servi
1773 3636 1881 3685 sumus,

182 3629 241 3743 geo
257 3688 372 3757 patrum
390 3688 556 3740 nostrorum
571 3698 577 3738 :
594 3683 711 3756 vigilate
722 3687 750 3739 et
760 3684 905 3740 custodite
915 3684 1007 3740 donee
1060 3688 1089 3739 et
1103 3682 1133 3739 ln
1157 3687 1297 3740 servitute
1325 3691 1426 3743 nostra
1453 3703 1513 3745 non
1540 3687 1706 3762 dereliquit
1734 3708 1788 3749 nos
1814 3692 1881 3748 bena

182 3757 356 3830 appendatis
370 3772 466 3811 coram
484 3755 665 3826 principibus
677 3756 874 3821 sacerdotum,
884 3762 913 3811 et
928 3755 1008 3810 Levi·
1059 3760 1168 3823 nostor,
1180 3756 1230 3812 sed
1243 3755 1394 3814 inelinavit
1407 3774 1497 3885 super
1512 3774 1566 3815 nos
1586 3760 1829 3821 misericordiam
1840 3779 1881 3820 eo·

181 3835 289 3893 tarum,
306 3832 334 3884 et
348 3828 473 3882 ducibus
487 3827 663 3882 larniliarum
680 3826 768 3881 lsrael
784 3827 812 3881 in
829 3826 1004 3894 Jerusalem,
1062 3841 1126 3881 ram
1141 3842 1169 3882 ro
1192 3827 1384 3896 ePersarum‚
1395 3833 1428 3885 ut
1462 3836 1524 3887 aret
1538 3831 1627 3889 nobis
1638 3833 1748 3905 vitam,
1760 3840 1788 3892 et
1802 3832 1879 3892 nubli-

180 3900 210 3956 in
227 3899 399 3954 thesaurum
422 3900 528 3954 domus
552 3898 677 3953 Domini.
695 3898 893 3970 susceperunt
908 3903 1005 3955 autem
1062 3902 1157 3953 maret
1171 3843 1290 3956 gemam
1307 3899 1357 3956 Dei
1374 3901 1479 3969 nostri,
1496 3907 1524 3959 et
1539 3907 1713 3962 exstrueret
1721 3906 1881 3963 solitudine

180 3972 343 4027 sarcerdotes
355 3976 384 4025 at
396 3970 499 4024 Levita
516 3970 631 4040 pondus
647 3969 770 4036 argenti,
782 3975 810 4025 et
825 3970 900 4035 auri,
912 3976 941 4026 et
955 3986 1005 4023 va·
1059 3969 1134 4036 eJ'us,
1148 3974 1177 4026 et
1187 3971 1269 4026 daret
1284 3970 1369 4027 nobis
1381 3974 1502 4044 sepem⁸
1517 3973 1546 4029 ln
1561 3976 1645 4031 luda
1666 3982 1697 4032 et
1717 3978 1880 4035 Jerusalem.

179 4059 291 4110 sorum,
321 4044 354 4097 ut
383 4042 530 4097 deterrent
558 4040 719 4096 Jerusalem
748 4040 778 4096 iu
809 4041 930 4097 domum
954 4040 1004 4097 Dei
1058 4039 1880 4124 Etnuncquiddicemus,Deusuoster,postheetqaia

179 4114 283 4172 nostri,
961 4137 964 4143 ·
1057 4110 1270 4184 dereliquimus
1281 4115 1419 4170 mandata
1429 4119 1491 4183 tua,
1502 4131 1567 4188 que
1579 4121 1754 4193 precepisti
1767 4124 1880 4179 inmane

213 4184 416 4242 Promovirnus
441 4184 535 4255 ergol
561 4199 577 4238 a
600 4182 720 4238 llumine
735 4187 814 4238 aava
830 4182 1004 4240 duodecimo
1058 4198 1210 4240 servorum
1235 4188 1352 4241 tuorum
1369 4187 1593 4260 prophetarum,
1608 4191 1719 4249 dicens
1737 4211 1745 4250 :
1760 4192 1880 4251 terrast

177 4258 224 4314 dis
242 4255 354 4312 mensis
377 4255 475 4325 primi,
493 4258 525 4308 ut
548 4270 736 4326 pergeremus
763 4254 951 4310 Jerusalem:
975 4259 1005 4310 et
1057 4255 1416 4327 quamvosiugredimini
1446 4267 1478 4314 ut
1505 4260 1693 4331 possideatis
1726 4272 1881 4335 eam‚terra

178 4345 284 4385 marrus
299 4327 349 4382 Dei
366 4326 458 4382 nostri
483 4325 539 4380 luit
563 4341 652 4395 super
675 4342 738 4392 nos,
756 4330 783 4380 et
800 4325 934 4381 liberavit
949 4343 1003 4383 nos
1056 4323 1605 4399 immundaestjuxtsimmunititiam
1643 4334 1880 4406 opulorumaua

175 4400 211 4455 de
227 4417 314 4455 manu
334 4397 446 4453 inimici
458 4402 487 4452 et
503 4396 684 4452 insidiatoris
700 4397 728 4450 iu
745 4398 801 4452 via.
820 4401 851 4451 ur
865 4397 1000 4454 venimus
1055 4412 1214 4471 rarumque
1242 4403 1397 4467 terrarum,
1410 4402 1624 4460 abominationi
1651 4423 1691 4463 ns
1716 4423 1819 4466 eorum
1840 4407 1878 4482 qai

174 4470 339 4527 ierusalem
356 4474 384 4524 et
399 4469 566 4524 mansimus
582 4467 620 4522 ibi
637 4469 741 4523 diebus
758 4469 860 4524 tribus.
876 4468 927 4525 Die
947 4486 998 4524 au·
1015 4449 1038 4514 D
1054 4469 1314 4540 repleveranteam
1325 4472 1361 4527 ab
1372 4488 1525 4545 orsusque
1540 4475 1576 4530 ad
1594 4492 1631 4532 os
1646 4478 1878 4553 coinquinatione

174 4547 233 4597 tem
250 4547 354 4648 quarta
370 4556 533 4612 appensum
549 4542 594 4594 est
608 4544 772 4608 argentum,
788 4545 816 4595 et
837 4557 954 4606 aurum,
970 4544 999 4595 et
1052 4556 1117 4595 suu.
1134 4542 1217 4597 Nunc
1232 4557 1301 4615 ergo
1317 4543 1392 4599 lllias
1411 4549 1522 4602 vestras
1539 4562 1575 4602 ue
1592 4548 1675 4606 detis
1692 4550 1769 4610 liliis
1783 4568 1878 4615 eoram

175 4629 243 4669 vasa
282 4611 479 4668 indomoDei
500 4610 591 4666 nostrl
618 4628 669 4682 per
690 4627 810 4667 manuru
839 4611 998 4668 lleremoth
1052 4612 1284 4671 etfiliaseorum
1309 4630 1346 4670 ne
1370 4615 1519 4688 accipiatis
1548 4617 1623 4675 liliis
1650 4625 1878 4697 restitantem

174 4684 228 4742 filii
243 4684 318 4740 Uriae
333 4683 505 4753 sacerdotis,
521 4687 550 4738 et
573 4697 641 4739 oum
655 4698 687 4738 eo
703 4682 822 4739 Eleazar
837 4682 916 4740 salius
931 4682 998 4739 Phi·
1052 4685 1190 4755 quaeratis
1218 4701 1319 4759 paoem
1344 4702 1456 4759 eorum,
1472 4691 1500 4744 et
1515 4693 1761 4763 prosperitatem
1781 4713 1878 4763 eorum,

208 4903 216 4937 ¹
229 4895 346 4971 Reginae
358 4912 413 4952 ms.
426 4893 612 4965 lleaiael,ubi
623 4897 652 4950 et
664 4898 747 4951 notat
757 4894 792 4953 de
803 4896 997 4968 subsequenti
1050 4898 1158 4955 leniam
1173 4898 1301 4971 prefert.

169 4972 289 5028 nornine
305 4967 442 5033 Somniat,
459 4967 536 5040 quod
552 4967 621 5022 olibi
636 4968 766 5023 anmatos
788 4966 905 5023 dieitur.
922 4968 996 5025 Prae·
1086 4970 1212 5026 ‘Priora
1226 4971 1395 5044 haeverba,
1417 4972 1617 5034 Promovimes
1631 4992 1719 5053 erpo,
1733 4984 1766 5042 in
1780 4985 1876 5060 [aegina

169 5048 249 5100 terea
277 5039 399 5097 Zaceaer
428 5055 494 5094 cum
524 5038 639 5109 gemino
660 5053 675 5092 c
700 5037 791 5110 legit:
818 5038 997 5097 inHebr.et
1051 5041 1339 5099 ms.daaidarantor.

170 5116 267 5170 Graeco
293 5111 387 5168 Zabad
415 5110 558 5181 seriptum
581 5113 636 5165 est.
655 5107 844 5182 llieronymus
873 5111 951 5182 quod
968 5116 997 5168 et
1084 5113 1283 5170 ‘Hioiterum
1305 5123 1607 5190 saecularemque
1633 5122 1670 5180 in
1689 5127 1873 5186 [lebnam

168 5182 934 5255 hiantianraasobservat,:pron,ot·tpropaecepit.
1049 5184 1261 5255 mutilagine
1274 5185 1548 5246 maomittitllox
1574 5193 1702 5256 atemoth
1732 5218 1787 5275 pro
1810 5202 1872 5259 100·

204 5259 262 5312 'ln
279 5256 396 5311 Hebraeo
412 5253 553 5308 hodierno
570 5262 633 5313 ‘tint
647 5253 741 5308 Zebud
764 5251 900 5325 legimus,
918 5255 994 5311 cuod
1049 5254 1122 5312 meib
1137 5255 1215 5326 legit.

167 5327 360 5401 Septuaginta
387 5327 562 5395 Interpretss
591 5324 679 5378 etiam
708 5324 844 5397 legebant
874 5322 993 5383 zabuth.
1084 5327 1226 5399 lllegina
1243 5345 1296 5384 ms.
1312 5344 1370 5401 pon
1384 5331 1463 5386 itlius
1478 5329 1569 5390 habet
1583 5335 1716 5400 duobus
1731 5344 1869 5417 verbisne

166 5403 363 5525 Hieronpmus
376 5402 498 5480 econtra
513 5411 564 5466 pro
580 5408 599 5454 n
613 5395 689 5461 beta,
706 5395 735 5450 in
757 5397 820 5452 suis
846 5398 993 5470 exempla·
1049 5399 1185 5470 pusillus,
1200 5415 1285 5473 quem
1302 5416 1430 5459 errorem
1442 5401 1489 5458 ahl
1503 5419 1629 5478 quoque
1649 5413 1756 5474 Latini
1779 5416 1867 5476 “m

167 5472 249 5527 ribus
284 5470 400 5525 lebrers
423 5467 540 5537 legebat
562 5479 577 5527 n
601 5465 732 5536 tepeat
760 5481 775 5529 a
805 5470 864 5537 aas,
895 5487 947 5543 pro
977 5482 995 5534 q
1049 5475 1159 5527 armna,

169 5543 278 5610 Deleta,
294 5551 353 5604 tint
369 5539 488 5608 lanchua,
505 5554 563 5593 uon
579 5536 680 5591 Zalrud.
697 5543 789 5594 alana.
1083 5541 1215 5597 almum
1224 5557 1363 5615 ,pampro
1377 5559 1467 5615 sepem
1482 5544 1564 5605 baud
1582 5556 1672 5613 recte
1689 5574 1761 5617 cum
1775 5559 1867 5634 qm

205 5614 283 5668 ³llio
306 5618 394 5683 atque
420 5611 496 5665 intra
518 5611 617 5664 liaeus
646 5624 697 5689 pro
726 5611 994 5678 aava,etllesolem
1049 5613 1116 5668 dam
1133 5613 1198 5670 aliis
1215 5614 1327 5671 Latinis
1344 5616 1507 5686 codicibus,
1522 5622 1649 5695 Lyrano
1681 5638 1716 5689 at
1737 5648 1775 5690 us
1800 5627 1863 5691 wa

170 5685 376 5813 ariera
391 5679 759 5826 aerem-teu
784 5756 813 5812 a
826 5753 920 5813 a„
941 5771 994 5830 ,a
1048 5683 1165 5758 *aar
1253 5687 1377 5761 ,aa
1717 5649 1736 5705 ‘¹

379 5796 397 5825 ·r
762 5795 770 5824 r
