3878 6150
51 212 111 273 8⁴5

766 217 873 273 uultu
892 218 1062 275 nurtrtcl.

1710 211 1764 272 sto

52 353 122 395 cum
147 337 229 396 omni
253 337 426 413 supellectili
447 356 513 396 sua.
536 340 669 412 Cumque
690 339 878 395 sanctificans
893 340 920 406 Α
934 356 987 396 nes
1002 346 1069 398 ante
1084 343 1160 401 tores
1179 343 1359 401 tabernaculi
1372 342 1414 415 (b.
1431 339 1613 399 tabernaculi
1626 338 1761 396 testimo-

51 427 328 500 aspersissetaltaro
336 435 449 502 septem
459 430 584 496 vicibus,
598 429 681 485 unxit
690 429 774 496 illud,
785 433 883 484 etum-

54 518 104 573 uia
119 517 276 589 vuaejus,
294 516 470 590 labrumque
487 535 554 575 oum
572 519 635 575 basi
650 518 692 591 (b.
708 517 883 590 fistulaisua

53 604 252 662 sanctificavit
263 605 337 662 oleo.
347 606 427 671 Quod
441 607 662 679 lundenssnper
674 611 763 679 caput
774 610 881 662 Aaron.

56 694 142 750 unxit
156 710 226 750 eum
238 701 267 751 et
281 695 480 764 consecravit;
496 695 573 751 filios
591 711 707 768 quoquo
722 697 787 767 ojus
801 694 884 752 obla-

55 789 102 840 toa
116 783 236 840 vestivit
251 782 463 853 tonioislineis,
478 784 605 840 etcinxit
616 783 711 841 balteo
723 784 810 856 (Volo.
824 783 883 840 bal·

57 872 136 943 tois),
145 872 346 945 imposuitque
358 873 470 942 mitras,
483 875 650 943 utJ'uaserat
660 874 811 930 Dominus.
825 873 882 930 Ob·

57 959 126 1016 tulit
136 966 167 1016 ct
179 960 306 1018 vitulum
322 978 375 1033 pro
390 966 517 1033 peccato.
533 961 665 1033 Cumque
680 977 770 1035 super
795 966 884 1034 ceput

56 1050 121 1120 ejus
136 1051 334 1122 imposuisset
350 1057 457 1121 Aaron,
470 1056 500 1107 et
519 1050 571 1106 lilii
586 1051 652 1121 ejus
671 1067 778 1107 manns
802 1067 883 1115 suas,

937 432 1034 496 ailbei
1047 432 1255 504 inconsuetis
1264 451 1325 490 aas.
1336 428 1552 503 Paneaquoque
1563 427 1763 486 consecratio·

937 519 985 575 nis
999 521 1076 576 edite
1090 523 1139 594 qui
1155 523 1241 593 positi
1258 522 1367 579 suntin
1382 522 1522 590 canistro,
1534 517 1610 575 siout
1622 516 1761 588 pracepit

937 609 1010 663 mibi
1027 610 1178 678 Dominus,
1191 612 1292 667 dicens
1304 629 1310 667 :
1324 616 1419 667 Aaron
1430 614 1457 665 et
1468 607 1592 679 titiiejns
1604 604 1762 663 comedent

936 712 1002 755 eos:
1014 698 1416 771 quidquidautemreliquum
1429 698 1517 754 luerit
1527 696 1563 752 de
1572 710 1661 751 carne
1670 697 1698 749 et
1711 710 1761 766 pa-

937 785 1035 853 nibus,
1051 788 1128 860 ignis
1145 789 1289 845 absumet.
1307 789 1346 844 De
1361 787 1435 844 ostio
1446 801 1564 859 quoqne
1575 784 1760 844 tabernaculi

937 892 995 932 non
1010 877 1127 935 exibitis
1140 884 1252 952 septem
1267 879 1381 948 diebus,
1408 894 1502 949 usque
1527 877 1564 933 ad
1592 877 1670 933 dicm
1699 891 1759 948 quo

936 965 1133 1038 oomplsbitur
1147 973 1263 1040 tempos
1278 965 1507 1024 consecrationis
1521 969 1757 1037 vestru.septem

937 1056 1016 1110 enim
1026 1055 1131 1112 diebus
1143 1056 1244 1112 linitur
1253 1055 1449 1113 consecratio:
1462 1053 1538 1110 siout
1548 1057 1578 1109 et
1586 1052 1759 1124 impresen-

57 1137 226 1193 immolauit
248 1154 327 1203 eum,
344 1138 484 1196 hauriens
499 1139 724 1212 sanguineum
736 1140 827 1196 tincto
837 1139 882 1194 di·
936 1143 1045 1200 tiorum
1065 1145 1244 1214 factumest,
1261 1149 1294 1202 ut
1308 1144 1384 1201 ritus
1409 1141 1547 1199 sacrificii
1576 1141 1760 1212 compleatur

55 1226 127 1299 gito,
143 1226 245 1299 tetigit
259 1243 370 1283 cornua
385 1226 484 1284 altaris
501 1244 551 1298 pcr
563 1245 677 1300 gyrum.
693 1229 755 1293 Quo
770 1228 883 1299 expiato
938 1233 1035 1305 (Vutp.
1047 1234 1316 1306 compleretur).Die
1326 1236 1451 1289 aonoote
1461 1227 1760 1287 manebitisintabar·

55 1315 884 1388 etsanotiltcato‚inditroliquumsanguinamadfunda·
937 1319 1556 1384 naculooheervantegougtodiflgDomini,
1585 1334 1621 1373 „0
1650 1314 1758 1371 moria.

55 1408 158 1459 menta
167 1405 246 1473 ejus.
258 1404 382 1477 Adipem
393 1412 491 1461 autam
501 1406 623 1477 quierat
636 1421 724 1478 super
734 1405 844 1474 vitalia,
855 1411 883 1460 et
938 1412 1010 1468 mini
1024 1429 1030 1467 ς
1047 1412 1177 1468 aloenim
1193 1413 1265 1469 mihi
1282 1415 1459 1484 preceptum
1479 1413 1533 1464 eat.
1559 1409 1760 1475 feceruntque

55 1493 181 1548 reticem
196 1492 313 1563 jecoris,
330 1493 464 1565 duosque
479 1494 655 1551 renunculos
670 1512 737 1551 oum
766 1495 884 1550 arvinu-
935 1505 1035 1556 ‘aaron
1050 1505 1079 1557 ot
1095 1500 1145 1556 filii
1156 1503 1221 1573 stus
1237 1509 1341 1558 ounota
1357 1516 1421 1572 ques
1434 1498 1607 1554 locutusest
1619 1493 1761 1550 Dominus

54 1579 90 1634 lis
105 1581 186 1650 suis,
203 1580 328 1638 adolevit
344 1597 433 1654 super
448 1581 559 1638 altere:
576 1581 694 1639 situlum
711 1600 778 1639 cum
799 1582 883 1656 pelle.
938 1606 1121 1662 permanum
1138 1589 1223 1647 Mosi.

56 1669 213 1735 carnibus,
227 1675 257 1725 st
270 1670 351 1739 timo,
367 1686 501 1726 cremans
515 1677 597 1727 extra
611 1677 717 1736 cestra,
728 1672 883 1744 sicntprae·
898 1702 923 1769 B
975 1680 1055 1750 (Cap.
1070 1679 1133 1750 IX.)
1146 1679 1232 1735 Facto
1248 1682 1346 1734 autam
1360 1681 1461 1734 octavo
1472 1674 1531 1743 die,
1542 1671 1653 1730 vocavit
1663 1669 1760 1725 Moses

57 1762 175 1828 ceperat
182 1758 335 1814 Dominus.
343 1757 653 1816 Obtulitetaristemin
665 1759 882 1825 holocaustum,
936 1770 1032 1824 Aaron
1047 1773 1077 1824 ct
1091 1767 1167 1825 filios
1182 1770 1257 1839 ψη,
1273 1783 1306 1822 ac
1321 1765 1447 1832 rumores
1462 1767 1533 1820 natu
1549 1760 1648 1828 lsrael,
1674 1757 1759 1814 dixit.

58 1862 147 1917 super
162 1846 254 1916 cujus
269 1852 358 1920 caput
372 1865 439 1904 oum
454 1848 665 1920 imposuissent
679 1850 771 1905 Aaron
787 1854 817 1905 et
831 1848 883 1904 fllii
937 1871 994 1928 que
1008 1857 1044 1913 ad
1059 1859 1177 1914 Aaron:
1191 1855 1271 1912 'l'olls
1289 1856 1324 1912 ds
1339 1859 1473 1910 armento
1488 1849 1613 1907 vitulum
1628 1864 1680 1921 pro
1689 1861 1757 1918 poo-

60 1936 119 2006 tjns
136 1950 246 1990 manus
261 1951 343 2005 suas,
360 1935 524 1993 immolavit
536 1953 617 2004 eum,
633 1941 662 1993 et
677 1936 882 2010 suditsangui·

60 2040 122 2081 nem
130 2025 198 2096 ejus
210 2026 397 2097 superaltare
408 2043 460 2100 per
481 2027 637 2085 oirouitum
649 2029 739 2100 tt'otq.
765 2028 882 2099 percir-

62 2114 168 2169 ruitum
184 2112 311 2185 altaris).
324 2119 484 2188 ipsumque
499 2116 619 2172 arietem
635 2118 665 2171 in
682 2116 775 2172 truste
790 2115 884 2173 conci·

63 2201 141 2269 dens,
152 2207 245 2274 caput
260 2204 334 2274 ejus,
350 2209 379 2260 et
393 2208 484 2272 artus,
500 2214 528 2261 et
542 2205 659 2277 adipem
674 2203 800 2262 adolevit
810 2205 882 2277 igni,

64 2287 125 2346 lotis
141 2290 227 2363 prius
240 2293 390 2349 intestinis
405 2298 434 2348 et
456 2294 591 2365 pedihus,
619 2299 774 2365 totumque
793 2293 882 2352 simul

66 2381 179 2435 arietem
196 2379 328 2437 incendit
342 2398 432 2454 super
445 2381 547 2449 altere,
563 2398 596 2438 eo
611 2383 688 2454 quod
709 2388 786 2440 esset
800 2382 882 2439 holo·

65 2473 193 2524 caustum
211 2469 381 2525 suavissimi
397 2469 495 2526 odoris
510 2470 882 2545 Domino,sicutp1·recepe·

65 2561 106 2611 rat
118 2558 155 2612 ei.
168 2557 283 2614 Obtulit
297 2562 327 2614 at
339 2559 458 2614 arietem
474 2556 647 2628 secundum,
672 2561 701 2616 in
730 2577 883 2618 consecra·

67 2643 350 2713 tionosaoerdotum,
360 2652 599 2720 posuneruntque
609 2654 791 2720 supercaput
804 2647 883 2704 illius

66 2735 157 2789 Aaron
174 2738 205 2790 et
220 2733 457 2807 bliiejusmanus
466 2752 542 2792 suas.
555 2735 718 2800 Ouemoum
730 2737 883 2794 immolas·

66 2827 350 2895 setltosas,aumens
360 2825 883 2898 desanguine,tetigitextremumau·

67 2911 164 2968 ucula
178 2913 289 2969 dextra
304 2921 413 2983 Aaron,
428 2917 457 2970 et
471 2912 605 2986 pollicem
620 2931 726 2972 manns
740 2916 805 2986 ejus
820 2916 886 2972 dex·

937 1951 1012 2012 osto,
1039 1950 1067 2001 st
1090 1945 1210 2002 arietem
1225 1946 1255 1999 in
1273 1943 1484 2010 holocaustum,
1514 1945 1674 2010 utrumque
1702 1936 1758 1990 im·

937 2034 1129 2103 maculatum,
1146 2040 1175 2090 st
1203 2034 1274 2091 oller
1302 2032 1369 2089 illos
1397 2046 1496 2088 coram
1514 2028 1648 2084 Domino.
1664 2025 1699 2080 lit
1721 2023 1758 2079 ad

937 2121 1014 2177 tilios
1028 2121 1116 2177 lsrael
1133 2120 1281 2192 loqueris:
1297 2118 1403 2177 Tollite
1418 2118 1532 2175 hircum
1548 2131 1600 2188 pro
1626 2115 1755 2186 peccato,

937 2216 965 2267 et
980 2210 1104 2265 vitulum
1119 2215 1207 2281 atque
1218 2223 1327 2282 agnum
1340 2205 1504 2270 anniculos,
1519 2203 1619 2261 etsine
1630 2197 1760 2266 macula,

937 2299 966 2354 in
983 2298 1199 2367 holocaustum,
1215 2298 1318 2354 bouem
1338 2301 1367 2353 at
1390 2295 1511 2352 arietem
1528 2308 1580 2366 pro
1604 2288 1758 2363 paoiliois;

936 2392 966 2444 et
980 2386 1130 2443 immolata
1144 2403 1194 2444 eos
1222 2402 1321 2443 coram
1336 2384 1470 2454 Domino,
1486 2383 1515 2439 iu
1532 2379 1676 2438 saorilioio
1697 2377 1760 2433 sin·

936 2475 1071 2547 pelorum
1087 2474 1288 2531 similamoleo
1298 2465 1760 2545 conspersamofforentes.Hodie

937 2558 1759 2635 onimliominusupparebitvobisToleruntsrgocuncta

937 2669 1003 2725 ques
1015 2653 1146 2723 jusserat
1165 2656 1258 2708 Moses
1287 2652 1323 2707 ad
1353 2650 1462 2706 ostium
1481 2644 1683 2712 tabernaculi,
1707 2641 1757 2698 ubi

938 2758 1004 2798 oum
1021 2742 1117 2798 omnis
1132 2745 1240 2798 astaret
1254 2740 1424 2808 multitudo,
1440 2738 1480 2794 ait
1495 2737 1608 2794 hloses:
1640 2731 1699 2789 lste
1714 2733 1759 2787 ost

938 2846 1046 2900 sermo,
1061 2846 1149 2902 quem
1166 2830 1302 2902 pracepit
1316 2827 1477 2884 Dominus:
1492 2825 1588 2891 tacite,
1609 2827 1639 2879 et
1666 2834 1757 2892 appe·

938 2920 1013 2978 rabit
1027 2919 1109 2977 vohis
1123 2919 1217 2991 gloria
1231 2919 1306 2990 eJus.
1320 2916 1457 2988 Dixitque
1472 2914 1508 2971 ad
1519 2916 1615 2969 Aaron
1628 2929 1635 2967 :
1648 2908 1759 2965 accede

66 3005 124 3069 tra,
140 3001 319 3060 similiteret
328 3001 422 3076 pedis.
433 3003 784 3061 Obtulitetflliosharon.
794 3006 884 3062 Cum·
940 3011 977 3067 ad
993 3009 1095 3077 altare,
1110 3014 1139 3064 et
1153 3007 1274 3064 immola
1289 3021 1339 3078 pro
1354 3008 1472 3079 peccato
1487 3009 1557 3060 tuo:
1574 3001 1646 3058 oller
1674 2995 1758 3054 holo·

64 3091 883 3165 quedcsanguinearietisimmolatiteligissstextremum
941 3103 1088 3164 caustum,
1103 3105 1131 3153 et
1145 3097 1300 3168 deprecare
1316 3111 1368 3166 pro
1381 3098 1410 3150 te
1424 3098 1454 3149 et
1469 3108 1520 3164 pro
1537 3089 1654 3163 populo.
1669 3088 1758 3144 Curn-

66 3179 884 3254 auriculasingulorumdoxtrae,etpollicesrnanusao
938 3185 1320 3261 qoemactaverisbostiam
1337 3182 1515 3257 populi‚ora
1540 3195 1592 3251 pro
1607 3193 1652 3247 oo,
1681 3174 1759 3231 siout

64 3270 145 3342 pcdis
155 3269 263 3340 dextri,
275 3268 422 3341 reliquum
439 3270 711 3344 tuditsuperaltars
721 3271 885 3344 percircui·
936 3275 1074 3349 precepit
1084 3276 1236 3331 Dominus.
1251 3273 1415 3344 Statimque
1430 3272 1525 3327 Aaron
1550 3267 1692 3325 accedens
1720 3262 1758 3318 ad

62 3360 123 3413 tum
136 3375 143 3414 :
160 3359 279 3431 adipem
292 3373 369 3427 vero,
380 3360 723 3432 stcandam,omnemque
734 3361 884 3432 pinguedi·
937 3365 1039 3432 altaro,
1052 3362 1248 3421 immmolavit
1258 3362 1382 3417 vitulum
1392 3377 1443 3432 pro
1459 3361 1577 3431 peocato
1587 3372 1641 3412 suo
1653 3374 1661 3424 ;
1672 3353 1759 3425 oqjus

63 3463 126 3503 nom
142 3463 209 3520 qua
224 3447 470 3520 operitintestina
484 3447 702 3521 reticulumque
721 3450 840 3520 jecoris,
856 3456 885 3507 ct
938 3454 1113 3526 sanguinem
1128 3451 1298 3508 obtulerunt
1312 3451 1342 3507 ei·
1354 3449 1406 3506 tilii
1421 3449 1489 3516 sul;
1505 3447 1536 3503 in
1558 3461 1616 3518 quo
1641 3442 1760 3515 tingens

63 3536 133 3593 dnos
148 3552 236 3592 renes
251 3552 318 3592 cnm
332 3537 470 3608 adipibus
484 3537 547 3594 suis
562 3545 589 3594 et
604 3539 885 3612 armodextrosepa-
938 3543 1075 3615 digitum,
1091 3541 1186 3611 tetigit
1200 3556 1310 3596 cornua
1323 3537 1436 3606 altaris,
1451 3542 1481 3593 st
1505 3535 1581 3592 ludit
1609 3532 1760 3589 residuum

66 3625 138 3682 rarit
164 3624 283 3682 Tollcns
299 3631 397 3681 eutem
412 3626 448 3681 de
463 3626 591 3683 canistro
602 3644 782 3700 azymorum,
805 3631 881 3700 quod
939 3633 974 3688 sd
990 3631 1084 3687 basim
1097 3631 1172 3700 ejus.
1202 3629 1385 3702 adipemque
1407 3629 1437 3682 et
1464 3622 1641 3681 renunculos
1656 3637 1689 3677 ao
1713 3635 1759 3674 rs·

62 3720 235 3772 oratooram
252 3713 508 3786 Domino,panem
538 3717 647 3788 absque
674 3720 829 3786 termento,
856 3723 885 3775 et
939 3719 1191 3791 ticulumjeooris‚
1216 3734 1280 3790 que
1308 3720 1380 3772 aunt
1400 3730 1452 3787 pro
1481 3716 1610 3785 peooato,
1636 3705 1761 3764 adolevit

63 3805 233 3878 collyridam
240 3819 429 3875 conspersam
437 3804 511 3870 oleo,
522 3806 719 3878 laganumque
725 3807 823 3877 posuit
834 3824 883 3863 su·
939 3825 1028 3883 super
1042 3809 1144 3875 altars,
1159 3808 1237 3864 siout
1251 3808 1427 3879 preceperat
1437 3802 1580 3859 Dominus
1591 3797 1664 3854 Masi
1677 3811 1758 3864 ;oar·

63 3909 111 3964 per
125 3892 551 3965 adipastetarmumdaxtrum,
561 3894 681 3951 tradens
691 3894 885 3951 simutomnia
939 3916 990 3955 nes
1008 3914 1073 3955 vero
1089 3894 1227 3968 etpellem
1239 3896 1304 3966 ejus
1314 3897 1395 3949 extra
1406 3896 1502 3949 castra
1512 3888 1675 3944 combussit
1685 3883 1758 3955 igni.

61 3984 153 4038 Aaron
169 3986 199 4038 ct
214 3981 285 4038 tiliis
300 3983 377 4052 eius.
396 3983 452 4049 Qui
473 3987 629 4055 postquam
654 3983 824 4041 levaverunt
851 4001 885 4041 ea
938 3986 1103 4044 lmmolavit
1115 3989 1143 4042 ct
1158 3982 1320 4039 holocausti
1348 3980 1510 4048 victimam,
1531 3974 1759 4043 obtuleruntque

63 4086 157 4127 eoram
174 4070 300 4128 Domino
315 4072 337 4136 ¹,
354 4085 472 4128 rursum
483 4076 621 4143 suscepta
636 4072 671 4127 de
682 4072 821 4129 manibus
835 4090 885 4130 co·
939 4077 965 4132 si
981 4076 1032 4131 titii
1049 4075 1095 4130 sui
1107 4074 1280 4146 sanguinem
1295 4071 1369 4142 ejus,
1381 4083 1469 4141 quam
1484 4065 1561 4121 ludit
1581 4079 1631 4134 per
1658 4059 1759 4158 altaris

63 4176 137 4230 rum,
159 4158 289 4216 metavit
310 4175 399 4232 super
419 4159 511 4216 altare
540 4160 714 4232 holocausti,
743 4177 777 4217 eo
806 4163 884 4233 quod
938 4165 1104 4222 circuitum.
1120 4164 1213 4234 lpsam
1229 4159 1317 4216 stiam
1338 4155 1509 4213 bostiamin
1538 4156 1633 4208 truste
1660 4164 1757 4205 concr-

64 4248 291 4307 consecrationis
306 4254 384 4306 esset
397 4248 517 4317 oblatio,
538 4250 569 4306 in
584 4250 702 4307 odorem
732 4252 885 4308 suavitatis
939 4270 1014 4311 sam.
1030 4268 1097 4308 oum
1113 4251 1209 4322 capite
1224 4254 1254 4304 et
1267 4246 1409 4303 membris
1434 4241 1560 4315 singolis
1575 4239 1759 4297 obtulerunt.

64 4340 196 4397 ncnfioii
213 4340 346 4396 Domine.
369 4338 447 4394 Tulit
476 4344 505 4396 et
528 4340 744 4412 pectusculum,
767 4340 884 4399 elevans
926 4329 1597 4410 ouaomniasuperaturacremavitqnith.
1622 4343 1680 4384 non
1709 4325 1760 4409 bs·

63 4429 131 4486 illud
147 4444 250 4486 coram
267 4427 401 4494 Domino,
422 4428 459 4483 ds
482 4428 572 4485 ariete
596 4430 825 4487 consecrationis
854 4431 884 4487 in
899 4417 922 4483 ll
938 4432 1008 4504 bet),
1024 4430 1092 4486 lotis
1108 4428 1190 4500 priris
1205 4441 1282 4498 aqua
1296 4424 1445 4481 intestinis
1457 4427 1486 4478 et
1501 4419 1635 4492 pedibus.
1658 4416 1693 4471 llt
1707 4430 1759 4487 pro

64 4525 175 4588 partem
190 4532 277 4574 snam
304 4515 347 4587 (b.
373 4516 403 4571 in
425 4521 537 4588 partem
562 4534 647 4574 suam
663 4519 780 4590 tiosos),
808 4519 886 4576 sicut
939 4524 1056 4593 peccato
1072 4515 1307 4591 populiofferens
1322 4511 1460 4570 mactavit
1475 4509 1609 4565 biroum:
1626 4505 1760 4577 expiato-

65 4604 276 4678 preceperatei
289 4604 441 4660 Dominus.
456 4607 679 4678 Assumeusque
700 4612 884 4679 unguentum
940 4625 997 4681 que
1013 4607 1097 4664 altari
1114 4607 1155 4679 (b.
1174 4621 1231 4677 quo
1246 4603 1304 4660 loto
1323 4608 1412 4673 atque
1435 4598 1554 4669 oblato),
1583 4595 1652 4651 fecit
1675 4592 1759 4649 holo·

64 4695 279 4768 anagninam
296 4693 345 4765 qui
362 4697 425 4750 erat
440 4709 531 4765 super
545 4694 637 4750 altare
658 4696 749 4764 (Vota.
776 4695 885 4764 altari),
938 4702 1089 4764 caustum,
1118 4694 1229 4750 addens
1257 4692 1288 4748 in
1313 4689 1456 4747 sacrificio
1485 4687 1658 4750 libamenta,
1695 4698 1759 4754 que

66 4783 187 4856 reponit
201 4798 292 4854 super
304 4785 400 4838 Aaron
415 4787 444 4837 et
458 4781 632 4839 vestimenta
655 4784 731 4854 ejus,
746 4790 775 4840 et
798 4800 887 4855 super
939 4787 1050 4860 pariter
1064 4784 1235 4849 offeruntur,
1251 4786 1280 4836 et
1294 4778 1414 4836 adolens
1428 4793 1464 4833 se
1478 4790 1567 4847 super
1579 4772 1681 4838 altaro,
1692 4770 1760 4826 abs·

66 4871 886 4944 iliosilliusaovesteseorum.Cumqussanotifloassot
940 4891 997 4948 qne
1016 4872 1195 4929 ceremoniis
1224 4868 1386 4925 holocausti
1417 4863 1563 4922 matutini.
1594 4858 1761 4917 lmmolavit

68 4976 113 5018 eos
126 4963 157 5016 in
174 4958 283 5015 vestitu
299 4974 354 5015 suo
364 4958 406 5030 (b.
418 4956 550 5030 Cumque
560 4959 847 5018 sanctificassseteos
858 4965 887 5016 st
939 4968 968 5020 st
982 4963 1086 5019 bovem
1102 4965 1190 5032 atque
1204 4958 1335 5027 arietem,
1351 4955 1463 5012 hostias
1479 4951 1614 5025 pacificas
1640 4945 1737 5019 populi
1753 4961 1760 5013 ;

68 5058 156 5107 restes
172 5046 792 5121 eorum),praecpiteis,dioenszcoquite
821 5064 885 5105 oar·
939 5047 1206 5121 obtuleruntqnesi
1227 5045 1340 5101 tiliisui
1364 5042 1551 5115 sanguinem,
1573 5053 1661 5111 quern
1687 5034 1763 5090 ludit

99 5230 107 5263 ¹
121 5227 188 5284 Non
204 5226 366 5296 incongruo
382 5239 470 5281 sensu
487 5224 597 5281 hebent
611 5225 659 5282 bio
675 5242 780 5294 canon,
801 5231 830 5283 et
855 5232 884 5282 S.
939 5215 1762 5301 nequeenimdegustaroflehraislioebatquaotlorrent3

66 5296 275 5355 Germanicus.
291 5296 390 5364 oodox,
414 5312 497 5352 num.
512 5296 539 5369 3,
563 5300 708 5369 postquam
731 5297 887 5354 libaverunt
941 5299 1112 5357 Latinorum
1127 5297 1208 5353 isset
1223 5295 1409 5351 librariorum
1436 5292 1577 5375 solemnis
1600 5302 1690 5369 error,
1709 5301 1760 5368 qut

65 5386 196 5427 mmm
210 5369 336 5434 Dtml'tw,
352 5366 446 5422 MART·
940 5371 1052 5428 litteras
1068 5370 1079 5425 l
1095 5386 1146 5442 pro
1160 5373 1195 5437 tt,
1216 5374 1244 5425 ot
1260 5369 1280 5424 B
1296 5384 1347 5440 pro
1363 5368 1393 5436 ll,
1405 5382 1439 5423 ex
1454 5364 1534 5435 vulgi
1549 5360 1761 5434 pronuntiatio·

98 5440 275 5508 -Quidam
291 5437 529 5510 ponesMarlian.
547 5454 613 5507 ms,
642 5438 809 5508 libaverunt,
834 5455 886 5512 pro
941 5441 1204 5499 nesubstitununt.

64 5512 235 5578 horem,
250 5510 472 5578 satisabsurde,
495 5509 639 5582 quidquid
665 5511 720 5583 ipsi
742 5510 885 5580 videatur,
