3870 6120
118 183 172 240 aci
645 184 665 236 s
695 183 901 239 nianourin
920 180 1049 237 nimus
1066 178 1314 235 amiroraacs.
1686 140 1689 145 ’
1773 185 1829 241 oea

193 306 364 366 obediemus
381 325 388 362 :
960 305 985 373 Α
1002 301 1091 377 (dep.
1107 300 1221 385 libili.)
1235 300 1356 357 Pactum
1372 304 1541 371 astantem,
1557 320 1625 360 enni
1654 306 1834 381 complesset

158 386 190 438 ul
204 382 277 436 bane
287 379 417 436 silentiis
429 393 496 433 eum
513 377 695 433 audierimus
711 393 810 434 vocem
826 374 945 433 Domini
1071 372 1216 430 ieremias
1227 370 1254 428 lo
1278 388 1352 428 iiens
1363 374 1548 446 adpopulum
1559 377 1832 439 universesscrmo·

99 496 102 501 .
195 452 362 508 llcinostri.
1071 461 1123 500 nes
1139 444 1255 500 Domini
1297 445 1452 508 eteorum,

119 527 192 582 Gnin
208 529 304 579 autern
321 537 385 578 eom
411 520 459 575 leti
475 524 573 575 essent
588 521 688 576 decem
704 519 777 585 dies,
1035 532 1087 589 pro
1103 516 1212 588 quibes
1226 517 1422 572 miseralenm
1432 519 1574 576 Dominus
1590 521 1669 578 Deus
1680 526 1827 582 eorumsd

156 597 264 650 laetum
280 598 324 649 est
340 538 460 648 verbnm
478 592 592 647 Domini
608 591 643 647 ad
658 591 827 649 Jeremiam.
1026 660 1031 671 ¹
1056 586 1147 671 ¹illos,
1163 588 1263 672 emnia
1278 587 1443 671 verbahree
1460 605 1466 645 :

119 665 296 737 Voeaiitque
310 664 466 720 lebnnnan
482 663 576 718 silium
591 668 689 730 caree,
703 670 732 719 st
746 680 849 721 omnes
864 663 945 735 prin·
998 664 1077 715 Dixit
1090 665 1204 714 azarias
1219 660 1297 715 lilius
1308 658 1412 728 Dsaiae,
1423 665 1452 717 et
1462 660 1620 720 lohanuan
1632 664 1715 722 illiue
1730 670 1826 738 Cares,

189 736 269 818 cipes
285 734 473 797 bellatorum,
489 735 538 807 qui
555 740 639 791 erant
650 751 715 791 cum
732 752 776 803 eo,
1070 737 1098 785 et
1113 747 1217 786 omnes
1230 732 1287 787 viri
1302 732 1433 803 superbi,

154 813 184 866 et
198 824 366 864 universum
383 806 553 880 populnma
568 806 692 863 minimo
710 823 804 879 iisque
818 806 854 863 ad
882 821 944 861 ma·
1035 802 1166 858 dieentes
1181 802 1217 858 ad
1233 802 1391 858 teremiam
1406 820 1413 859 ε

190 896 291 953 gnum.
999 873 1183 929 Mendacium
1200 880 1230 929 tii
1248 875 1399 945 loqueris:

155 952 190 1007 tlt
206 950 327 1021 dixitpd
343 965 393 1005 ees
410 965 417 1005 :
1035 963 1091 1001 non
1110 944 1191 1001 misit
1206 950 1235 1002 te
1250 946 1392 1003 Dominus
1406 945 1484 1003 Deus
1500 951 1611 1012 noster,
1627 950 1732 1007 diceris
1750 969 1758 1008 ε

117 1024 183 1080 liae
198 1023 270 1078 dicit
287 1021 426 1078 Dominus
443 1022 518 1077 Deus
533 1018 635 1088 lsrael,
650 1021 685 1077 ad
706 1037 792 1091 quem
818 1019 944 1077 misistis
998 1016 1039 1073 Ne
1053 1018 1261 1090 ingrediamini
1275 1018 1444 1091 AEgyptum,
1460 1024 1492 1074 ut
1504 1018 1644 1076 habitetis
1659 1022 1733 1079 illic.

190 1111 247 1160 me,
998 1089 1054 1146 Sed
1071 1089 1183 1145 Bnruch
1195 1088 1275 1145 lilius
1287 1089 1377 1145 Neria
1392 1089 1496 1146 incitat
1506 1095 1534 1146 te
1544 1091 1702 1151 adversum
1719 1113 1786 1168 nos,
1796 1103 1830 1156 ut

154 1171 186 1222 ut
202 1169 413 1237 prosternerem
431 1179 528 1233 preces
543 1162 942 1236 vestraeincenepeoluejus:
1068 1161 1167 1217 arndnt
1182 1177 1235 1217 nos
1250 1162 1280 1218 in
1296 1177 1401 1218 manus
1411 1161 1625 1220 chaldeorum.

17 1276 20 1281 .
115 1239 144 1294 sti
161 1239 344 1309 quiescentes
361 1235 529 1291 manseritis
545 1236 572 1291 in
590 1240 666 1290 terra
682 1236 747 1303 hac,
1034 1236 1067 1287 ul
1081 1232 1240 1288 interliciat
1254 1237 1354 1301 nns,et
1366 1234 1479 1290 traduci
1492 1234 1579 1291 iaciat
1589 1235 1618 1291 in
1632 1236 1825 1312 Babylonem.

153 1309 313 1378 aedilleabo,
329 1324 378 1363 iios
390 1312 418 1363 et
434 1323 490 1362 nen
505 1307 668 1376 destruam,
1000 1304 1034 1360 Et
1044 1321 1101 1360 non
1113 1304 1226 1360 audivit
1235 1304 1391 1379 lohannnn
1403 1304 1619 1374 liliusCaree,et
1630 1325 1737 1367 omnes
1748 1313 1827 1384 prin·

118 1380 270 1446 Plastena,
1070 1376 1150 1448 cipes
1165 1375 1352 1442 bellatorum,
1367 1381 1395 1433 et
1410 1377 1565 1435 universus
1577 1381 1825 1453 populus,vecem

154 1457 183 1508 et
198 1469 254 1507 nen
270 1449 391 1506 evellam
410 1465 416 1502 ε
1069 1446 1195 1513 Domini,

115 1524 131 1581 J
141 1541 181 1580 iiii
193 1523 271 1579 enlin
283 1522 417 1594 placalus
428 1535 494 1576 sum
506 1535 594 1592 super
605 1520 682 1576 male
693 1520 769 1593 quod
784 1520 836 1576 leui
848 1520 941 1576 vobis.
1033 1523 1066 1574 ut
1082 1522 1213 1575 maneret
1228 1519 1256 1573 in
1270 1522 1349 1575 tarra
1362 1518 1449 1576 luda.

116 1596 212 1653 Nolite
236 1596 338 1650 timere
354 1610 370 1648 a
386 1593 458 1648 facie
482 1593 560 1664 regis
584 1592 751 1665 Babylonia,
778 1608 865 1663 quem
890 1607 942 1648 vos
997 1589 1052 1646 Sed
1069 1590 1175 1646 tollens
1188 1590 1344 1646 lohanuan
1360 1591 1441 1646 illius
1453 1594 1588 1658 Cossaei
1602 1594 1736 1652 universi
1752 1599 1825 1669 prin·

211 1667 287 1722 avidi
303 1664 468 1721 formidatis
485 1680 491 1719 :
959 1679 983 1745 B
1070 1662 1149 1732 cipes
1166 1661 1510 1728 bellatorumuniversos
1526 1663 1724 1737 reliquiarum
1741 1671 1822 1734 luda,

153 1684 241 1794 nahts
259 1742 387 1793 metuere
402 1751 480 1803 cum,
497 1734 568 1789 dicit
585 1735 746 1791 Dominus:
1068 1735 1115 1804 qui
1134 1735 1241 1789 reversi
1258 1733 1542 1790 lueruntdecuuctis
1553 1740 1696 1808 gentibus
1707 1742 1743 1796 ad
1754 1759 1821 1813 quas

153 1810 223 1882 quia
238 1809 389 1865 vobiscum
404 1822 469 1863 suin
486 1822 551 1878 ego,
564 1811 596 1861 ut
611 1804 707 1863 salves
722 1805 826 1862 taciem
839 1822 900 1873 ves,
917 1809 946 1860 et
1068 1806 1184 1859 luerent
1199 1810 1265 1861 ante
1280 1805 1454 1876 dispersi,ut
1464 1805 1632 1865 habitarent
1642 1810 1671 1866 in
1684 1817 1763 1869 terra
1773 1813 1818 1869 Ju-

187 1897 288 1937 eruein
304 1881 340 1935 da
357 1895 446 1936 manu
463 1880 538 1947 ejus.
1032 1877 1069 1932 da
1079 1894 1086 1934 ε
1098 1877 1177 1932 viros
1189 1882 1228 1944 et,
1243 1875 1381 1932 mulieres
1392 1883 1430 1943 et,
1443 1878 1592 1950 parvulos,
1604 1885 1635 1936 et
1645 1882 1724 1940 filias
1739 1888 1815 1957 regis,

115 1952 151 2009 tit
174 1954 249 2009 dabo
265 1952 346 2008 vebis
365 1949 592 2019 misericordias,
607 1953 636 2004 el
660 1948 821 2005 miserebor
843 1946 943 2017 vestri,
1032 1954 1061 2004 et
1076 1964 1191 2004 omnem
1208 1948 1349 2015 animam,
1362 1965 1451 2021 quain
1468 1949 1629 2020 reliquerat

152 2028 182 2081 ct
196 2025 329 2079 babitare
346 2039 396 2078 ves
412 2020 516 2077 inciam
533 2021 562 2076 in
578 2026 656 2076 terra
670 2025 776 2076 vestra.
996 2018 1189 2077 Naburarden
1207 2019 1343 2092 princeps
1358 2020 1469 2077 militie
1484 2037 1552 2078 oiim
1568 2024 1693 2082 Godolia
1708 2026 1766 2083 filio

6 2132 14 2141 --
117 2097 146 2153 si
164 2100 261 2151 autem
278 2094 410 2150 dixeritis
425 2108 499 2147 iios:
1069 2091 1186 2146 abicam
1202 2091 1254 2147 sitii
1269 2092 1399 2164 Saphan,

154 2167 215 2223 Non
233 2166 434 2222 habitabimus
452 2165 480 2217 in
497 2168 575 2217 terra
590 2161 657 2229 istu,
1032 2166 1061 2217 el
1074 2163 1231 2219 Jeremlam
1249 2164 1469 2236 propbctnm‚et
1481 2165 1591 2221 Baruch
1610 2167 1705 2225 lilium
1722 2170 1808 2238 Neris,

153 2254 206 2295 nec
223 2237 378 2293 audiemus
389 2233 615 2291 vocemllomini
627 2233 676 2289 Dei
691 2233 941 2301 nostri‚dieeetes:
996 2236 1123 2308 ingressi
1153 2239 1223 2290 sunt
1250 2240 1358 2290 terram
1387 2237 1600 2309 AEgypti,quin
1624 2256 1683 2296 nen
1708 2242 1808 2299 obedie-

116 2309 321 2380 Nequaquam,
1067 2311 1138 2362 runt
1152 2306 1215 2361 voci
1231 2306 1347 2362 Domini
1364 2323 1371 2362 :

152 2382 204 2437 sed
221 2382 255 2436 ad
273 2385 380 2435 terram
395 2377 466 2449 AEgy
489 2376 508 2430 ti
527 2391 683 2448 pergemus
699 2393 705 2431 :
1031 2383 1060 2432 et
1073 2382 1215 2433 venerunt
1230 2395 1321 2451 nsque
1335 2379 1371 2434 ad
1387 2378 1528 2461 'Daphnis

151 2454 200 2508 ubi
213 2469 272 2508 neri
286 2450 454 2507 videbimus
469 2393 591 2513 hellam,
606 2519 612 2530 ¹
998 2449 1029 2504 ai
1045 2449 1139 2505 lactus
1154 2455 1199 2505 ast
1211 2467 1308 2506 sermo
1321 2450 1438 2506 Domini
1454 2451 1489 2506 ad
1505 2451 1665 2509 daramium
1681 2455 1711 2511 iri
1727 2455 1802 2529 Taph·

151 2528 180 2580 et
195 2523 361 2596 clangorem
377 2521 454 2576 tubas
470 2536 527 2574 non
545 2520 710 2587 audiemus,
1067 2521 1124 2587 riis,
1140 2521 1241 2577 dicens
1259 2537 1266 2577 :

150 2599 179 2652 et
193 2595 301 2651 lainem
319 2610 376 2649 nnn
393 2589 619 2658 sustinebimus,
994 2592 1083 2648 Sume
1100 2593 1211 2663 lapides
1227 2593 1354 2664 grandes
1368 2592 1397 2648 in
1415 2609 1502 2648 manu
1518 2597 1578 2659 tua,

150 2672 179 2724 et
195 2667 234 2722 ibi
250 2665 461 2723 habitabimus.
1030 2668 1059 2720 at
1075 2665 1238 2720 abscondes
1252 2680 1301 2720 ens
1317 2665 1346 2718 in
1363 2669 1465 2737 crypta
1479 2682 1545 2737 quie
1559 2669 1604 2722 eet
1619 2668 1676 2723 sub
1687 2668 1797 2725 murali·

115 2742 238 2812 Propter
252 2736 306 2794 hoc
322 2753 400 2793 nune
415 2735 514 2792 audite
527 2735 650 2791 verbum
667 2732 792 2800 Domini,
812 2731 942 2804 reliquie
1031 2735 1131 2791 tericio
1155 2737 1183 2791 ln
1214 2740 1298 2809 porta
1325 2736 1431 2792 demus
1447 2736 1609 2795 Pharaonis
1631 2739 1662 2796 in
1678 2740 1795 2814 Taphra,

74 2848 77 2853 -
186 2809 287 2868 luda:
1030 2807 1217 2862 cernentibus
1232 2808 1301 2864 viris
1315 2806 1449 2864 Judais:

113 2885 183 2937 Hae
198 2881 270 2937 dicit
284 2879 428 2936 Dominus
443 2876 637 2945 exercituum,
654 2875 731 2932 Deus
747 2874 837 2932 lsrael
853 2892 860 2932 :
995 2876 1028 2931 hi
1043 2879 1123 2933 diras
1136 2879 1172 2934 ad
1189 2895 1238 2936 eoa
1254 2895 1261 2934 ε

115 2953 145 3008 si
161 2952 316 3026 posueritis
332 2950 435 3007 laniem
451 2954 588 3017 vestram,
607 2953 638 3003 ut
653 2947 860 3020 ingrediamini
993 2953 1061 3006 Hzec
1075 2950 1144 3005 dicit
1161 2951 1301 3005 Dominus
1316 2949 1495 3006 exercituum
1511 2950 1589 3008 Deus
1605 2953 1692 3010 lsrael
1708 2972 1714 3010 :

186 3025 354 3096 AEgyptum‚
566 3090 571 3101 ¹
620 3089 625 3101 ¹
956 3044 977 3111 C
996 3020 1068 3077 Dece
1084 3037 1137 3093 ego
1152 3021 1278 3091 mittam,
1291 3027 1319 3078 et
1334 3038 1483 3078 assumam
1499 3024 1793 3083 Nabuchodonosorie·

152 3099 181 3150 el
195 3093 384 3159 intraveritis,
401 3096 433 3146 ut
447 3091 487 3146 lbi
504 3090 643 3146 habitetis
661 3105 667 3144 :
1068 3108 1132 3164 gem
1150 3093 1305 3164 Rabylonis
1321 3110 1437 3150 servum
1453 3112 1550 3150 meum
1569 3111 1576 3150 :

114 3165 248 3231 Gladius,
265 3181 351 3237 quem
367 3179 417 3218 vos
434 3163 609 3229 formidatis,
1026 3169 1056 3219 el
1071 3181 1177 3235 ponam
1193 3167 1332 3220 thronum
1349 3167 1413 3237 ejus
1426 3183 1515 3238 super
1530 3167 1642 3241 lapides
1656 3170 1792 3241 istosque

74 3275 77 3281 -
148 3235 430 3309 ihlcemprehendet
448 3232 543 3289 voain
560 3232 789 3305 terradigypti:
1063 3236 1214 3303 abscondi,

149 3312 178 3364 al
193 3310 295 3375 lamas,
313 3324 364 3377 pre
380 3322 439 3377 qua
454 3304 524 3361 estis
540 3304 670 3372 solliciti,
1027 3311 1056 3362 et
1069 3311 1180 3363 statuet
1195 3307 1301 3364 solium
1317 3324 1404 3364 suum
1420 3324 1510 3381 snper
1524 3325 1585 3366 eos.

148 3379 308 3435 adherebit
319 3378 401 3435 vobis
412 3377 446 3458 ¹in
459 3377 593 3449 AEgypte,
990 3376 1177 3450 Veniaesque
1193 3379 1335 3450 percutiet
1350 3385 1458 3437 terram
1473 3381 1589 3455 AEgypti
1606 3399 1613 3438 :

150 3450 235 3506 alibi
251 3449 430 3506 moriemini.
991 3451 1069 3516 Quos
1086 3450 1115 3504 in
1133 3457 1268 3518 mortem,

113 3522 282 3592 Omnesque
297 3520 350 3576 viri
366 3518 416 3592 qui
433 3522 595 3589 pesuerunt
624 3517 727 3574 faciem
749 3533 832 3573 suam
848 3518 939 3574 utin·
1027 3521 1056 3576 in
1073 3526 1197 3578 inertem
1215 3539 1221 3576 :

148 3593 507 3736 titlttitiettitta
990 3592 1381 3736 ⁸²ii⁰0⁰i⁸pllillllllf⁸¹⁰m⁹

147 3736 310 3793 morientur
324 3734 434 3808 gladio,
449 3737 479 3789 et
494 3701 580 3796 ieme,
594 3735 623 3787 et
637 3734 719 3804 peste
734 3747 741 3786 :
990 3736 1025 3792 Et
1041 3752 1114 3808 qnos
1130 3736 1160 3791 iii
1176 3708 1318 3809 gladiuhi,

113 3806 220 3867 Nullus
237 3809 274 3863 de
288 3807 331 3863 eis
348 3805 514 3863 remaneblt
1024 3807 1054 3862 in
1068 3807 1210 3879 gladium.

148 3896 201 3937 nec
216 3877 454 3952 effugietalaoie
468 3848 538 3932 mali
553 3874 631 3947 quod
661 3889 714 3946 ego
743 3874 863 3931 alierum
888 3891 938 3930 su·
989 3878 1025 3934 ill
1039 3880 1197 4006 sncceissdet
1205 3879 1310 4006 ¹ignam
1327 3881 1355 3935 in
1372 3879 1502 3936 delubris
1518 3880 1641 3937 deorum
1652 3878 1791 3953 AEgypli:et
1850 3874 1852 3881 '

202 3967 309 4008 areos.
1060 3967 1127 4006 euin
1153 3968 1202 4006 ure
1231 3968 1274 4018 en,

111 3970 257 4088 Oniaphec
270 4022 340 4079 dicit
364 4019 504 4076 Dominus
534 4016 716 4073 exercituum
731 4016 809 4072 Deus
824 4016 912 4073 lsrael
929 4033 936 4074 :
1024 4025 1054 4077 et
1068 4022 1200 4094 captivos
1214 4023 1301 4078 ducet
1316 4020 1382 4076 illos
1399 4039 1406 4078 ε

40 4130 45 4141 ·
110 4095 195 4152 Sicut
209 4095 353 4151 conllatus
368 4097 413 4148 est
429 4092 509 4146 luror
524 4105 617 4155 meus,
634 4093 662 4143 et
683 4088 846 4161 indignatio
872 4105 938 4146 mea
989 4094 1024 4148 Di
1038 4094 1194 4149 amiciatur
1209 4100 1286 4150 terra
1300 4094 1423 4166 AEgypti,
1440 4093 1517 4151 eleut
1545 4093 1685 4150 amicitur
1712 4096 1792 4168 paster

183 4182 272 4237 super
286 4165 464 4221 habitatores
476 4159 641 4218 Jerusalem
658 4178 665 4216 :
893 4231 899 4243 ¹
1060 4164 1149 4236 panio
1164 4182 1218 4221 900
1234 4182 1241 4220 :

109 4236 152 4292 sle
168 4237 346 4294 conllabitur
361 4232 524 4303 indignatio
541 4248 606 4288 mea
628 4247 716 4304 snper
730 4247 791 4299 vos,
808 4247 875 4287 cuin
892 4248 936 4286 in·
1059 4241 1088 4291 et
1102 4238 1266 4309 egredietur
1281 4237 1349 4292 inde
1364 4236 1394 4292 in
1410 4252 1491 4309 paee.

181 4309 275 4380 gressi
292 4306 404 4363 lueritis
414 4308 581 4377 AEgyptum,
988 4307 1022 4363 llt
1037 4313 1167 4365 conteret
1180 4313 1293 4365 statues
1308 4309 1414 4364 domus
1429 4308 1510 4376 solis,
1526 4325 1589 4381 qua
1605 4312 1677 4365 sunt
1692 4308 1720 4364 in
1735 4312 1792 4362 terra

146 4382 175 4431 et
187 4378 271 4434 eritis
286 4379 315 4434 in
329 4378 551 4449 jusjurandum,
615 4444 621 4457 ¹
780 4443 787 4456 ¹
949 4408 973 4474 D
1058 4380 1181 4453 AEgypti.

146 4454 174 4502 et
198 4449 227 4503 iii
251 4453 413 4523 stuperem,
427 4455 455 4505 et
470 4448 500 4504 in
516 4445 716 4517 maledictum,
732 4449 761 4501 et
779 4460 810 4501 in
826 4461 933 4518 oppro-
1024 4454 1053 4507 et
1068 4451 1191 4509 delubra
1202 4453 1321 4507 deorum
1336 4452 1450 4524 AEgypti
1464 4452 1616 4509 comburet
1629 4451 1700 4525 igni.

40 4572 43 4577 ,
182 4518 301 4575 brium:
501 4590 506 4602 ¹
570 4588 599 4601 ¹¹
750 4587 755 4599 ¹
989 4520 1066 4595 (Cep.
1083 4524 1193 4649 ΧΙᾸἭ
1210 4523 1440 4595 Verbum,quod
1458 4525 1566 4581 lactum
1591 4530 1638 4580 ael
1660 4541 1711 4596 per
1729 4521 1791 4577 lere·

144 4592 173 4643 ct
185 4605 372 4661 nequaquam
389 4591 466 4647 ultra
480 4590 618 4645 videbitis
634 4586 732 4643 locum
748 4590 849 4646 iatum.
1061 4595 1175 4651 misma
1203 4595 1439 4662 omnasludeos‚
1449 4595 1498 4667 qui
1512 4596 1686 4653 habitabant
1697 4596 1793 4651 interra

109 4657 237 4716 Verbum
253 4661 365 4716 Domini
382 4677 471 4729 super
484 4677 546 4729 vos,
561 4659 690 4731 reliquiis
704 4659 781 4716 luda
798 4675 805 4715 :
1059 4666 1162 4735 AEgyti,

111 4729 205 4816 Nolite
220 4731 330 4787 intrare
337 4733 499 4814 ¹AE¹gyptnm
518 4750 524 4786 :
897 4804 903 4815 ¹
1024 4734 1191 4794 habitantes
1204 4737 1231 4792 in
1248 4736 1392 4811 Magdala,
1409 4740 1437 4793 et
1451 4738 1481 4794 in
1496 4737 1635 4812 Saphnis,
1650 4743 1680 4795 et
1694 4738 1722 4792 iii

146 4806 273 4859 screntea
302 4806 403 4858 aciatis
418 4804 487 4875 quia
502 4804 667 4860 obtestatus
688 4816 752 4856 sum
768 4818 820 4858 voa
836 4802 933 4873 hodie,
1059 4809 1215 4882 Memphis,

145 4873 215 4946 quia
229 4872 386 4944 decepistis
402 4876 516 4931 animas
530 4879 652 4930 vestrae.
1024 4882 1052 4935 et
1065 4880 1093 4935 iri
1109 4885 1186 4938 terra
1201 4880 1356 4950 Phalerea,
1373 4881 1474 4938 dicens
1490 4900 1497 4938 :

109 4944 168 5003 Vos
182 4944 261 5029 enim
279 4943 662 5003 misieliemeadDeminum
678 4942 770 5000 Deum
786 4949 934 5014 nostrum,
988 4948 1054 5007 llaec
1069 4953 1139 5010 dicit
1155 4952 1298 5010 Dominus
1313 4953 1493 5010 exarcituum
1510 4953 1588 5009 Deus
1601 4951 1713 5008 lsrael:

182 5016 336 5099 dicentes:
477 5086 483 5099 ¹
987 5025 1047 5078 Vos
1059 5024 1173 5081 vidistis
1188 5041 1275 5082 omne
1290 5024 1401 5081 malum
1417 5025 1588 5096 istud,quod
1601 5024 1710 5081 adduxi
1724 5032 1795 5092 super

109 5088 167 5145 01⁸
181 5104 234 5161 1)Ρο
249 5087 335 5144 ¹¹⁰b¹⁸
350 5087 385 5170 ⁸5¹
402 5085 558 5142 D⁰ffl¹¹¹1¹ffl
573 5087 665 5169 1³⁰1?OE
681 5089 826 5170 nostruin,
1057 5094 1221 5153 Jerusalem
1237 5101 1265 5152 et
1281 5113 1370 5168 super
1385 5112 1488 5153 omnes
1502 5097 1590 5153 urbes
1604 5096 1620 5153 J
1625 5097 1684 5153 uda
1698 5113 1706 5152 :

144 5167 172 5218 et
192 5160 278 5232 juxta
291 5173 391 5216 omnia
405 5173 587 5230 quecunque
601 5159 710 5214 dixerit
724 5158 779 5213 tibi
791 5157 933 5217 Dominus
1022 5167 1051 5218 et
1066 5181 1131 5223 ecce
1147 5174 1217 5225 sunt
1232 5169 1353 5225 deserte
1370 5168 1466 5234 hodie,

164 5230 372 5313 ¹Deusnos¹ter
425 5297 431 5310 ¹
569 5297 575 5309 ¹
1023 5239 1052 5288 et
1067 5253 1123 5293 neii
1140 5245 1185 5296 est
1199 5241 1228 5295 in
1245 5240 1287 5296 eis
1303 5239 1468 5309 habitatore

142 5296 674 5384 Sicannuntianqhis,olfaciamus·
754 5367 761 5381 ¹
795 5369 802 5382 ¹
986 5310 1108 5378 Propter
1121 5311 1378 5383 malitiam,quam
1390 5312 1574 5380 sererentur
1588 5325 1636 5367 mc
1647 5310 1685 5367 ad
1697 5310 1796 5366 iracun-

108 5372 144 5429 ut
158 5372 318 5430 anunntari
333 5370 416 5429 vobis
430 5368 531 5440 hodie,
546 5373 576 5425 et
605 5384 663 5426 non
691 5367 820 5428 audietis
834 5387 933 5430 vocem
1058 5379 1138 5436 diam
1155 5389 1356 5454 provocarent,

179 5443 297 5528 Domini
312 5442 364 5529 D¹ei
379 5440 494 5525 vestri‚¹
602 5509 608 5521 ¹
629 5509 634 5521 ¹
1021 5452 1051 5504 et
1066 5450 1152 5519 irent,
1164 5459 1193 5510 et
1209 5455 1260 5529 (ill.
1276 5460 1319 5520 ut)
1333 5456 1541 5521 sacrificarent,
1554 5458 1584 5510 et
1598 5453 1730 5512 colerent
1742 5452 1800 5508 deos

108 5512 202 5585 Super
214 5530 360 5572 universis
374 5529 428 5586 pro
442 5510 554 5585 qulbus
568 5512 650 5567 mlflll
666 5524 714 5566 me
725 5509 762 5565 td
777 5527 836 5568 vot·
1058 5521 1180 5593 alienos,

106 5580 189 5641 Nunc
201 5600 270 5658 ergo
299 5585 426 5643 scientes
451 5581 552 5642 scietis
579 5580 650 5655 quia
677 5580 786 5654 gladio,
802 5582 889 5655 lame,
905 5590 934 5644 et
1021 5606 1095 5662 qnos
1122 5596 1290 5654 nesciebant
1303 5603 1333 5655 et
1347 5598 1402 5664 illi,
1418 5602 1447 5654 et
1464 5612 1526 5661 iios,
1540 5600 1571 5654 et
1598 5601 1702 5671 patres
1713 5590 1803 5661 vestii,

178 5660 261 5726 peste
275 5654 490 5743 morieminlin
506 5654 570 5713 loeo
693 5721 701 5736 ¹
822 5724 861 5740 Η
984 5661 1020 5723 itt
1034 5664 1103 5722 miei
1119 5667 1155 5725 ad
1170 5685 1222 5726 vos
1238 5686 1339 5728 omnes
1362 5687 1461 5729 servos
1484 5684 1565 5727 meos
1589 5665 1805 5745 prophetiale

128 5723 172 5780 sd
184 5740 277 5797 qoem
293 5727 571 5802 rolotsberntrare,
585 5729 620 5787 ut
633 5722 806 5785 babitaretls
820 5725 873 5785 ibi.
1057 5742 1142 5796 nocta
1156 5755 1349 5816 consurgens,
