3870 6120
183 375 237 430 6¹5
696 375 727 426 S.
748 372 953 428 fliueourtss
974 368 1101 426 ulvius
1119 370 1368 428 sistrormtca.
1832 374 1889 431 uit

186 519 275 560 manu
292 517 357 569 sua,
373 504 401 556 et
416 497 549 555 mittebat
566 514 631 554 eam
656 496 792 564 lebetem,
816 495 860 554 vel
883 496 913 552 in
942 494 1002 552 cai·
1019 496 1045 563 A
1061 494 1167 552 domus
1183 496 1275 569 patris
1292 497 1346 566 tui,
1363 501 1396 553 ut
1413 514 1469 555 non
1483 498 1521 556 sit
1532 515 1622 557 senex
1636 499 1665 556 in
1676 499 1765 557 domo
1780 503 1842 558 tua.
1855 504 1887 557 Et

184 590 309 658 dariam,
334 591 385 643 aut
407 587 437 641 in
453 585 552 654 ollam,
569 585 629 642 sive
642 586 671 641 in
688 587 899 644 cacabumtet
918 600 1004 641 omne
1059 583 1170 640 videbis
1189 584 1435 643 aaeulumtuum¹
1467 587 1496 644 in
1526 588 1645 662 templo,
1674 587 1706 644 in
1735 589 1883 648 universi,

184 679 261 751 quod
279 677 393 735 levabat
411 673 569 743 fuscinula,
586 674 711 732 tollebat
726 675 863 731 sacerdos
876 674 942 732 sibi.
957 673 1004 731 Sic
1059 673 1208 744 prosperis
1220 673 1320 744 Israel,
1336 679 1364 731 et
1387 692 1445 733 non
1461 675 1515 733 erit
1545 694 1633 735 senex
1647 677 1735 735 domo
1750 682 1805 736 tua
1819 696 1884 737 om-

180 765 325 822 laciebant
337 763 472 821 universo
485 763 583 820 israeli
592 764 774 821 venientium
790 765 820 820 in
834 763 1002 821 Siicbltiam
1059 762 1146 818 nibus
1162 762 1276 820 diebus.
1292 766 1503 823 Verumtamen
1521 784 1579 824 non
1604 768 1735 826 adieram
1765 770 1882 842 penitus

182 860 340 927 antequam
357 852 508 911 adolerent
522 852 650 926 adipem,
665 853 801 911 veniebat
817 870 888 926 puer
902 869 1001 909 sacer·
1058 850 1153 907 virum
1169 855 1245 908 exte
1260 853 1296 908 ab
1312 852 1396 910 altari
1414 871 1476 912 meo
1494 873 1500 912 ι
1517 857 1568 913 sed
1584 855 1626 930 [b.
1653 873 1711 913 nnn
1734 857 1837 930 babet]
1851 863 1883 916 ut

180 944 268 1014 dctis,
285 948 313 999 et
328 943 443 999 dicebat
457 939 621 999 immolanti
641 960 647 998 :
666 947 706 998 Da
722 942 792 999 mihi
814 958 944 1009 earnem,
970 945 1004 998 ut
1057 939 1194 997 deficiant
1218 941 1295 998 oculi
1317 944 1371 1015 tui,
1386 948 1416 999 et
1430 945 1561 1001 tabescat
1576 946 1674 1002 anima
1688 952 1751 1019 tua,
1771 953 1800 1004 et
1815 965 1882 1021 pars

181 1050 302 1107 ecquam
319 1030 462 1090 sacerdoti
475 1048 481 1087 :
494 1031 641 1087 nonenim
653 1030 795 1104 accipiam
807 1048 825 1087 a
839 1037 867 1088 te
883 1047 1001 1087 carnem
1018 1042 1025 1055 ‘
1056 1045 1165 1102 magna
1177 1030 1283 1087 domus
1294 1034 1351 1088 tua
1363 1032 1515 1106 morietur,
1529 1051 1596 1110 cum
1622 1036 1658 1092 ad
1675 1036 1732 1093 viri
1742 1036 1801 1094 lem
1815 1043 1882 1096 aeta.

180 1131 304 1193 coctam,
322 1123 371 1179 sed
398 1122 531 1178 crudam.
562 1119 738 1194 Dicebatque
754 1119 796 1176 illi
819 1119 999 1178 immolans:
1057 1122 1249 1195 tem'venerit.
1264 1122 1320 1178 lico
1336 1126 1433 1179 autem
1450 1125 1505 1179 erit
1519 1122 1572 1181 tibi
1588 1124 1705 1199 signum
1717 1127 1798 1201 quod
1810 1145 1880 1187 ven·

182 1214 358 1270 incendatur
374 1211 519 1285 primum¹
531 1210 616 1281 juxta
627 1227 736 1266 morem
753 1209 840 1266 bodie
855 1211 957 1282 adeps,
973 1213 1002 1266 et
1057 1211 1158 1264 turum
1169 1209 1285 1266 duobus
1301 1209 1453 1280 tiliis-tuis,
1470 1211 1565 1285 Opbni
1577 1218 1605 1270 et
1622 1213 1768 1273 Phineas:
1784 1217 1815 1274 in
1835 1218 1881 1275 (110

181 1304 249 1363 tolie
265 1305 315 1361 tibi
333 1307 597 1377 quantumcunque
612 1300 760 1358 desiderat
772 1301 871 1357 anima
883 1300 999 1366 losoni
1055 1312 1115 1352 una
1127 1297 1289 1355 morientur
1299 1299 1396 1355 ambo.
1407 1300 1602 1359 Dtsuseitabn
1611 1303 1683 1359 mibi
1695 1306 1880 1365 sacerdotem

180 1395 361 1467 respondens
385 1391 481 1448 aiebat
502 1389 528 1446 ei
554 1408 560 1446 :
586 1395 777 1462 Nequaquam
795 1408 801 1445 :
820 1406 897 1446 nune
920 1390 998 1446 enirn
1055 1385 1182 1455 lidelem,
1195 1387 1245 1460 qui
1257 1390 1342 1460 iuxta
1357 1405 1406 1445 cor
1421 1407 1518 1447 meum
1534 1394 1563 1447 et
1578 1390 1707 1450 animam
1724 1410 1824 1451 meam
1840 1396 1881 1454 ta-

180 1486 276 1551 Μὴν
292 1480 422 1554 ⁸¹i⁰q⁰l¹¹
439 1478 539 1535 mnam
554 1479 593 1534 Vl·
603 1478 673 1535 Elii
687 1491 915 1552 0ili⁰V⁰⁰³⁸i¹¹m
928 1495 998 1550 9¹¹0·
1053 1474 1120 1544 ῦῑᾶῑ,
1135 1481 1165 1533 el
1178 1477 1328 1534 adiileabo
1344 1478 1377 1534 ei
1391 1479 1513 1536 domum
1528 1479 1654 1551 fidelem,
1668 1486 1697 1539 et
1710 1483 1879 1543 ambulabit

180 1591 280 1634 rorum
296 1570 407 1645 grande
421 1568 510 1625 nimie
534 1583 631 1623 coram
656 1566 782 1624 Domino
806 1567 876 1640 qnia
900 1568 997 1624 detra·
1052 1564 1094 1637 [b.
1108 1570 1137 1621 et
1149 1566 1318 1638 ambulabo]
1328 1583 1426 1624 coram
1439 1568 1550 1626 cbristo
1561 1586 1625 1628 mec
1636 1573 1752 1629 cunctis
1763 1573 1879 1632 diebus.

179 1660 394 1733 bebantil'ulp.
407 1656 605 1727 retrahebant]
620 1655 755 1713 homines
780 1655 926 1713 sacrificio
941 1662 997 1713 Do·
1052 1658 1194 1711 Futurum
1212 1662 1256 1712 est
1282 1656 1359 1712 enim
1390 1662 1423 1713 ut
1448 1660 1616 1731 quicunque
1646 1661 1825 1719 remanserit
1849 1663 1878 1720 in

179 1748 251 1807 mini
267 1745 386 1805 Samuel
401 1751 497 1801 autem
526 1743 716 1800 ministrabat
744 1747 811 1799 anto
825 1743 928 1800 faciem
947 1745 999 1800 Do·
1053 1743 1140 1800 domo
1156 1748 1217 1812 tun,
1233 1744 1330 1801 veniat
1346 1750 1378 1801 ut
1392 1750 1492 1803 oretur
1505 1764 1558 1821 pro
1573 1764 1617 1817 eo,
1631 1752 1659 1805 et
1671 1750 1776 1808 oderat
1791 1768 1878 1810 num.

178 1839 262 1903 mini,
279 1852 361 1911 puer,
376 1832 525 1889 accinctus
539 1831 633 1905 ephod
648 1831 785 1901 lineosl.
798 1831 903 1905 IV.]lit
917 1832 997 1889 tuni·
1052 1848 1131 1888 mum
1162 1837 1345 1906 argenteum,
1376 1839 1404 1891 et
1429 1839 1535 1892 tortam
1565 1837 1650 1909 panis
1673 1837 1882 1910 [baenintut

178 1945 242 1986 eam
260 1941 379 2001 parvam
396 1922 520 1978 iaciebat
535 1921 559 1977 ci
577 1925 740 1986 matersua,
752 1938 841 1994 quam
858 1922 997 1979 ailerebat
1051 1920 1241 1992 adoreteum,
1253 1927 1281 1978 et
1292 1922 1416 1995 occipiat
1429 1924 1465 1981 ab
1478 1941 1511 1981 eo
1522 1933 1875 2002 nummumargentenm,

176 2017 297 2075 statutis
312 2014 428 2082 diebus,
444 2011 605 2068 ascendens
621 2027 687 2066 eum
703 2011 765 2066 viro
778 2011 997 2080 enuntimmo·
1049 2014 1198 2066 ettortam
1215 2012 1322 2084 panisl,
1352 2012 1638 2085 dicatque:Dimitte
1666 2018 1877 2086 manascere,

176 2103 387 2164 iarethostiam
404 2100 575 2157 solemnem.
592 2099 628 2154 ut
642 2100 791 2156 benedixit
804 2099 866 2156 Heli
884 2100 995 2157 Dicens
1050 2098 1085 2153 ad
1104 2116 1192 2154 unam
1209 2104 1320 2172 partem
1337 2101 1561 2170 sacerdotalem,
1579 2107 1611 2160 ut
1632 2107 1786 2163 comedam
1804 2107 1878 2165 buc·

177 2202 206 2254 et
234 2192 317 2251 uxori
347 2192 423 2261 ojus,
447 2188 578 2261 dixitque
607 2188 695 2261 [Vulp.
713 2186 996 2254 odaldei]:lieddat
1049 2185 1151 2242 celiam
1170 2190 1264 2260 panis.

176 2285 321 2343 Dominus
349 2280 399 2336 tibi
417 2295 516 2334 semen
546 2277 581 2334 de
607 2276 731 2334 muliere
761 2295 871 2351 ac,prc
897 2279 997 2335 tenore
1086 2276 1167 2348 [Gap.
1185 2277 1245 2348 tlt]
1257 2277 1331 2335 Puer
1345 2283 1443 2336 autern
1460 2278 1578 2338 Samuel
1603 2281 1794 2340 ministrabat
1819 2289 1881 2342 Do.

177 2373 255 2447 quod
271 2367 462 2427 commodasti
478 2366 612 2423 Domino.
628 2367 663 2422 ut
682 2366 817 2423 abierunt
845 2368 874 2423 in
899 2367 996 2424 locum
1052 2365 1131 2420 minc
1144 2382 1241 2421 eoram
1266 2367 1341 2436 Heli,
1357 2372 1386 2424 et
1407 2385 1504 2426 sermo
1523 2369 1635 2427 Domini
1651 2377 1714 2429 erat
1728 2373 1887 2445 pretiosus

176 2478 276 2518 suum.
293 2457 429 2515 Visiiavit
440 2471 508 2527 ergo
526 2455 668 2511 Dominus
680 2457 793 2511 Annam
811 2460 839 2512 et
854 2454 997 2529 concepit,
1051 2453 1080 2509 in
1094 2455 1198 2511 diebus
1214 2454 1284 2523 illis,
1301 2474 1359 2514 non
1375 2463 1438 2514 erat
1460 2458 1532 2515 visio
1557 2459 1714 2517 manifesta
1754 2462 1879 2520 Factum

177 2559 206 2610 et
220 2550 333 2625 peperit
346 2553 406 2604 tres
421 2544 507 2615 lilios,
522 2549 552 2601 et
567 2545 640 2601 duas
658 2544 743 2615 filios,
755 2546 997 2618 etmagniiicatus
1051 2549 1095 2599 est
1111 2561 1178 2618 ergo
1195 2544 1224 2601 in
1240 2546 1287 2602 die
1298 2547 1424 2619 quadam
1437 2546 1496 2604 Heli
1513 2549 1632 2620 Jacebat
1643 2551 1672 2605 in
1691 2549 1757 2608 loeo
1769 2568 1837 2623 suo,
1853 2558 1881 2611 et

176 2644 221 2700 est
236 2656 309 2713 puer
323 2635 441 2694 Samuel
458 2635 535 2709 apud
551 2633 719 2691 Dominum.
743 2634 804 2692 Heli
822 2640 919 2692 autem
936 2641 997 2693 erat
1051 2632 1127 2688 oculi
1154 2634 1218 2705 ejus
1233 2634 1441 2709 caligaverant,
1459 2653 1511 2693 nec
1527 2643 1641 2711 poterat
1654 2638 1755 2697 videre
1778 2638 1876 2699 lucar.

176 2747 266 2788 senex
278 2726 372 2795 valde,
384 2730 413 2782 et
423 2724 534 2781 audivit
550 2724 721 2796 omniaque
733 2723 877 2781 iaciebant
890 2724 995 2782 filiisui
1052 2737 1119 2778 nam
1131 2721 1181 2779 Dei
1197 2727 1355 2795 antequam
1369 2725 1606 2798 exstingueretur
1620 2726 1662 2798 [b.
1674 2731 1703 2784 et
1717 2734 1875 2802 antequam

176 2820 313 2878 universo
337 2813 438 2872 israeli
460 2831 467 2869 ε
488 2818 516 2869 et
541 2814 688 2886 quomodo
717 2812 901 2870 dormiebant
928 2831 995 2871 cum
1051 2808 1170 2868 lucerna
1181 2811 1230 2869 Dei
1242 2813 1628 2887 exstingueretur].samnel
1640 2818 1876 2876 autemdofmie.

177 2910 363 2978 mulieribus,
382 2922 446 2978 quae
460 2904 655 2961 observabant
670 2904 705 2959 ad
729 2904 838 2960 ostium
865 2905 998 2962 taberna·
1051 2900 1102 2956 bat
1117 2900 1146 2955 in
1163 2901 1271 2974 templo
1286 2902 1414 2972 Domini,
1432 2902 1480 2959 obi
1494 2909 1556 2960 erat
1571 2921 1639 2961 oren
1666 2905 1725 2962 Dei.
1742 2906 1779 2963 ut
1794 2924 1876 2965 voca·

178 3000 248 3063 culi,
264 3002 293 3054 et
307 2996 380 3053 dixit
395 2992 570 3058 eiszouare
591 2991 685 3048 tacitis
711 3009 756 3048 res
780 2992 997 3065 hujuscemodi,
1050 2990 1092 3045 vit
1107 2989 1249 3047 Dominus
1273 2990 1391 3047 Samuel
1422 2992 1465 3061 [Τ.
1482 2993 1570 3066 vrit]
1598 2993 1651 3059 Qui
1681 2998 1875 3069 respondens,

176 3106 251 3162 quas
265 3103 318 3161 ego
333 3084 420 3142 audio
431 3098 477 3139 ree
487 3081 642 3156 pessimae,
659 3082 694 3138 ab
711 3082 790 3138 omni
806 3082 930 3156 populo?
944 3084 998 3141 No·
1051 3079 1091 3135 ait
1106 3097 1113 3135 :
1131 3079 1202 3135 uoce
1216 3096 1280 3152 ego.
1297 3081 1331 3136 Dt
1346 3081 1478 3137 cucurrit
1492 3082 1528 3138 ad
1545 3081 1619 3152 Hali,
1640 3087 1669 3139 ct
1692 3083 1786 3140 dixit:
1804 3086 1874 3142 Eece

175 3179 237 3249 iiie,
255 3176 308 3233 filii
333 3174 408 3230 mei:
422 3170 570 3229 nonenim
590 3176 635 3227 est
650 3171 826 3240 bonafama,
839 3189 927 3245 quam
943 3189 996 3245 ego
1051 3185 1104 3241 ego
1121 3186 1127 3224 :
1143 3170 1252 3225 vocasti
1268 3170 1346 3225 enim
1373 3186 1429 3227 me.
1447 3170 1501 3237 Qui
1517 3171 1591 3227 dixit
1607 3188 1613 3227 :
1627 3172 1688 3230 Non
1706 3173 1819 3241 vocari,
1835 3190 1875 3232 re·

173 3267 273 3336 audio,
289 3270 322 3321 ut
333 3260 496 3335 transgredi
514 3260 626 3316 iacietis
647 3260 787 3333 populum
812 3261 940 3319 Domini.
965 3236 1032 3321 st
1052 3262 1171 3326 vertere,
1187 3259 1292 3315 dormi.
1311 3261 1345 3315 Et
1359 3259 1443 3328 abiit,
1474 3265 1502 3316 et
1531 3260 1677 3320 dormivit.
1709 3262 1744 3318 itt
1768 3263 1876 3336 adjecit

175 3353 337 3429 peccaverit
350 3351 394 3407 vir
407 3347 554 3416 invirum,
572 3347 680 3421 placari
697 3349 721 3404 ei
738 3355 833 3421 potest
851 3350 929 3407 Deus
946 3367 952 3408 :
969 3353 994 3409 si
1050 3346 1301 3404 Dominusvocare
1312 3365 1429 3404 rursum
1442 3348 1876 3427 Samuelem.Consurgensque

176 3450 273 3502 autem
289 3444 320 3500 in
335 3440 493 3498 Dominum
503 3437 664 3511 peccaverit
679 3436 732 3508 vir,
744 3439 813 3510 quis
834 3441 929 3497 orabit
943 3457 995 3514 pro
1050 3435 1180 3508 Samuel,
1190 3437 1263 3493 abiit
1273 3439 1308 3493 ud
1322 3437 1397 3509 Heli,
1413 3444 1442 3495 et
1453 3438 1548 3496 dixit:
1565 3440 1635 3497 lices
1646 3457 1712 3515 ego,
1737 3442 1809 3514 quia
1824 3459 1873 3501 vc·

175 3535 224 3592 eoi
235 3535 269 3590 lit
283 3549 340 3590 non
357 3529 515 3587 audierunt
530 3543 628 3584 vocem
650 3527 742 3600 patrie
757 3528 803 3585 sui
818 3529 889 3601 qnia
904 3530 996 3588 voluit
1048 3525 1122 3582 casti
1139 3541 1195 3581 me.
1211 3525 1264 3590 Qui
1281 3527 1433 3598 respondit
1449 3545 1456 3583 ε
1472 3526 1535 3584 Non
1565 3529 1664 3586 vocavi
1689 3536 1729 3602 te,
1754 3530 1797 3587 tili
1813 3530 1852 3589 rni
1868 3547 1876 3587 ε

175 3624 319 3680 Dominus
334 3618 465 3676 occidere
476 3619 724 3672 eosi’uerautem
736 3614 853 3672 Samuel
864 3617 995 3689 prolicie-
1048 3619 1190 3693 revertere
1205 3614 1311 3671 dormi.
1343 3614 1430 3673 Porro
1456 3615 1575 3674 Samuel
1607 3618 1734 3675 necdum
1760 3620 1874 3676 sciebat

174 3713 232 3781 irat,
249 3715 334 3782 atquc
344 3706 504 3775 erescebat,
516 3709 545 3761 ct
554 3703 688 3777 placebat
697 3709 756 3761 tam
775 3704 994 3780 Dominoquam
1049 3702 1316 3776 Dominum,neque
1328 3704 1473 3763 revelatus
1487 3706 1618 3763 iueratei
1629 3723 1727 3764 sermo
1746 3707 1878 3769 Domini.

175 3799 358 3859 bominibus.
380 3790 424 3859 [Τ.
446 3792 516 3865 tlt]
532 3792 619 3849 Venit
637 3796 734 3849 antem
749 3793 793 3852 vir
805 3794 852 3851 Dei
870 3795 904 3850 ad
923 3794 994 3869 ileli,
1048 3795 1082 3849 et
1097 3792 1202 3864 adjecit
1217 3799 1373 3863 Dominus,
1383 3800 1412 3851 et
1422 3795 1535 3852 vocavit
1545 3795 1635 3852 adbuc
1650 3796 1690 3869 [b.
1707 3814 1767 3855 non
1780 3798 1878 3873 babet]

173 3895 202 3948 et
217 3890 258 3945 ait
269 3888 306 3944 ad
321 3902 389 3943 enm
406 3902 413 3940 ι
430 3883 495 3941 Hac
510 3881 582 3938 dicit
596 3881 738 3938 Dominus
756 3900 763 3939 ε
782 3881 923 3956 Nunquid
936 3901 994 3942 non
1049 3880 1215 3938 Samuelem
1233 3882 1326 3939 tertio.
1339 3883 1391 3949 Qui
1408 3900 1602 3959 consurgens,
1615 3886 1687 3943 abiit
1702 3887 1737 3943 ad
1755 3886 1832 3955 Heli,
1845 3893 1876 3946 at

174 3983 273 4052 aperte
285 3974 432 4032 revelatus
447 3989 513 4029 sum
529 3971 629 4027 domui
646 3971 802 4044 patristui,
815 3989 882 4029 cum
895 3978 995 4032 essent
1049 3970 1368 4045 aitzilcceego,quia
1395 3974 1505 4031 vocasti
1536 3991 1593 4031 me.
1624 3975 1775 4033 intellexit
1788 3977 1880 4051 igitur

174 4067 203 4122 in
221 4067 343 4139 AEgypto
357 4064 384 4118 in
401 4063 488 4118 domo
519 4059 699 4116 Pharaonis?
724 4061 759 4117 Et
782 4060 855 4135 elegi
871 4079 939 4120 eum
960 4080 995 4121 cx
1051 4059 1110 4116 {leli
1123 4059 1191 4132 qnia
1205 4061 1347 4119 Dominus
1372 4067 1489 4119 vocaret
1512 4080 1649 4137 puerum,
1666 4069 1696 4121 et
1711 4064 1753 4121 ait
1768 4067 1805 4123 ad
1823 4066 1876 4123 aa·

174 4156 314 4212 omnibus
331 4153 467 4210 tribubus
495 4153 583 4208 israel
614 4149 685 4207 mihi
708 4149 736 4206 in
753 4152 946 4227 sacerdotem,
963 4158 995 4211 ut
1051 4148 1177 4207 moelem
1194 4167 1201 4206 ι
1217 4149 1309 4223 Vade,
1324 4151 1432 4220 dormi,
1449 4157 1478 4208 et
1492 4152 1518 4208 ei
1534 4154 1880 4228 deincepsvocaveritte,

175 4244 343 4301 ascenderet
357 4243 391 4299 ad
408 4240 499 4298 altare
510 4242 658 4311 meum,et
670 4238 797 4299 adoleret
811 4240 884 4298 mibi
895 4242 996 4301 incen-
1050 4239 1130 4297 dices
1147 4257 1153 4297 :
1171 4240 1311 4314 Loquere,
1327 4241 1461 4314 Domine,
1485 4242 1556 4316 quia
1575 4244 1658 4300 audit
1672 4261 1777 4304 gem,
1800 4250 1881 4304 mu„

174 4350 254 4401 sunt,
270 4337 300 4388 et
316 4335 444 4404 portaret
457 4327 552 4402 ephod
568 4345 665 4384 coram
683 4345 740 4397 me,
754 4338 781 4385 et
804 4330 870 4386 dedi
895 4332 996 4389 domui
1050 4330 1533 4404 AbiitergcSamuel,etdormivit
1545 4334 1573 4388 in
1588 4334 1651 4390 ioco
1672 4351 1738 4392 suo.
1756 4335 1803 4407 [Τ.
1821 4335 1881 4409 lx]

174 4422 266 4495 patris
281 4420 323 4476 [Vl
335 4420 479 4476 ⁰¹1¹¹¹l⁸d⁸
490 4417 642 4474 iaiilflillss
653 4416 780 4475 fl¹l⁰i¹¹¹1¹
793 4418 891 4476 lmel·
902 4421 997 4486 Quare
1052 4420 1086 4475 Dt
1099 4419 1181 4477 venit
1196 4420 1349 4493 Dominus,
1359 4426 1388 4478 et
1410 4421 1501 4492 stetit,
1512 4428 1541 4479 et
1553 4423 1676 4492 vocavit,
1701 4424 1781 4481 sicut
1793 4441 1883 4483 voca·

173 4509 398 4580 calceabjicitis
428 4509 520 4581 [i'ulp.
536 4506 697 4579 abjecistis]
714 4506 862 4564 victimam
890 4526 995 4583 meam,
1051 4509 1287 4577 remismundo,
1316 4506 1446 4580 Samuel,
1475 4508 1604 4566 Samuel.
1621 4513 1654 4566 Et
1677 4510 1881 4569 aitSamuel:

175 4595 1181 4679 etarranerameaquaepraeipi,utofferrenturintem-1)Loquere
1198 4596 1378 4668 [Vulpcdd.
1412 4596 1560 4671 Domine].
1589 4599 1660 4670 quia
1683 4599 1885 4658 auditam.

173 4688 235 4762 plo,
252 4693 281 4744 et
296 4688 391 4761 magis
407 4686 574 4742 honorastis
599 4683 761 4741 flliostuos
790 4702 879 4757 qoam
896 4704 953 4757 me,
971 4701 1005 4754 ua
1060 4683 1732 4745 tuus.utdixituominasadSamuelem:uoce
1743 4689 1885 4762 egotacio

174 4778 369 4836 comederetis
384 4777 531 4850 primitias
542 4776 639 4831 omnis
655 4775 791 4831 sacriiicii
803 4775 889 4833 lsrael
901 4782 1002 4853 populi
1057 4773 1178 4829 verbum
1190 4771 1220 4826 in
1233 4772 1421 4847 lsraelzqucd
1434 4775 1604 4848 quicunque
1613 4775 1885 4844 audtepiqunnpont

176 4869 232 4926 mei
245 4868 421 4940 lPropterea
434 4865 476 4923 ait
489 4863 630 4922 Dominus
646 4868 720 4921 Deus
734 4863 821 4921 Israel
838 4883 844 4920 :
862 4864 1003 4941 Loquens
1059 4860 1361 4931 ambaeauresejns.1n
1375 4862 1480 4920 dieillo
1491 4867 1640 4922 guflcpgpo
1651 4866 1809 4923 advenum
1821 4866 1883 4923 qen

172 4964 292 5031 loeutus
304 4958 423 5023 summi
434 4955 539 5010 domus
551 4954 755 5009 tuaetdomus
776 4953 869 5024 patris
881 4955 924 5012 tui
946 4958 1003 5015 mi.
1058 4948 1235 5019 omniaque
1251 4953 1365 5007 locutus
1381 4969 1445 5009 sum
1462 4970 1551 5026 super
1567 4954 1686 5011 domum
1701 4956 1769 5026 ejas
1784 4976 1792 5011 :
1810 4956 1885 5013 inni.

177 5051 319 5104 nistraret
333 5048 363 5100 in
379 5045 537 5114 conspectu
552 5056 618 5097 meo
629 5040 762 5114 usquein
774 5042 1002 5114 sempiternam.
1057 5037 1136 5109 piam
1153 5039 1181 5092 et
1196 5038 1359 5112 complebo.
1378 5041 1498 5098 Praedixi
1518 5042 1594 5099 enim
1604 5042 1630 5099 ei
1642 5043 1886 5116 quodjudicatu·

177 5136 262 5193 Nunc
279 5139 378 5191 autem
392 5129 464 5185 dicit
478 5128 622 5186 Dominus
638 5146 646 5187 ι
660 5130 745 5185 Absit
758 5129 814 5187 boc
828 5148 846 5187 a
861 5147 909 5187 me
925 5150 934 5190 a
949 5135 1002 5193 aed
1057 5144 1108 5183 rus
1123 5143 1218 5183 essem
1235 5128 1354 5184 domum
1370 5131 1435 5201 ejus
1446 5130 1476 5186 in
1489 5137 1630 5188 eternum
1643 5138 1765 5204 propter
1775 5133 1886 5206 iniqui.

178 5225 350 5300 quicunque
363 5217 636 5293 glorificaveritme,
651 5215 822 5289 glorificabo
837 5234 925 5292 eum3
950 5223 1002 5296 qui
1056 5220 1159 5284 utem,
1176 5232 1209 5273 co
1230 5217 1307 5289 qnod
1326 5223 1447 5275 noverat
1470 5220 1590 5291 indigne
1612 5236 1698 5289 auare
1711 5219 1791 5278 illice
1805 5237 1886 5292 saca,

176 5323 274 5372 autern
292 5310 485 5371 contemnunt
499 5320 557 5376 me,
571 5308 658 5362 erunt
671 5303 825 5377 ignobiles.
841 5310 914 5367 Bcce
938 5311 1002 5370 dies
1057 5309 1158 5361 otnon
1187 5305 1329 5378 corripuit
1343 5305 1441 5377 [Vola.
1463 5308 1649 5382 corripuerit]
1679 5323 1743 5366 ecs.
1774 5311 1887 5369 Idcirco

176 5406 310 5472 veniunt,
323 5392 683 5475 steresidsmbrsahivm
694 5396 790 5463 tvvm.
806 5396 1001 5460 economum
1052 5396 1151 5468 juravi
1167 5396 1352 5468 conuiuas,
1364 5397 1444 5471 quoa
1460 5414 1519 5455 non
1536 5398 1890 5474 expieturiniquinsdo-

211 5622 221 5656 ¹
239 5618 309 5677 (ted.
324 5613 503 5678 Veronensis
515 5611 674 5686 preciosum
690 5625 698 5667 ι
718 5608 749 5668 in
763 5606 885 5671 llebrec
908 5629 1001 5689 neque
1092 5614 1104 5649 ¹
1120 5613 1201 5671 idem
1216 5628 1272 5669 ms.
1283 5627 1292 5669 ι
1304 5610 1411 5669 Videbit
1427 5610 1553 5671 crutam
1565 5614 1706 5673 metesa
1714 5622 1807 5690 ussa,
1817 5620 1889 5686 ets..

174 5689 233 5746 boc
247 5694 301 5761 est,
317 5705 412 5763 neque
426 5687 500 5746 iliud
514 5684 648 5762 primum.
1057 5685 1136 5761 quod
1149 5684 1267 5742 videtur
1280 5681 1321 5758 pii
1333 5682 1508 5757 glossatoris
1522 5685 1772 5749 additamentum
