3870 6120
157 297 195 374 {a
894 305 1116 367 rnnnxrro.
1820 304 1863 364 so

32 460 37 469 ·
155 441 211 504 sed
225 438 444 520 conquirendi,
460 445 579 519 manta
592 436 734 501 maxima
748 438 781 499 id
797 438 865 500 Heri
879 438 1008 500 solertia
1028 437 1142 518 potuit,
1171 437 1375 499 vetustissimi
1405 454 1442 499 ac
1472 453 1554 516 pene
1581 434 1712 498 exsoleti
1723 456 1733 512 ;
1760 434 1864 516 iisque

156 544 224 601 tota
238 539 408 600 deserenda
422 537 604 615 auctoritas,
622 537 737 615 quihus
752 537 963 615 glossatorum
980 554 1091 597 manus
1107 536 1312 616 pepercerint.

196 637 360 716 Ejusmodi
384 635 481 697 libros
509 641 544 697 ut
572 635 668 715 longo
697 635 806 697 labore
834 641 931 714 atque
957 634 1106 713 indagine
1136 652 1173 695 ex
1202 634 1301 695 ltalire
1330 632 1541 706 bibliothecis,
1572 637 1651 713 quot
1666 631 1763 694 ferme
1777 651 1860 712 opus

155 740 246 796 erant
260 736 300 796 ad
316 752 381 795 rem
398 739 549 807 nostram,
566 733 875 814 comparaverimus:
894 734 1035 813 prolecto
1057 749 1152 813 quem
1183 730 1370 794 Veronensis
1398 730 1467 793 haec
1496 736 1604 793 nostra
1632 729 1862 810 suppeditavit,

156 852 283 895 omnem
312 838 346 892 ut
376 838 514 907 aetatem,
544 834 589 895 ita
617 841 648 894 et
676 833 856 913 opinionem
884 833 975 893 facile
989 837 1177 912 exsuperat:
1195 850 1288 910 quern
1305 838 1336 893 et
1351 836 1479 911 praestat
1495 830 1603 909 paucis
1618 830 1658 889 ad
1685 829 1863 909 periculum

155 932 333 992 iaciendum
349 930 536 1004 describere,
555 938 588 992 ut
603 938 634 993 et
648 932 727 994 alios
743 932 783 994 ab
799 950 835 993 co
851 932 996 993 aestimcs.
1022 930 1169 993 Continet
1198 930 1298 992 codex
1319 930 1377 991 iste
1392 934 1515 1007 Regum
1532 927 1640 1002 libros,
1657 945 1727 1006 quae
1756 928 1864 1006 potior

31 1041 34 1046 ·
155 1048 192 1090 ac
205 1029 401 1091 nobilissima
416 1031 588 1111 Scripturas
604 1051 676 1111 pars
691 1039 749 1102 est,
766 1037 831 1092 tam
844 1031 937 1093 certis
952 1038 1081 1110 tamque
1096 1031 1254 1110 germanis
1268 1030 1396 1091 intactae
1420 1028 1673 1107 Hieronymianae
1702 1028 1863 1089 versionis

156 1128 251 1200 uotis,
280 1132 316 1188 ut
344 1129 465 1189 caeteris
489 1136 639 1207 praeatare
667 1128 826 1204 omnibus,
854 1135 931 1208 quot
960 1147 999 1190 ex
1027 1131 1162 1208 Europae
1192 1126 1391 1190 bibliothecis
1414 1124 1566 1187 hactenus
1593 1125 1771 1201 innotuere,
1798 1143 1864 1186 nou

156 1224 309 1285 dubitem.
343 1225 527 1288 Membrana
555 1232 739 1307 compactus
768 1232 816 1288 est
843 1243 997 1307 perquam
1026 1226 1124 1299 tenui,
1153 1225 1284 1300 in-folii,
1314 1231 1349 1286 ut
1376 1229 1502 1297 vocant,
1528 1222 1696 1284 sedlermc
1716 1222 1867 1302 quadrati

156 1322 310 1384 formam:
341 1323 454 1384 litteris
481 1330 587 1386 autem
617 1324 802 1404 majoribus,
829 1324 939 1403 quales
968 1324 1000 1384 iu
1015 1324 1242 1403 antiquissimis
1271 1324 1411 1385 omnium
1436 1320 1625 1383 monmeutis
1640 1320 1864 1399 conspicimus,

157 1426 305 1482 exaratus
333 1440 366 1483 es
392 1427 490 1483 totus.
521 1422 682 1484 Interdum
725 1423 823 1484 ssaves
863 1429 959 1502 atque
997 1422 1096 1483 aciem
1134 1423 1297 1483 oculorum
1334 1421 1521 1499 effugientes
1549 1418 1668 1479 litteras
1697 1419 1857 1497 posterior

23 1572 43 1583 ..
158 1536 271 1579 manus
300 1519 391 1598 nigro
416 1519 509 1599 juxta
537 1525 657 1582 veteres
687 1521 800 1582 ductus
827 1526 1005 1582 atramento
1039 1520 1165 1592 iniecit,
1208 1537 1244 1580 ac
1270 1536 1350 1599 pene
1382 1517 1553 1578 exsoletam
1597 1522 1692 1595 atque
1732 1532 1865 1576 evanes-

159 1623 281 1677 centem
312 1623 400 1678 tanta
429 1623 585 1678 vetustata
612 1617 800 1697 scripturam
829 1617 1003 1680 renovavit.
1036 1617 1199 1678 Interdum
1227 1622 1259 1677 et
1281 1616 1397 1677 clarius
1425 1613 1589 1694 expressit,
1632 1612 1767 1674 maxime
1811 1615 1867 1675 nbi

57 1780 63 1797 ⁸
159 1719 339 1776 transversa
367 1733 502 1794 superne
525 1715 641 1777 lineola
668 1719 693 1778 ‘l'
723 1717 860 1778 litteram
893 1717 1048 1790 efformet,
1066 1715 1183 1796 quaein
1200 1715 1304 1794 priore
1320 1721 1395 1794 typo
1412 1712 1497 1775 haud
1514 1710 1648 1772 multum
1664 1711 1704 1773 ab
1719 1713 1730 1772 l
1747 1712 1865 1773 dillert.

159 1811 350 1892 Exemplum
365 1812 405 1873 ed
420 1813 487 1875 veri
500 1812 677 1875 laciendum
693 1813 788 1876 fldem
804 1813 864 1876 hoc
879 1813 1016 1876 hebeto:

230 2059 1334 2249 btrvrrrrsrrrnemllaterone
1378 2070 1750 2220 uroarrrtn‘

232 2241 631 2463 llfflffisffll
656 2265 1091 2444 etruscum
1137 2305 1792 2443 -Crecrxorrrrxrursrr

222 2427 648 2637 'UNSTCW
692 2439 1784 2650 “CObtssriassvplacnassisrahel.

432 2603 1133 2786 lrrrrrltsscrsarrrntrt.
1209 2639 1776 2821 lrr‘rp'lr'eoretacbrvt

198 2976 305 3039 Oratio
320 2973 446 3036 tametsi
460 2973 563 3035 omnis
577 2974 759 3035 continuata
773 2991 879 3034 rerum
894 2973 974 3034 serie
990 2973 1179 3046 continetur,
1197 2973 1318 3035 nullum
1334 2979 1370 3035 ut
1385 2978 1493 3053 pateat
1511 2974 1728 3050 interstitium,
1758 2992 1862 3053 neque

158 3074 191 3135 iu
207 3072 312 3153 capita
326 3076 379 3134 ant
396 3089 504 3132 versus
517 3070 702 3132 distributa:
721 3069 774 3131 nbi
787 3077 892 3131 tamen
908 3071 1064 3132 sententie
1077 3075 1133 3132 aut
1149 3070 1298 3150 periocha
1313 3071 1467 3151 insignior
1482 3071 1606 3144 desinit,
1635 3090 1735 3151 parvo
1764 3071 1863 3132 inter·

36 3188 39 3193 ·
157 3171 242 3233 vallo
258 3176 292 3231 ut
306 3169 476 3248 plurimum
492 3168 709 3247 intercipitur:
727 3169 812 3248 qnod
828 3168 966 3247 sequiori
979 3168 1163 3230 amanuensi
1176 3169 1280 3231 locum
1298 3169 1369 3230 lecit
1383 3168 1591 3249 depingendus
1604 3169 1651 3230 ibi
1664 3169 1862 3250 'interpunc-

157 3268 263 3345 tionis,
281 3273 317 3328 ut
331 3267 433 3341 libuit,
450 3272 545 3327 notre.
562 3265 797 3345 orthographia
813 3283 939 3345 quoque
954 3266 1089 3345 priscam
1106 3266 1225 3328 redolet
1240 3267 1416 3328 Latinitatis
1432 3268 1586 3328 rationem
1603 3273 1635 3328 et
1663 3267 1797 3328 formam
1829 3267 1861 3326 in

157 3365 261 3427 verbis
290 3364 426 3424 maxime
455 3361 647 3441 compositis,
677 3363 708 3423 in
736 3362 850 3441 quibus
872 3363 995 3442 integra
1023 3364 1204 3443 praepoaitio
1220 3371 1373 3436 servatur,
1391 3372 1426 3425 ut
1440 3371 1497 3437 est,
1516 3364 1696 3446 subputan,
1713 3364 1857 3444 adloqui,

108 3488 111 3493 ·
157 3471 254 3544 atque
269 3462 318 3522 his
333 3462 457 3522 similia.
474 3461 662 3522 Emendatio
677 3469 782 3522 autem
799 3468 829 3522 et
844 3463 919 3523 satis
934 3462 1116 3540 diligentem
1134 3464 1347 3542 antiquarium
1378 3464 1502 3543 probat,
1531 3471 1626 3542 atque
1654 3463 1691 3524 iis
1718 3464 1860 3524 scriben-

157 3569 222 3624 tem
240 3561 445 3639 temporibus,
462 3578 532 3638 quae
548 3559 666 3620 Latium
682 3560 786 3620 adhuc
801 3561 917 3638 linguae
932 3561 1065 3639 gloriam
1082 3562 1300 3622 sustinebant:
1319 3561 1344 3621 si
1372 3561 1450 3621 illud
1480 3561 1629 3640 excipies,
1662 3560 1746 3638 quod
1777 3579 1860 3639 saepe

160 3659 330 3721 accusandi
344 3675 451 3718 cesum
468 3675 524 3736 pro
538 3663 636 3730 sexto,
655 3663 749 3737 atque
766 3657 849 3718 huuc
864 3658 1000 3718 vicissim
1017 3677 1073 3738 pro
1089 3659 1142 3718 illo
1159 3659 1305 3720 adhibet:
1325 3659 1409 3737 quod
1443 3659 1547 3738 ipsum
1576 3662 1682 3718 tamen
1711 3658 1858 3718 verendae

140 3755 357 3834 ¹antiquitatis
384 3754 535 3816 indicium
565 3772 642 3829 csse,
670 3761 813 3817 notatum
841 3763 889 3816 est
916 3757 1016 3817 doctis
1045 3757 1119 3817 viris
1143 3776 1181 3818 ex
1197 3764 1337 3818 veterum
1353 3757 1640 3818 Grammaticorum
1659 3755 1858 3829 testimoniis,

159 3861 255 3935 atque
270 3852 349 3913 alias
361 3853 462 3925 nobis,
480 3851 535 3930 qui
550 3851 653 3912 locum
668 3852 758 3912 illum
774 3871 812 3913 cx
827 3853 989 3914 domestici
1007 3853 1147 3915 llusaeoli
1162 3855 1261 3915 nostri
1277 3856 1373 3916 veteri
1388 3854 1513 3916 ethnico
1531 3854 1623 3916 titulo
1655 3853 1857 3926 adduximus,

158 3953 265 4014 SINH.
282 3951 555 4012 ALTERITHUM.
572 3951 697 4010 ΑΝΙΜΙ.
717 3951 936 4012 LESIONEM.
954 3951 1024 4012 Uno
1040 3951 1135 4012 verbo
1151 3957 1270 4013 tantam
1287 3951 1360 4013 huic
1376 3951 1456 4014 libro
1486 3951 1653 4012 tribuimus
1681 3950 1859 4028 antiquita—

128 4106 132 4115 .
158 4057 234 4124 tem,
265 4055 300 4110 nt
326 4049 410 4109 iuter
439 4047 700 4126 Hieronymianos
728 4056 836 4127 parem
866 4066 933 4109 esse
962 4049 1093 4111 vitemus
1119 4050 1145 4111 ei
1175 4050 1352 4122 neminem;
1370 4056 1465 4131 atque
1479 4049 1524 4110 illi
1538 4049 1634 4110 etiam
1649 4048 1858 4128 praeieramus

159 4147 275 4226 saepius
289 4146 430 4220 laudato,
448 4146 503 4225 qui
519 4146 624 4207 Vitam
653 4150 684 4207 S.
702 4146 792 4206 Pauli
821 4146 966 4207 Hremitae
982 4148 1131 4220 continet,
1148 4153 1180 4208 et
1194 4154 1318 4209 constat
1333 4166 1370 4209 ex
1386 4147 1545 4209 consulari
1561 4145 1682 4226 epocha
1703 4144 1742 4206 ab
1773 4163 1861 4205 uma·

158 4261 276 4305 nuense
314 4243 476 4316 adnotata,
506 4243 636 4304 vixdum
665 4248 791 4305 centum
806 4262 872 4305 esse
888 4244 978 4305 annis
997 4244 1187 4326 Hieronymo
1203 4245 1427 4308 recentiorem:
1447 4251 1481 4306 nt
1495 4244 1580 4305 hunc
1595 4243 1686 4314 adeo,
1704 4261 1797 4322 quem
1814 4242 1861 4303 illi

160 4347 251 4402 aetate
266 4340 475 4420 praeferimus,
492 4341 638 4419 propiore
649 4342 753 4403 adhuc
765 4342 931 4403 intervallo
960 4361 979 4404 a
1007 4345 1039 4403 S.
1067 4343 1210 4405 Doctoris
1225 4362 1292 4405 aevo
1309 4361 1537 4405 removeamus.
1553 4341 1642 4410 Quod
1676 4358 1774 4420 porro
1788 4357 1859 4418 ger-

160 4453 286 4497 manam
316 4434 463 4497 exhibeat
491 4435 673 4515 Hieronymi
702 4438 960 4512 translationem,
990 4439 1165 4501 innumeris
1191 4440 1421 4519 propemodum
1449 4438 1644 4518 argumentis
1672 4435 1858 4508 evincimus,

160 4552 295 4614 quorum
325 4533 498 4611 insigniora
527 4533 686 4612 qnaedam,
714 4554 785 4615 quae
812 4556 851 4597 ex
865 4536 934 4615 ipso
950 4542 1097 4598 contextu
1114 4536 1248 4611 elucent,
1266 4537 1298 4596 in
1314 4537 1397 4598 uotis
1411 4537 1619 4616 proponimus
1641 4532 1859 4607 observanda:

96 4696 100 4703 ,
161 4649 245 4692 nuuc
260 4631 339 4692 illud
355 4631 441 4709 quod
456 4631 574 4710 petitur
587 4650 626 4693 ex
641 4638 708 4693 tota
723 4634 840 4695 codicis
855 4640 1025 4707 structura,
1040 4634 1226 4694 indicemus.
1244 4637 1286 4696 hc
1301 4635 1439 4715 primum
1454 4635 1486 4694 iu
1502 4635 1581 4697 duos
1597 4639 1720 4695 tautum
1748 4631 1858 4707 libros,

160 4747 294 4808 quorum
312 4729 392 4789 alter
405 4728 533 4790 Samuel
547 4730 738 4802 inscribitur,
758 4731 838 4791 alter
852 4729 1039 4803 Malachim,
1057 4736 1158 4792 totam
1177 4736 1354 4811 ltegnorum
1370 4732 1533 4794 historiam
1557 4732 1679 4806 tribuit,
1709 4729 1858 4789 nimirum

158 4832 194 4888 ut
210 4826 270 4888 lert
285 4827 476 4888 Hebraicum
492 4820 666 4908 exemplar,¹
682 4828 768 4908 quod
783 4830 992 4910 Hieronymus
1006 4829 1187 4902 affectabat,
1204 4836 1372 4910 monetque
1387 4831 1419 4892 in
1435 4831 1620 4911 praelatione
1636 4849 1655 4891 a
1670 4847 1703 4890 so
1731 4826 1859 4907 praesti-

158 4930 248 4986 tum:
281 4943 343 4986 nou
371 4931 407 4986 ut
434 4925 571 5004 Vulgata
600 4927 630 4987 iu
661 4933 809 5006 quatuor,
839 4928 1153 5006 quodanteaexrfov
1173 4930 1248 4990 LXX
1279 4929 1448 5007 partitione
1463 4927 1636 4989 obtinebat.
1653 4925 1772 4988 Deinde
1787 4942 1859 4985 cum

156 5022 272 5085 veteris
286 5028 360 5083 ante
374 5023 600 5102 Hieronymum
617 5025 778 5087 divisionis
796 5025 1129 5104 monereantiqnarins
1143 5026 1255 5100 voluit,
1273 5026 1333 5087 hoc
1348 5028 1416 5107 ipso
1441 5027 1563 5086 monuit
1592 5030 1787 5101 testatusque
1814 5025 1863 5081 est

48 5140 51 5147 ·
158 5120 345 5190 luculenter,
390 5139 485 5201 quam
529 5123 756 5200 perscribebat,
798 5123 1075 5204 Hieronymianam
1117 5125 1292 5186 versionem
1335 5143 1412 5186 esse.
1453 5123 1546 5184 Initio
1590 5123 1661 5183 libri
1690 5121 1775 5200 apud
1804 5135 1862 5179 uos

157 5219 300 5292 secundi,
337 5218 461 5279 iniectis
491 5219 589 5281 minio
629 5221 786 5299 prioribus
813 5223 927 5296 verbis,
969 5220 1099 5282 Factum
1128 5230 1184 5298 est,
1217 5242 1234 5284 o
1268 5222 1395 5301 regione
1433 5222 1610 5296 adnotavit,
1650 5220 1688 5280 In
1717 5217 1861 5296 critiquis

158 5314 386 5398 exerrrplaribns
415 5313 467 5374 hic
496 5316 609 5397 incinit
636 5312 716 5378 liber
744 5319 909 5379 secundus.
941 5322 1051 5397 Neque
1080 5339 1154 5381 vcro
1170 5321 1312 5399 entique,
1329 5319 1545 5380 nisiadnovae
1571 5317 1724 5379 versionis
1751 5331 1861 5393 respe-

26 5492 42 5505 ..
158 5420 255 5489 etum,
273 5412 467 5493 oxernplaria
496 5414 634 5474 diceret:
665 5435 767 5494 neque
795 5418 856 5477 alia
880 5422 948 5477 tum
976 5423 1124 5496 poterant
1151 5426 1206 5479 aut
1234 5417 1364 5494 antiqua
1379 5417 1544 5496 appellari,
1563 5417 1621 5477 nisi
1650 5411 1861 5494 quapridem

159 5510 371 5586 obtinuerant,
403 5529 440 5571 ex
471 5513 579 5571 Grmco
609 5512 762 5587 derivata,
794 5521 847 5575 aut
876 5514 939 5575 ulia
966 5534 1058 5591 nova,
1087 5533 1183 5595 quum
1212 5533 1283 5593 quae
1308 5514 1427 5576 dudum
1442 5533 1481 5576 ex
1497 5515 1630 5576 Hebraeo
1645 5517 1677 5575 S.
1695 5517 1789 5574 Pater
1803 5527 1862 5570 ex-

157 5606 300 5669 cuderet.
331 5609 469 5690 idipsum
499 5607 656 5672 adlocum
688 5610 741 5670 ubi
769 5617 901 5690 quartus
929 5612 1009 5674 liber
1035 5612 1144 5692 incipit
1160 5613 1192 5674 iu
1219 5612 1521 5691 l'ulgalis,fortasse
1543 5617 1648 5674 autem
1665 5606 1861 5671 manifestius
