3870 6120
105 194 175 261 toiri
626 194 658 249 s.
680 195 884 251 niaaoiiiiii
900 197 1029 251 uivma
1046 191 1294 251 eremmanos.
1754 195 1816 253 ioic

140 335 171 388 et
184 329 289 386 vestita
304 344 336 384 es
350 328 438 401 bysso
451 329 479 383 et
495 323 648 397 polymito,
663 324 695 376 et
711 320 814 377 multis
828 320 933 379 colori·
950 322 977 389 Α
1064 318 1223 376 nicandum
1238 323 1347 402 tecum.
1622 392 1629 405 ι
1785 395 1792 407 ·

177 403 235 457 bus
252 418 259 455 ε
993 392 1173 463 Factumque
1187 395 1232 446 est
1247 407 1277 446 iii
1293 397 1321 446 te
1335 393 1436 447 contra
1454 392 1706 449 consuetudinem
1722 393 1823 451 molie-

18 480 21 487 '
105 473 251 540 similam,
270 470 381 537 etmel,
399 472 426 524 et
441 467 538 524 oleum
554 465 719 531 comedisti,
1064 477 1131 519 rum
1146 461 1177 517 iri
1192 461 1436 518 fornicationibus
1451 462 1521 534 tuis,

144 554 171 601 et
186 545 292 600 decora
307 542 386 596 facta
401 556 432 596 es
446 539 635 596 vehementer
650 538 740 594 nimia
756 553 763 592 :
1028 538 1058 590 et
1072 537 1180 606 postte
1195 549 1254 590 non
1268 537 1326 590 erit
1334 534 1492 616 fornicatio
1508 552 1515 590 :

144 621 173 674 et
186 612 336 686 profecisti
351 611 381 668 iii
397 627 532 682 regnum,
995 608 1026 663 tu
1041 621 1075 662 eo
1090 604 1169 687 enini
1184 605 1262 687 quod
1274 604 1382 662 dedisti
1394 606 1587 678 mercedes,et
1602 608 1760 665 mercedes
1771 625 1823 666 non

145 693 173 744 ct
188 699 342 758 egressum
357 687 402 739 eet
417 698 523 739 nomen
542 685 627 737 tuum
643 680 673 737 iii
699 683 802 753 gentes
817 683 939 752 propter
1066 681 1222 759 accepisti,
1425 748 1431 760 ·

182 756 309 830 speciem
324 758 406 810 tuam
423 769 430 809 :
1033 748 1142 804 factum
1158 752 1203 803 est
1215 763 1245 803 in
1261 750 1290 804 te
1304 751 1496 805 contrarium.

146 830 217 902 quia
231 828 359 900 perlecta
372 842 437 882 eras
450 824 480 879 iii
506 823 611 880 decore
633 839 708 890 meo,
725 838 814 895 quem
829 837 936 894 posuc-
995 820 1161 903 Propterea,
1177 818 1326 902 meretrix,
1344 820 1413 876 audi
1427 820 1549 877 uerbum
1566 821 1703 879 Domini.

183 916 244 956 rain
261 914 350 968 super
366 905 402 966 te,
416 896 487 951 dicit
503 894 645 950 Dominus
661 894 738 949 Deus
754 911 761 949 :
994 895 1062 974 Hac
1076 890 1148 946 dicit
1161 890 1305 947 Dominus
1320 897 1396 948 Deus
1413 907 1421 947 r

112 974 148 1028 lit
162 971 275 1028 habens
289 970 427 1025 fiduciam
443 967 473 1022 in
489 966 709 1039 pulchritudine
724 965 937 1037 tua,fornicata
995 964 1070 1027 Quia
1084 960 1208 1018 effusum
1224 967 1324 1046 estas
1338 967 1436 1046 tuum,
1521 1038 1528 1047 .
1647 1036 1653 1047 ι
1711 1036 1718 1049 ο
1763 1037 1770 1049 ἱ

183 1059 215 1099 es
230 1043 259 1096 iii
276 1041 395 1096 nomine
409 1042 459 1094 tuo
476 1054 483 1092 ε
1032 1039 1061 1090 ct
1076 1033 1202 1089 revelata
1215 1039 1259 1089 est
1274 1050 1436 1106 ignominia
1451 1039 1504 1091 tua
1520 1052 1550 1090 iii
1576 1035 1824 1094 fornicationibus

148 1120 177 1170 ct
193 1110 354 1184 exposuisti
379 1109 601 1166 fornicationem
623 1113 705 1164 tuam
721 1108 802 1164 omni
828 1114 939 1164 transc·
1068 1104 1126 1160 tuis
1141 1120 1230 1175 super
1244 1111 1390 1162 amatores
1404 1113 1483 1171 tuos,

185 1184 261 1248 unti,
279 1187 312 1238 ut
326 1184 390 1255 ejus
407 1182 503 1236 fieres.
997 1181 1026 1233 ct
1041 1191 1130 1247 super
1144 1176 1224 1232 idola
1238 1177 1489 1235 abominationum
1502 1182 1622 1234 tuarum
1637 1180 1667 1235 iii
1683 1181 1824 1254 sanguine

14 1300 20 1313 .
112 1255 148 1315 Et
162 1268 284 1313 sumens
299 1254 335 1308 de
359 1252 543 1308 vestimentis
560 1248 630 1318 tuis,
644 1250 740 1307 fecisti
757 1250 809 1306 tibi
824 1247 941 1306 excelsa
1069 1246 1195 1303 liliorum
1215 1253 1344 1317 tuorum,
1360 1266 1435 1321 quos
1450 1249 1556 1306 dedisti
1573 1252 1617 1307 eis
1634 1267 1641 1305 ε

186 1324 337 1383 hincinde
352 1328 475 1381 consuta
492 1339 498 1378 :
997 1319 1136 1390 presago
1152 1321 1454 1403 congregabo-omnes
1470 1326 1618 1378 amatores
1635 1324 1824 1395 tuos,qoibus

150 1393 553 1468 etiornicataessupereis.
1068 1395 1224 1446 commista
1238 1406 1312 1474 esa
1365 1463 1371 1475 ι
1406 1464 1412 1475 ι
1637 1465 1643 1476 ,

151 1472 228 1527 sicut
242 1485 300 1524 non
315 1471 359 1522 eet
375 1467 495 1536 factum,
511 1480 607 1535 neque
620 1464 752 1533 futurum
768 1469 823 1520 est.
1033 1465 1061 1516 et
1076 1477 1178 1518 omnes
1193 1479 1268 1534 quos
1284 1462 1495 1533 dilexisti,cum
1514 1464 1662 1522 universis
1679 1468 1824 1539 quosode·

115 1540 257 1599 attulisti
272 1554 342 1595 vasa
356 1537 469 1595 decoris
484 1536 527 1592 tui
542 1537 578 1592 de
593 1552 664 1592 auro
690 1551 755 1593 meo
770 1541 799 1591 et
819 1540 940 1609 argento
1069 1550 1117 1589 ras
1133 1549 1139 1588 :

188 1628 264 1678 meo,
280 1626 345 1682 quae
360 1610 426 1667 dedi
442 1608 495 1664 tibi
512 1624 519 1664 :
998 1604 1031 1659 Et
1046 1605 1229 1677 congregabo
1245 1621 1294 1661 ecs
1309 1611 1439 1690 superte
1454 1607 1595 1679 undiquc,

153 1688 182 1740 et
196 1682 289 1739 fecisti
306 1681 358 1737 tibi
373 1680 519 1753 imagines
535 1677 725 1746 masculinas,
957 1697 981 1763 B
1032 1681 1062 1730 et
1078 1677 1195 1759 nudabo
1210 1675 1404 1748 ignominiam
1420 1685 1618 1761 taiamtcoram
1634 1681 1691 1749 eis,

153 1759 182 1811 et
197 1754 339 1811 fornicata
354 1768 386 1808 es
400 1754 431 1808 ia
442 1751 494 1808 eis.
1033 1747 1217 1803 stridebunt
1232 1764 1349 1804 omnem
1365 1755 1414 1805 tur
1437 1751 1580 1807 itudinem
1597 1760 1690 1808 tuam.

119 1827 153 1882 iti
167 1824 323 1951 sumpsisqp
337 1824 511 1886 vestimenta
526 1827 577 1879 tus
601 1821 850 1893 multicoloriajet
863 1839 942 1894 ope·
998 1822 1032 1873 m
1041 1818 1181 1902 judicalip
1191 1819 1345 1891 tejudiciis
1357 1767 1557 1878 adulterarum
1569 1828 1599 1881 et
1608 1825 1817 1884 effundentium

190 1897 276 1953 ruisti
291 1895 300 1951 i
326 1913 382 1953 as:
1069 1906 1246 1963 sauguinem
1263 1908 1270 1947 :

119 1972 147 2023 et
161 1967 257 2025 oleum
273 1983 383 2039 meum,
398 1970 426 2022 et
449 1965 605 2023 thimiama
620 1981 720 2022 meum
745 1965 871 2036 posuisti
895 1981 943 2021 co·
1034 1964 1063 2017 et
1077 1962 1153 2018 dabo
1170 1967 1199 2045 te
1212 1962 1240 2017 iri
1257 1963 1432 2035 sanguinem
1449 1965 1557 2022 furoris
1572 1974 1599 2023 ei
1615 1966 1683 2024 aeli.

190 2055 254 2095 ram
270 2039 323 2095 eia.
998 2032 1033 2088 Et
1047 2033 1122 2088 dabo
1137 2037 1164 2089 te
1179 2050 1208 2088 in
1225 2051 1331 2090 manas
1346 2051 1459 2103 eorum,

119 2112 152 2164 m
167 2126 272 2180 panem
288 2124 397 2178 meum,
414 2122 500 2178 quem
519 2107 584 2162 dedi
601 2107 667 2171 tibi,
1034 2108 1063 2159 et
1078 2106 1230 2160 destruent
1245 2104 1369 2177 lupanar
1383 2111 1467 2162 tuum
1485 2123 1492 2163 τ

153 2180 295 2247 similam,
311 2185 338 2235 et
353 2178 459 2249 oleum,
475 2183 504 2233 et
519 2177 586 2246 mel,
603 2178 711 2249 quibus
726 2176 851 2234 enutrivi
868 2181 906 2246 te,
1034 2181 1063 2230 et
1076 2175 1273 2232 demolientur
1287 2178 1483 2247 prostibulum
1499 2184 1585 2235 tuum
1602 2196 1610 2237 t

156 2251 280 2324 posuisti
306 2249 437 2314 (Atodd.
462 2251 505 2320 sa)
535 2248 565 2303 in
594 2255 753 2322 conspectu
782 2248 942 2317 coruinin
998 2250 1032 2301 Et
1046 2248 1241 2304 denudabunt
1255 2254 1283 2303 te
1298 2250 1483 2305 vestimentis
1498 2251 1569 2320 tuis,

190 2324 309 2378 odorem
325 2320 488 2386 suavitatis,
1034 2324 1062 2374 ct
1077 2319 1210 2374 auferent
1222 2336 1292 2375 vasa
1306 2321 1420 2376 decoris
1434 2322 1477 2376 tui
1494 2338 1501 2377 r

156 2399 184 2449 ct
200 2395 308 2449 factum
324 2397 379 2458 eet,
396 2391 437 2447 ait
450 2390 592 2447 Dominus
608 2391 692 2447 Deus.
1035 2395 1063 2445 et
1079 2388 1282 2463 derelinquent
1305 2396 1334 2448 te
1360 2393 1471 2449 nudam
1496 2392 1675 2469 plenamque
1699 2397 1809 2468 ignomi-

119 2465 156 2520 itt
170 2465 262 2521 tulisti
278 2462 355 2521 illios
369 2468 446 2530 tuos,
463 2466 492 2518 et
506 2461 583 2518 filias
601 2465 679 2531 tuas,
697 2478 770 2534 quas
795 2463 942 2535 generasti
1070 2461 1119 2516 nia
1135 2479 1142 2518 :

193 2534 265 2591 mibi
281 2551 289 2591 ε
998 2532 1034 2588 Et
1047 2533 1193 2588 adducent
1207 2537 1336 2605 superte
1352 2533 1585 2605 multitudinem,

156 2610 185 2662 et
201 2604 361 2662 immolasti
376 2603 419 2661 eis
434 2604 470 2660 sd
486 2604 696 2661 devorandum.
1033 2608 1061 2659 et
1077 2603 1250 2674 lapidabunt
1264 2611 1293 2660 te
1307 2603 1467 2676 lapidibus,

120 2678 258 2749 Nunquid
275 2692 363 2749 paria
376 2683 420 2731 est
433 2675 586 2732 fornicatio
601 2676 675 2732 tua‘l
1033 2680 1061 2730 et
1076 2675 1267 2731 trucidabunt
1280 2680 1309 2731 te
1323 2677 1429 2749 gladiis
1443 2677 1516 2734 suis.

156 2747 317 2806 immolasti
334 2747 388 2816 (At.
403 2745 596 2818 immolantis)
612 2747 688 2803 tilios
704 2750 828 2818 meamet
843 2748 941 2804 dedis·
997 2746 1033 2801 Et
1048 2748 1331 2804 comliurentdomos
1345 2755 1412 2805 tuas
1426 2749 1497 2821 igni.

191 2820 224 2889 ti,
241 2818 307 2876 ilios
321 2833 508 2885 enumerans,
525 2818 577 2875 eis.
1034 2818 1228 2874 efficientia
1244 2824 1274 2874 te
1285 2819 1401 2891 judicia
1417 2822 1445 2875 in
1468 2820 1562 2878 oculis
1587 2822 1743 2880 mulierum
1758 2826 1808 2898 plu·

121 2891 157 2947 m
171 2894 236 2964 post
250 2906 352 2947 omues
363 2889 596 2946 abominationes
607 2897 671 2945 tuas
684 2894 712 2945 et
722 2889 941 2957 fornicationes,
1069 2889 1211 2971 rimarum
1227 2906 1234 2945 :
1337 2960 1343 2972 ·

191 2977 249 3018 non
265 2977 297 3018 es
311 2961 464 3017 recordata
479 2961 592 3016 dierum
609 2959 815 3017 adolescentiae
831 2966 896 3028 tuae,
1032 2963 1061 3014 et
1075 2960 1193 3016 desines
1209 2961 1355 3029 fornicari,

158 3032 276 3103 quando
290 3048 354 3087 eras
368 3033 456 3097 nuda,
473 3037 502 3089 et
516 3032 688 3088 confusione
708 3031 804 3104 plena,
821 3033 940 3088 concul-
957 3060 979 3126 C
998 3036 1062 3157 Eet
1077 3033 1225 3087 mercedes
1242 3032 1320 3090 ultra
1335 3049 1391 3088 uoii
1409 3033 1503 3092 dabis.

194 3108 258 3157 cata
273 3102 302 3157 in
318 3103 531 3173 sanguinetuo.
1024 3107 1035 3157 t
1049 3103 1209 3173 requiescet
1223 3103 1387 3177 indignatio
1404 3121 1469 3161 mea
1484 3107 1513 3161 in
1532 3111 1580 3163 te:

120 3176 156 3227 Et
171 3173 278 3228 accidit
293 3178 359 3243 post
371 3189 487 3229 omnem
502 3173 644 3229 malitiam
659 3177 741 3229 tuam
1035 3178 1063 3238 et
1079 3176 1229 3231 auferetur
1242 3173 1320 3231 aelus
1337 3193 1420 3232 meus
1437 3195 1454 3232 a
1469 3181 1507 3245 te,
1522 3183 1551 3234 et
1566 3178 1717 3250 quiescam
1732 3198 1738 3237 :

157 3244 220 3314 (via,
236 3260 277 3298 vs
293 3244 358 3307 tibi,
375 3244 416 3299 ait
431 3244 574 3301 Dominus
591 3246 687 3315 Deus),
1034 3261 1087 3300 nec
1103 3245 1213 3302 irascar
1228 3247 1366 3319 amplius.

120 3315 156 3369 Et
169 3313 320 3369 aedificasti
335 3314 387 3369 tibi
400 3316 534 3387 lupanar,
999 3315 1037 3370 ao
1054 3318 1130 3388 quod
1147 3334 1206 3374 non
1222 3318 1311 3374 fucris
1328 3319 1477 3375 recordata
1488 3319 1603 3376 dierum
1620 3323 1804 3381 adolescentie

157 3383 292 3439 effecisti
309 3384 363 3439 tibi
378 3385 575 3456 prostibulum
590 3386 621 3440 ia
638 3387 752 3442 cunctis
768 3386 882 3458 plateis.
1069 3392 1125 3443 tua
1143 3405 1150 3442 :

122 3453 166 3508 ild
180 3469 265 3509 omne
280 3461 367 3526 caput
380 3455 432 3511 vire
446 3455 739 3528 edificastijfsignum
759 3457 944 3529 prostitutio·
1033 3462 1061 3513 ct
1076 3459 1236 3531 provocasti
1253 3477 1299 3516 me
1314 3461 1342 3515 in
1360 3462 1497 3517 omnibus
1512 3462 1569 3517 bis.

195 3525 241 3580 ais
256 3529 323 3591 tus,
998 3529 1180 3602 Quapropter
1194 3536 1222 3586 et
1237 3548 1289 3601 ego
1305 3533 1367 3588 vias
1382 3538 1448 3588 tuas
1463 3534 1492 3588 in
1509 3536 1603 3605 capito
1620 3541 1670 3593 tuo
1686 3539 1759 3606 dedi,
1772 3538 1801 3593 ait

159 3597 189 3649 et
203 3593 430 3651 abominabilem
446 3596 541 3653 fecisti
555 3598 687 3654 decorem
702 3602 787 3654 tuum
803 3615 811 3654 r
1071 3602 1212 3658 Dominus
1233 3602 1321 3673 Deua,

124 3665 160 3720 m
174 3665 300 3722 divisisti
336 3667 405 3723 edes
419 3673 486 3725 tuos
499 3668 579 3725 omni
595 3669 771 3738 transeunti,
1033 3678 1062 3729 et
1075 3690 1132 3729 riori
1150 3674 1202 3728 feci
1215 3674 1300 3743 juxta
1316 3673 1493 3732 scelera'tua
1508 3676 1536 3732 iri
1554 3680 1696 3736 omnibus
1710 3681 1803 3737 abania

160 3739 190 3791 ct
206 3683 410 3808 multiplicasti
425 3739 632 3797 fornicationes
646 3745 723 3797 tuas.
1069 3745 1240 3800 nationibus
1255 3746 1325 3801 tuis.

124 3805 160 3861 m
174 3806 316 3864 fornicata
330 3824 362 3865 es
377 3824 443 3865 cum
459 3809 529 3867 tiliis
551 3811 666 3884 AEgypti
689 3811 793 3868 vicinis
809 3813 869 3870 tuis
885 3831 945 3871 rna·
997 3814 1069 3871 lices
1083 3817 1179 3872 omnis
1193 3816 1243 3888 qui
1258 3817 1328 3873 dicit
1343 3814 1429 3888 vulgo
1445 3820 1648 3892 proverbium,

194 3894 320 3950 gnarum
336 3881 468 3936 carnium
486 3897 493 3938 :
1033 3886 1062 3940 iii
1077 3892 1106 3942 te
1117 3891 1248 3943 assumet
1263 3887 1348 3952 illud,
1365 3888 1465 3944 diceas
1480 3905 1487 3944 ι

159 3952 188 4002 et
204 3948 410 4021 multiplicasti
434 3951 654 4011 fornicationem
673 3958 756 4011 tuam
772 3955 807 4011 ad
823 3955 944 4013 irritari·
997 3957 1080 4013 Sicut
1096 3963 1198 4026 mater,
1214 3959 1299 4015 itaet
1315 3958 1374 4014 filia
1389 3960 1464 4031 ejus.

196 4021 266 4074 dum
283 4035 340 4076 me.
998 4027 1072 4084 Iiilia
1087 4031 1190 4084 matris
1206 4034 1262 4085 tue
1277 4047 1309 4087 es
1324 4034 1368 4097 tu,

123 4090 195 4144 Ecce
223 4105 276 4162 ego
304 4090 458 4148 extendam
473 4091 526 4164 (At.
543 4095 671 4177 extendi)
698 4111 821 4153 manum
850 4114 944 4154 ineam
1034 4115 1096 4170 quar
1114 4101 1235 4172 projecit
1248 4102 1343 4158 virum
1359 4117 1460 4171 auum,
1475 4108 1504 4159 et
1519 4104 1597 4162 filios
1612 4124 1685 4165 suos
1701 4126 1707 4165 :

158 4162 690 4294 etituriae?&iritaiiiliiiegindilliiisnttijiiliiil
698 4208 727 4295 ie
745 4237 873 4295 filiarum
889 4243 944 4296 Pa·
998 4169 1519 4314 lltqsppoprpjipppppplpippppsmsppstipp
1534 4246 1611 4304 filios
1627 4267 1720 4308 suos:

192 4298 385 4369 lestinarum,
997 4316 1089 4369 Mater
1103 4317 1199 4370 vestra
1214 4314 1353 4381 Hettbaea,
1370 4320 1398 4370 et
1413 4322 1497 4388 pater
1511 4325 1605 4375 vester
1621 4324 1805 4381 Amorrhaeos.

158 4384 223 4440 qua
237 4373 415 4429 erubescunt
428 4371 459 4429 iii
476 4374 584 4431 victua
599 4377 748 4436 scelerata.
997 4386 1033 4439 Et
1046 4400 1129 4440 soror
1143 4389 1194 4441 tua
1210 4386 1314 4457 major,
1331 4387 1474 4454 Samaria,

122 4440 311 4499 lltfomicata
325 4443 398 4499 eain
413 4443 482 4501 liliis
497 4447 694 4530 assyriorum,
958 4433 983 4499 D
1033 4456 1098 4527 ipsa
1121 4459 1149 4511 et
1175 4454 1241 4512 iiiia
1265 4458 1330 4529 ejus
1356 4474 1419 4529 qua
1441 4459 1576 4517 habitant
1599 4464 1637 4520 ad
1670 4466 1808 4523 sinistram

157 4525 191 4566 ec
206 4513 283 4582 quod
299 4514 425 4570 necdum
440 4515 531 4573 fueris
545 4518 662 4591 expleta
678 4536 686 4576 τ
1067 4530 1159 4582 tuam:

121 4584 187 4704 13et
200 4587 355 4709 postquam
369 4585 570 4670 fornicatam,
585 4607 638 4647 neo
652 4591 696 4647 sic
710 4607 743 4674 es
757 4592 871 4650 satiata.
996 4596 1084 4653 Soror
1098 4603 1194 4683 autem
1218 4602 1270 4655 tua
1293 4599 1442 4669 minoem,
1458 4618 1522 4674 qua·
1537 4603 1666 4675 „habitat
1680 4624 1698 4664 a
1713 4608 1811 4666 dextris

145 4651 156 4705 t
172 4651 278 4726 multip
292 4660 376 4712 icasti
392 4656 613 4717 fornicationem
636 4665 718 4717 tuam
734 4677 765 4717 in
779 4666 857 4720 terra
868 4663 943 4721 Cha·
1066 4671 1136 4738 tuis,

192 4738 268 4780 naaii
284 4741 351 4782 cum
366 4724 531 4783 chaldeis:
1030 4740 1165 4808 Sodoma,
1181 4744 1211 4796 et
1226 4739 1291 4796 iiiia
1306 4742 1381 4812 ejus.

156 4795 185 4847 et
199 4809 252 4850 nec
266 4794 309 4852 sio
324 4796 431 4853 satiata
444 4813 485 4853 es.
993 4808 1046 4865 Sed
1064 4826 1117 4867 nec
1133 4812 1161 4866 iri
1176 4811 1232 4867 viis
1247 4827 1348 4869 earum
1363 4813 1533 4883 ambulasti,

120 4862 153 4917 In
170 4879 229 4934 quo
245 4866 392 4922 mandabo
407 4882 457 4923 cor
470 4870 566 4938 tuum,
580 4868 622 4925 ait
635 4868 779 4954 Domipus
794 4870 873 4928 Deus
889 4891 896 4930 :
1029 4897 1125 4952 neque
1140 4883 1302 4939 secundum
1314 4884 1535 4943 scelerosarum
1550 4887 1645 4946 fecisti
1657 4895 1813 4963 pauxillum

156 4947 223 4989 cuni
239 4934 330 4992 facias
343 4935 444 4993 omnia
455 4937 753 5008 biscoperamnlieris
767 4944 942 5019 meretricis,
1065 4953 1164 5009 minus
1181 4971 1188 5008 :

167 5009 220 5086 ‚et
235 5005 390 5131 procacis?
613 5079 619 5091 ¹
714 5081 720 5094 ·
992 5022 1069 5078 Pene
1084 5025 1269 5081 sceleratiora
1284 5025 1377 5081 fecisti
1394 5026 1452 5082 illis
1468 5029 1498 5084 iii
1522 5031 1663 5090 omnibus
1678 5035 1737 5094 viis
1752 5039 1813 5095 tuis.

120 5074 194 5140 Quia
207 5075 235 5130 fa
258 5081 357 5133 ricssti
371 5075 498 5147 lupanar
510 5080 594 5134 tuum
611 5094 641 5135 in
656 5084 751 5155 capite
766 5085 863 5143 omnis
876 5088 939 5158 via,
992 5093 1064 5149 Vivo
1079 5111 1143 5167 ego,
1160 5096 1230 5152 dicit
1244 5097 1388 5154 Dominus
1404 5098 1491 5167 Deua,

154 5148 184 5200 et
199 5145 345 5203 excelsum
359 5151 445 5229 tuum
457 5145 552 5203 fecisti
565 5147 596 5231 ln
609 5151 690 5234 omni
705 5153 827 5237 platea:
1028 5164 1098 5235 qaia
1114 5183 1170 5223 noa
1187 5167 1256 5224 fecit
1279 5168 1407 5225 Sodoma
1431 5186 1514 5227 soror
1535 5175 1586 5229 tua
1605 5174 1683 5247 ipsa,
1700 5185 1731 5237 et
1757 5181 1817 5239 fllia

155 5230 208 5271 nec
223 5215 345 5274 lacteos
360 5231 443 5291 quasi
467 5220 605 5275 meretrix
619 5220 739 5280 fastidio
753 5241 865 5299 augens
878 5244 940 5300 pre·
1027 5235 1104 5306 eius,
1121 5237 1197 5294 sicut
1209 5238 1301 5295 fecisti
1318 5243 1361 5309 tu,
1372 5244 1402 5295 et
1415 5239 1480 5297 litia
1496 5246 1564 5298 tna.

117 5353 173 5411 Sed
189 5285 275 5424 ἓξὲξ
290 5356 397 5414 muner
409 5355 552 5426 aduam,
990 5303 1210 5448 beppplppplppit
1222 5309 1363 5383 iniqnitas
1380 5311 1512 5369 sodoma
1526 5315 1639 5374 sororis
1655 5323 1727 5391 ture,

119 5493 141 5548 0
154 5440 220 5509 quas
234 5443 324 5501 saper
336 5429 434 5511 viram
444 5443 532 5485 suum
545 5427 661 5487 inducit
674 5430 796 5494 alienos.
1025 5450 1165 5531 saturitas
1179 5451 1265 5535 pariis
1280 5453 1513 5540 etabapdantia,

144 5498 263 5554 mnibus
278 5498 480 5557 meretricibus
494 5499 604 5557 dantur
617 5504 767 5561 mercedes
784 5523 792 5562 ι
1024 5520 1054 5573 at
1068 5525 1161 5576 orium
1177 5537 1284 5594 aperus,
1300 5527 1329 5579 at
1343 5523 1471 5582 tiliarum
1488 5542 1553 5599 epus
1569 5542 1576 5582 ι

153 5570 185 5620 tu
200 5571 299 5650 antem
322 5570 429 5628 dedisti
453 5570 603 5629 mercedes
626 5574 741 5631 cunctis
755 5579 937 5639 amatoribus
989 5583 1025 5641 ui
1039 5604 1160 5647 manum
1174 5608 1266 5664 egeno
1280 5598 1308 5650 ct
1321 5596 1442 5667 pauperi
1457 5614 1516 5654 non
1529 5597 1736 5683 porrigebant.

988 5655 1024 5713 m
1037 5659 1152 5789 aaronem
1168 5669 1252 5736 sunt,
1266 5669 1295 5721 et
1314 5667 1446 5723 iecerunt
1459 5668 1701 5732 abominationes
1716 5694 1817 5739 coram
