3870 6120
3 372 6 377 ¹
59 302 62 306 ·
105 298 158 357 sor
621 295 651 348 s.
672 291 875 348 mansuum
894 292 1023 350 nrvnm
1038 296 1288 354 maurenasca.
1760 294 1815 353 sos

106 424 212 483 uestris
228 421 408 478 habitatores
423 424 518 489 tarra,
533 423 563 474 et
582 418 698 489 ejiciam
723 434 773 474 cos
797 417 833 474 de
855 433 929 472 con·
944 419 1098 491 Aldoseu,
1123 421 1235 478 dicens:
1264 423 1395 495 Loquere
1423 419 1492 477 liliis
1519 420 1621 490 lsrael,
1653 427 1686 479 ut
1710 422 1816 481 tollant

106 518 209 589 spectu
225 515 332 569 uestro.
348 509 410 566 Non
427 507 517 564 inibis
528 523 596 564 oum
611 507 654 563 eis
671 506 776 575 loedus,
797 522 849 563 neo
865 522 932 562 oum
988 509 1061 565 mihi
1076 510 1223 582 primitias
1239 511 1280 583 [h.
1297 510 1525 584 oblationes,]ab
1541 512 1815 587 omnibominequi

108 604 166 662 diis
181 617 294 661 eorum.
311 599 373 656 Nou
398 597 532 654 habitent
555 598 585 652 iu
610 602 689 653 terra
711 600 774 667 tua,
798 612 834 652 ne
858 595 934 653 sorte
987 597 1088 655 oiicret
1104 598 1255 657 ultroneus
1270 601 1291 668 ¹,
1308 600 1476 672 acciepietis
1491 616 1551 658 aas.
1567 601 1610 673 [G.
1637 603 1717 673 ult]
1748 607 1815 661 Hae

110 706 228 766 peccare
239 695 267 745 te
282 688 391 744 iaciant
406 686 436 742 in
452 701 509 757 me,
525 685 552 742 si
576 686 711 742 servieris
733 685 789 741 diis
812 700 932 741 eorum:
988 692 1058 742 suni
1072 693 1170 744 autem
1187 705 1250 760 qua
1266 688 1400 761 accipere
1416 689 1552 746 debetis:
1575 692 1697 759 Aurum,
1723 695 1753 748 et
1767 709 1817 749 ar-

112 780 191 854 quod
206 778 260 835 tihi
276 781 354 834 certe
366 776 423 833 erit
437 777 467 832 in
481 776 669 832 'scandulum
988 779 1120 846 gentum,
1136 782 1225 846 etms,
1238 777 1431 851 hyacinthum
1446 784 1476 835 et
1490 795 1664 851 purpuram,
1680 797 1816 837 coccum·

145 870 186 943 (C.
216 866 325 936 XCVII,
351 867 408 938 unp
438 863 554 936 XXIV.)
584 863 655 920 llosi
686 879 803 936 quoque
830 862 932 920 dixit:
989 879 1046 935 que
1061 864 1107 923 bis
1119 865 1255 939 tinctum,
1280 872 1309 924 et
1336 868 1471 938 byssum,
1497 867 1573 940 pilos
1595 885 1765 942 caprarum,
1788 874 1818 929 et

110 957 289 1015 ascendsad
302 955 459 1012 Dominum
471 958 513 1021 tu,
524 957 553 1010 et
565 960 673 1021 Aaron,
684 952 797 1019 Nadab,
809 950 933 1023 etauio,
989 951 1080 1025 pelles
1094 955 1219 1012 arietum
1236 955 1412 1024 rubricatas,
1438 955 1588 1030 pellesque
1610 958 1772 1026 ianthinas,
1788 964 1817 1016 et

111 1054 141 1107 et
164 1047 355 1120 septuaginta
383 1045 516 1101 seniores
530 1060 564 1099 ex
595 1043 699 1110 lsrael,
720 1047 750 1100 et
773 1041 935 1099 adorabitis
989 1040 1070 1113 ligna
1083 1043 1196 1112 settim,
1211 1043 1309 1101 oleum
1326 1046 1362 1101 ad
1386 1044 1760 1104 luminarioeoncinnanda
1772 1049 1813 1122 [h.

112 1136 226 1212 procul.
242 1135 388 1207 Solusque
401 1137 497 1189 Moses
512 1132 653 1189 ascendet
667 1131 703 1187 ad
719 1130 886 1198 Dominum,
906 1134 936 1188 st
990 1147 1048 1186 non
1066 1132 1163 1198 hahet,
1178 1133 1403 1206 concinnanda]
1421 1135 1592 1192 aromatain
1617 1143 1816 1210 unguentum,

114 1228 157 1284 iili
173 1243 231 1282 non
247 1222 546 1298 appropinquabunt:
569 1237 621 1277 nec
646 1219 774 1293 populus
799 1220 936 1276 ascendet
989 1224 1019 1276 et
1032 1220 1227 1292 thymiamata
1241 1222 1312 1278 boni
1327 1223 1437 1293 odoris3
1464 1223 1578 1297 lapides
1607 1225 1775 1298 onychinos
1789 1232 1820 1284 at

114 1333 180 1373 cum
197 1331 241 1371 eo.
257 1314 296 1386 (Τ.
314 1313 387 1381 lllll,
407 1312 440 1368 b.
466 1310 556 1381 Xlll.)
579 1309 665 1365 Venit
688 1325 756 1382 crgo
784 1308 891 1375 Moses,
907 1312 937 1364 et
990 1311 1341 1381 gemmasadornandum
1351 1312 1453 1385 Dphod
1468 1313 1674 1372 aoRationsie.
1691 1316 1819 1372 Facient·

115 1403 245 1461 narravit
260 1401 338 1476 plebi
355 1400 456 1457 omnia
469 1400 559 1455 verbs
573 1396 689 1454 Domini
704 1402 792 1469 atque
803 1395 935 1468 judicia;
992 1412 1048 1469 que
1062 1398 1136 1455 mihi
1152 1399 1366 1469 sanctuarium,
1383 1407 1413 1457 et
1425 1401 1564 1460 habitabo
1592 1403 1622 1459 in
1645 1403 1742 1461 medio
1767 1421 1818 1462 eo·

115 1492 323 1567 responditque
343 1495 468 1546 ounolus
488 1487 616 1561 populus
639 1503 697 1542 una
721 1502 808 1542 voce:
833 1486 938 1543 Omnia
992 1489 1816 1565 rum3juxteomnemsimilitudinemtabernaculiquod

116 1574 936 1652 verbaDomini,quaelocutusest,iaoiemus.(C.llGVlll.)
992 1575 1145 1633 ostendam
1161 1576 1227 1646 tihi,
1241 1585 1270 1635 et
1284 1577 1559 1635 omniumvasorum
1567 1579 1597 1635 in
1608 1579 1723 1637 cultum
1734 1582 1816 1653 elus:

118 1670 242 1743 Scripsit
252 1674 350 1726 sutem
363 1668 461 1725 Moses
477 1666 630 1722 universos
644 1681 796 1721 sermones
811 1663 938 1733 Domini,
992 1661 1095 1736 sieque
1117 1665 1231 1723 iacietis
1257 1665 1350 1724 illud:
1374 1667 1416 1737 [G.
1444 1667 1514 1740 GV.]
1536 1670 1641 1727 Arcam
1666 1669 1703 1725 do
1727 1669 1818 1743 lignis

119 1770 148 1817 et
164 1776 250 1817 mone
265 1773 449 1831 consurgens
475 1754 627 1811 sditicavit
650 1753 741 1811 altare
765 1754 801 1810 ad
826 1753 938 1809 radices
955 1753 1094 1865 Bsettim
1109 1753 1299 1828 compingite,
1324 1756 1411 1828 cujus
1435 1755 1589 1829 longitudo
1610 1757 1719 1815 haheat
1743 1759 1820 1816 duca

120 1848 242 1918 montis,
256 1853 285 1904 et
300 1846 455 1903 duodecim
472 1843 574 1900 titulos
590 1858 642 1915 per
664 1842 820 1898 duodecim
846 1841 943 1898 tribus
995 1841 1086 1899 semis
1099 1843 1224 1902 cubitos:
1239 1844 1365 1903 latitudo
1378 1845 1512 1902 cubitum
1527 1850 1556 1902 et
1570 1846 1740 1916 dimidium
1751 1846 1822 1905 alti·

122 1937 221 1995 lsrael.
239 1935 376 2008 llisitque
386 1935 511 2007 juvenes
526 1933 561 1988 ds
577 1931 647 1988 liliis
663 1929 764 2001 lsrael,
780 1935 808 1988 et
826 1929 943 1987 obtule·
996 1930 1068 1987 iudo
1083 1931 1216 1989 cubitum
1232 1932 1371 1990 similiter
1381 1951 1414 1991 ae
1428 1934 1595 1993 semissem.
1613 1936 1647 1992 lit
1661 1936 1822 1993 deaurabis

120 2030 192 2083 runt
206 2025 388 2094 holocausta,
404 2022 691 2093 immolaveruntque
706 2019 841 2077 victimas
864 2017 942 2092 paci·
997 2035 1062 2076 eam
1079 2036 1151 2077 auro
1175 2021 1374 2079 mundissimo
1400 2025 1482 2080 intus
1505 2027 1534 2080 et
1555 2023 1644 2082 loris:
1667 2025 1819 2099 isoiesqus

122 2116 193 2171 dosa
204 2112 341 2182 Domino,
356 2110 474 2169 vitulos.
490 2110 569 2166 Tulit
579 2110 677 2182 itaquo
688 2109 781 2167 Moses
791 2107 944 2165 dimidiam
997 2124 1088 2179 supra
1102 2124 1239 2166 coronam
1255 2127 1373 2168 auream
1390 2127 1443 2185 per
1456 2112 1625 2183 circuitum,
1641 2119 1671 2170 et
1693 2119 1824 2187 quatuor

123 2208 236 2277 partem
252 2201 419 2274 sanguinis,
433 2204 463 2256 et
478 2198 560 2255 misit
574 2197 604 2253 in
614 2201 742 2255 crateres
754 2215 761 2255 :
773 2199 944 2271 partemau·
973 2189 975 2193 ’
998 2196 1125 2255 circulos
1135 2214 1251 2269 aureos,
1268 2216 1343 2272 quos
1349 2216 1441 2271 pones
1450 2217 1501 2274 per
1511 2207 1639 2274 quatuor
1646 2219 1720 2259 arem
1730 2220 1825 2277 engu-

120 2296 181 2349 tem
197 2291 346 2347 residuam
363 2289 441 2345 fudit
455 2304 544 2361 super
557 2286 885 2357 alterebssumensque
895 2302 945 2341 vo·
998 2284 1060 2355 los3
1075 2287 1133 2343 duo
1149 2286 1250 2343 circuli
1266 2289 1327 2344 sint
1340 2288 1370 2345 in
1387 2289 1478 2347 latere
1490 2306 1560 2359 uno,
1572 2291 1708 2350 etduoin
1719 2291 1823 2351 altero.

120 2380 222 2437 lumen
239 2379 368 2449 foderis,
385 2376 466 2450 legit,
482 2376 622 2433 audiente
644 2375 764 2448 populo,
789 2375 838 2447 qui
861 2374 944 2431 dixe·
1000 2374 1099 2432 Facies
1114 2383 1336 2448 quoquevectss
1350 2377 1387 2435 ds
1401 2378 1491 2451 lignis
1516 2381 1628 2448 settim,
1651 2385 1682 2437 st
1705 2381 1824 2454 operies

120 2474 191 2527 runt
206 2485 213 2524 ι
232 2467 338 2526 Omnia
353 2484 417 2540 qus
433 2466 551 2523 locutus
566 2468 611 2521 est
625 2465 779 2533 Dominus,
790 2464 944 2531 iaciemus,
998 2479 1048 2522 eos
1063 2480 1145 2522 auro.
1161 2464 1343 2538 inducesque
1357 2483 1409 2539 per
1423 2466 1549 2525 circulos
1560 2468 1611 2542 qui
1624 2474 1696 2526 sunt
1706 2471 1736 2527 in
1748 2487 1825 2528 arem

118 2566 148 2617 et
161 2557 274 2615 erimus
289 2555 469 2614 obedientes.
483 2553 534 2612 lile
548 2570 617 2610 uero
640 2556 793 2626 sumptum
823 2552 944 2625 sangui·
998 2551 1151 2623 lateribus,
1167 2557 1200 2611 ut
1214 2559 1346 2626 portetur
1359 2555 1389 2612 in
1404 2556 1457 2613 eis.
1473 2557 1525 2630 qui
1540 2573 1657 2631 semper
1684 2566 1774 2616 erunt
1792 2562 1825 2617 in

119 2663 188 2705 nem
204 2646 347 2720 respersit
360 2646 389 2702 in
405 2643 559 2717 populum,
577 2647 605 2700 et
619 2643 679 2700 ait:
695 2641 748 2698 llio
762 2645 808 2699 est
821 2641 945 2714 sanguis
998 2641 1127 2714 circulis,
1141 2659 1194 2699 neo
1209 2659 1341 2715 unquam
1354 2645 1546 2702 extrahentur
1559 2646 1657 2706 abeis.
1668 2650 1827 2722 Ponesque

118 2737 251 2807 laederis,
274 2734 352 2807 quod
378 2733 490 2807 pepigit
509 2732 652 2789 Dominus
678 2731 830 2788 vobiscum
855 2746 945 2804 super
998 2729 1029 2787 in
1044 2747 1111 2788 arca
1125 2731 1362 2790 testificationem
1378 2749 1467 2806 quam
1482 2735 1559 2792 dabo
1582 2735 1647 2792 tibi.
1673 2736 1775 2795 Facies
1789 2742 1822 2795 st

120 2825 239 2884 eunetis
254 2823 440 2882 sermonibus
451 2822 509 2879 his.
525 2821 568 2894 (C.
592 2820 701 2892 XCIX.)
725 2820 944 2877 escenderunt·
998 2820 1236 2894 propitiatorium
1252 2822 1289 2879 de
1302 2838 1375 2879 auro
1391 2823 1678 2894 mundissimo,duos
1699 2826 1821 2884 cubitos

122 2931 181 2990 qus
195 2914 292 2971 Moses
307 2916 336 2970 et
349 2915 458 2980 Aaron,
472 2911 573 2967 Nadab
588 2909 712 2978 etbbin,
722 2913 750 2964 ct
758 2909 945 2982 septuaginta
998 2912 1028 2965 et
1043 2909 1201 2966 dimidium
1216 2910 1330 2967 tenebit
1345 2910 1498 2985 longitudo
1512 2912 1589 2984 ejus:
1614 2915 1769 2973 semissem
1793 2920 1826 2973 et

123 3005 161 3061 de
176 3002 298 3060 senibus
315 3000 415 3058 lsrael.
432 3005 444 3068 (
453 3001 484 3057 C.
498 3001 538 3065 C.)
555 2997 943 3067 EtvideruntDsumlsrael,
998 2997 1274 3055 cubitumlatitudo.
1285 2999 1489 3072 Duosquoque
1507 3000 1666 3058 Cherubim
1684 3008 1831 3061 samosat

121 3098 150 3151 et
163 3093 220 3149 sub
235 3089 359 3164 pedihus
371 3090 436 3160 elus
446 3088 531 3162 quasi
541 3086 945 3161 opuslspidissapphirini,et
999 3085 1179 3158 productiles
1196 3085 1333 3157 iacies,ex
1343 3092 1469 3162 utraque
1479 3094 1562 3162 parts
1578 3090 1827 3150 oraculicheruh

121 3182 206 3256 quasi
222 3181 339 3251 omium,
356 3195 422 3237 cum
439 3194 574 3237 serenum
590 3181 644 3234 est.
661 3177 719 3235 Nec
735 3193 824 3250 super
834 3194 883 3234 eos
893 3177 944 3250 qui
960 3163 982 3233 C
1002 3191 1079 3231 unus
1093 3176 1133 3232 sit
1148 3175 1178 3232 in
1192 3174 1282 3232 latere
1298 3193 1357 3233 uno
1370 3178 1391 3247 ¹,
1404 3180 1433 3233 st
1447 3177 1522 3236 alter
1534 3177 1564 3234 in
1581 3179 1685 3238 altero.
1704 3180 1828 3239 Utrum·

121 3270 223 3344 procui
238 3272 420 3326 recesserant
432 3268 468 3324 de
489 3267 558 3324 liliis
582 3265 683 3336 lsrael,
710 3265 792 3321 misit
820 3281 942 3323 manum
997 3280 1054 3338 que
1068 3263 1147 3321 latus
1161 3265 1358 3338 propitiatorii
1374 3270 1484 3339 tegant,
1495 3269 1698 3341 expandentes
1713 3270 1778 3328 sies
1796 3276 1827 3329 et

121 3375 218 3430 suam,
233 3359 428 3428 videruntque
442 3356 545 3425 Deum,
561 3362 589 3413 et
603 3355 802 3423 comederunt,
819 3371 851 3410 ao
862 3354 943 3412 bibo·
997 3353 1162 3426 operientes
1173 3354 1558 3430 oraculum,respioiontque
1568 3373 1601 3414 ss
1612 3362 1719 3416 mutuo
1729 3362 1823 3419 versis

122 3453 202 3505 runt.
224 3451 263 3515 (G.
288 3449 332 3503 Cl.
362 3445 441 3502 Dixit
466 3450 563 3501 autem
593 3442 736 3500 Dominus
762 3443 797 3499 ad
822 3446 941 3501 Mosen:
996 3442 1127 3500 vultibus
1142 3444 1172 3499 in
1188 3444 1423 3517 propitiatorium
1438 3445 1665 3519 quooperisoda
1678 3453 1727 3505 est
1740 3464 1820 3520 arca,

122 3536 257 3593 Ascende
270 3536 305 3592 ad
321 3551 367 3591 me
382 3534 412 3591 io
424 3532 943 3605 montem,etestoibizdaboquetihi
997 3533 1028 3590 in
1043 3550 1103 3606 qua
1118 3551 1207 3607 pones
1229 3534 1432 3592 testimonium
1458 3537 1536 3608 quod
1560 3537 1636 3594 dabo
1659 3537 1725 3595 tibi.
1750 3540 1822 3596 Inde

122 3626 239 3683 tabulas
255 3624 397 3698 lapideas,
408 3628 437 3681 et
451 3624 544 3696 legem
555 3622 746 3689 demandata,
757 3621 943 3694 quesoripsi,
998 3624 1178 3696 precipiam,
1200 3627 1230 3681 et
1252 3622 1357 3696 loquar
1380 3625 1419 3681 ad
1443 3628 1471 3682 te
1499 3641 1589 3699 super
1617 3628 1825 3701 propitiatorio

124 3719 156 3772 ut
168 3715 274 3771 doceas
288 3730 349 3771 eos.
364 3716 561 3772 surrexerunt
569 3712 664 3768 Moses
675 3716 701 3766 et
710 3708 799 3766 Josue
811 3708 945 3768 minister
999 3713 1120 3780 scilicet,
1136 3729 1170 3769 ao
1185 3713 1282 3770 medio
1298 3713 1446 3770 ⁸duorum
1462 3713 1631 3786 Cherubim,
1654 3716 1708 3788 qui
1734 3722 1824 3775 erunt

122 3804 188 3877 ejus
204 3823 211 3874 3
229 3804 451 3874 ascendensque
463 3804 557 3858 Moses
569 3800 737 3857 inmontem
749 3798 944 3869 Dei,seniori·
1000 3817 1088 3873 super
1103 3817 1200 3858 arcam
1216 3801 1391 3869 testimonii,
1408 3805 1513 3859 cuneta
1523 3819 1586 3876 qua
1602 3805 1752 3863 mandabo
1774 3822 1825 3879 per

122 3894 179 3951 bus
194 3892 256 3950 ait:
274 3892 444 3964 Exspectate
458 3890 505 3946 hio
521 3891 612 3947 donoc
627 3892 809 3946 revertamur
831 3888 865 3943 ad
882 3904 943 3946 vos.
999 3893 1028 3946 te
1038 3889 1107 3946 filiis
1119 3890 1231 3947 lsrael.
1248 3889 1346 3947 Facies
1361 3894 1390 3947 et
1405 3906 1538 3948 mensam
1555 3892 1591 3949 de
1605 3891 1699 3967 lignis
1713 3895 1824 3964 mttim,

124 3983 350 4041 habetisnaron
365 3984 394 4038 et
408 3979 641 4046 Hurvobiseum;
653 3975 758 4048 siquid
769 3980 871 4031 nutum
883 3978 943 4035 iue-
999 3977 1157 4035 habentem
1168 3979 1243 4038 duos
1253 3979 1368 4036 cubitos
1378 3978 1587 4053 longitudinis,
1613 3986 1643 4039 et
1666 3982 1698 4040 in
1722 3983 1825 4042 latitu-

123 4073 162 4128 rit
175 4068 493 4145 quastionia‚rcloretis
509 4070 543 4125 ad
558 4071 753 4138 coccumque
763 4065 946 4124 ascendisset
1000 4068 1068 4124 dine
1083 4067 1228 4137 cubitum,
1243 4071 1272 4125 et
1287 4068 1317 4124 in
1334 4066 1488 4125 altitudine
1502 4070 1634 4127 cubitum
1660 4088 1697 4130 ao
1719 4072 1825 4131 semia

123 4160 228 4229 Moses,
244 4159 360 4232 operuit
375 4159 468 4215 nubes
484 4163 623 4223 montem,
641 4160 669 4212 et
684 4154 825 4211 habitavit
852 4154 947 4228 gloria
1000 4172 1074 4214 sem.
1091 4157 1125 4212 ut
1141 4155 1293 4214 inaurabis
1309 4172 1374 4213 eam
1395 4172 1467 4214 auro
1488 4157 1660 4231 purissimo,
1676 4160 1826 4235 faciesque

122 4248 240 4308 Domini
256 4264 345 4320 super
358 4247 450 4313 Sinai,
465 4251 567 4318 tegens
583 4246 666 4302 illum
683 4245 944 4304 nuhosexdiebus.
1000 4243 1044 4301 illi
1061 4244 1172 4302 labium
1189 4260 1313 4302 aureum
1329 4262 1381 4319 per
1393 4245 1562 4318 circuitum,
1577 4248 1677 4322 stipsi
1688 4251 1768 4310 labio
1781 4268 1827 4310 eo·

123 4339 166 4413 (C.
191 4337 262 4409 cll.)
276 4335 405 4410 septimo
421 4338 519 4391 sutem
532 4335 579 4391 dis
590 4335 945 4410 vocaviteumll'oiqadri.
1000 4351 1102 4392 ronam
1118 4334 1316 4392 interrasilem
1331 4334 1561 4408 altamquatuor
1571 4336 1686 4411 digitis,
1698 4345 1831 4415 etsopsi·

123 4427 267 4484 Dominus
291 4425 328 4482 de
343 4425 440 4481 medio
455 4422 603 4496 caliginis.
631 4424 698 4481 linat
720 4430 820 4482 autem
832 4423 945 4497 species
1000 4422 1092 4491 itiam,
1106 4424 1365 4480 niteramcoronom
1381 4424 1421 4497 [h.
1434 4440 1491 4480 non
1504 4424 1591 4483 hahet
1603 4424 1667 4485 haee
1681 4430 1704 4501 ι]
1719 4445 1848 4487 ωηο-

124 4514 223 4588 giorire
239 4514 366 4583 Domini,
381 4512 467 4586 quasi
481 4511 559 4585 ignis
570 4513 677 4570 ardens
692 4529 781 4587 super
806 4513 944 4570 verticem
964 4534 987 4601 D
1003 4510 1072 4570 lam.
1089 4514 1219 4579 Quatuor
1233 4528 1351 4585 quoque
1364 4510 1490 4570 circulos
1504 4528 1609 4571 aureos
1632 4518 1819 4591 preparabis
1831 4560 1863 4587 .,

125 4603 245 4672 montis,
262 4601 291 4656 in
307 4606 464 4674 conspectu
481 4599 607 4658 filiorum
623 4601 724 4657 lsrael.
737 4603 949 4675 Ingressusque
1003 4608 1033 4658 st
1048 4618 1137 4674 pones
1152 4618 1202 4658 eos
1218 4601 1247 4656 in
1264 4605 1390 4675 quatuor
1411 4602 1529 4674 anguiis
1555 4603 1692 4676 ejusdem
1716 4624 1863 4666 menese

125 4691 221 4748 bloses
236 4691 367 4747 medium
379 4689 491 4746 nebula
507 4688 640 4746 ascendit
655 4689 684 4746 in
698 4697 839 4749 montem:
851 4696 880 4748 et
892 4690 949 4746 luit
1003 4707 1055 4763 per
1070 4689 1203 4764 singulos
1220 4691 1320 4762 pedes.
1336 4690 1442 4747 subter
1453 4707 1591 4747 coronam
1613 4699 1704 4751 erunt
1723 4696 1863 4753 circuli

124 4780 164 4837 ibi
181 4779 375 4852 quadraginta
388 4777 503 4847 diebus,
520 4783 549 4834 et
564 4778 763 4851 quodraginta
780 4779 927 4836 noctibus.
1002 4778 1095 4850 aursi,
1111 4785 1143 4835 ut
1157 4780 1312 4836 mittantur
1325 4782 1420 4835 vectes
1434 4794 1556 4852 percos,
1573 4784 1602 4838 ei
1616 4782 1713 4854 possit
1727 4800 1862 4843 monna

159 4870 202 4944 (u.
219 4869 289 4940 Gill,
307 4870 376 4941 Gap.
396 4867 489 4939 XXV.)
505 4867 692 4940 Locutusque
703 4872 749 4925 est
758 4867 945 4925 Dominusad
1002 4867 1123 4941 portari.
1138 4868 1221 4942 Ipsos
1237 4882 1354 4940 quoque
1369 4869 1464 4925 vectes
1480 4867 1552 4927 iacis
1564 4869 1601 4927 de
1614 4868 1851 4947 liguisssttim,

158 5078 192 5090 -
215 5046 297 5103 Unus
322 5044 414 5103 Palat.
442 5045 683 5104 Palestinorum:
709 5052 815 5106 caetera
841 5054 943 5105 notum
1000 5047 1111 5105 crocco·
1125 5047 1156 5103 io
1170 5048 1257 5104 latere
1271 5061 1337 5103 one.
1354 5045 1448 5103 Mean.

121 5120 268 5178 maluisse
283 5119 501 5189 Hieronymum,
517 5118 746 5175 Ptitistinerum.
1036 5120 1147 5193 ³Apud
1174 5118 1260 5191 llulg.
1282 5134 1370 5192 supro
1396 5118 1624 5191 propitiatoriam
1651 5138 1686 5180 ac
1709 5125 1744 5184 de
1770 5140 1824 5183 ms·

157 5196 164 5228 ¹
180 5189 373 5260 Manuscripti
384 5187 512 5256 cedices,
530 5188 611 5244 nullo
626 5197 755 5262 excepto,
768 5190 880 5265 legunt,
896 5193 946 5264 qui
999 5191 1054 5259 dio,
1070 5197 1124 5247 etc.

121 5264 200 5335 offert
215 5279 223 5319 ι
237 5261 384 5318 editorum
401 5257 593 5316 nihilominus
607 5260 692 5316 lectio
707 5263 888 5333 praeterendo
902 5265 943 5319 ui-
1036 5265 1046 5298 ⁸
1062 5263 1135 5319 Nota
1151 5260 1254 5317 isthac
1268 5257 1442 5333 marginalis
1454 5260 1578 5318 minime
1599 5279 1670 5322 uera
1689 5282 1812 5341 compro·

122 5337 219 5404 detur,
236 5332 305 5405 qnia
319 5332 356 5388 ad
371 5345 491 5388 sensum
504 5333 672 5403 Scriptura,
688 5339 717 5388 et
731 5336 767 5389 ad
791 5335 943 5392 veritatem
999 5333 1096 5401 batur,
1104 5338 1218 5390 autauo
1229 5331 1293 5389 loco
1301 5332 1475 5404 neutiquam
1486 5334 1623 5407 apposita
1633 5336 1760 5395 dicende
1770 5346 1810 5401 eat

123 5404 295 5463 Hebraioam
310 5403 432 5476 propius
444 5402 565 5458 accedit.
582 5402 676 5459 Maur.
999 5421 1067 5461 nam
1083 5405 1227 5462 dictiones
1242 5405 1384 5460 asterisco
1400 5407 1529 5473 notatas,
1554 5420 1631 5479 quas
1650 5406 1682 5464 in
1704 5412 1810 5474 Hebron

159 5478 215 5532 ’ln
233 5493 289 5532 uno
306 5492 360 5531 ms.
372 5473 555 5530 Cor-beiensis
571 5473 741 5531 monasterii
766 5475 874 5543 codice,
897 5481 942 5532 at·
997 5478 1100 5532 abesse
1113 5475 1185 5532 dicit
1199 5476 1370 5533 invenimus
1383 5474 1412 5531 in
1428 5475 1567 5533 omnibus
1581 5476 1668 5538 libris
1690 5480 1811 5545 llshrsr.

123 5561 179 5615 que
193 5547 223 5601 io
239 5563 349 5604 canone
363 5545 450 5601 liebr.
466 5543 596 5601 ueritatis
612 5546 745 5601 additum
760 5546 942 5605 esthocloco
997 5563 1073 5604 rum.
1090 5548 1164 5612 Quid
1181 5563 1250 5619 ergo
1267 5547 1323 5604 sibi
1339 5546 1410 5604 velit
1422 5547 1478 5607 boc
1492 5548 1640 5620 scholion,
1664 5553 1743 5611 seire
1765 5570 1812 5620 uon

122 5619 256 5689 verbum,
270 5616 390 5690 ornauit,
406 5617 448 5674 sie
461 5616 541 5674 enim
556 5615 674 5688 babenb
690 5617 796 5676 Cherub
823 5621 943 5677 unussit
997 5635 1168 5691 possumus.
1181 5619 1275 5676 Mser.
