3870 6120
83 289 124 347 rr
833 291 1058 354 cabrario.
1108 256 1111 271 '
1759 296 1799 358 rs

124 422 201 486 lam
216 440 291 485 vero
306 422 453 503 persequi
473 422 678 499 bandvaoat,
693 442 789 505 quam
812 425 906 506 longe
934 427 1061 508 lateque
1089 428 1120 489 in
1148 429 1294 491 licelesiis
1319 429 1415 493 editio
1443 431 1503 493 ista
1529 431 1711 507 obtinuerit,
1739 433 1797 495 ob·

85 527 245 602 sequente
260 521 462 602 imperatoris
477 523 659 585 auctoritati
670 524 746 586 orbe
762 527 994 604 propemodum
1009 528 1167 589 universo.
1182 529 1240 589 Vix
1255 535 1361 591 tamen
1392 529 1476 592 dictu
1508 535 1564 604 est,
1596 549 1671 610 quo,
1700 532 1797 594 semel

90 621 164 682 data
180 620 266 681 sacri
282 626 386 682 textus
401 622 589 683 emendandi
605 621 766 694 facultate,
783 623 994 684 studiosorum
1011 623 1165 686 industria
1175 625 1318 686 evaserit.
1337 629 1415 687 Tum
1440 626 1568 688 scholiis
1596 629 1718 690 onerati
1746 647 1797 690 su·

91 718 383 780 crornmcodicum
401 719 570 798 margines,
584 720 731 799 notisque
745 721 934 782 variantium
954 722 1120 783 lectionum
1139 730 1194 784 ant
1208 724 1464 786 emendationum
1490 743 1527 785 ex
1558 726 1703 798 Hebraeo,
1734 745 1796 789 non

86 817 144 879 illo
161 817 292 896 quidem
309 819 496 897 archetypo,
512 819 565 878 sed
582 824 637 879 aut
655 818 724 879 aliis
739 838 796 898 pro
812 818 922 880 dubito
938 821 1065 900 punctis
1081 822 1244 895 instructo,
1275 829 1330 883 aut
1359 841 1395 882 er
1426 822 1575 883 neoterici
1603 825 1619 884 J
1624 823 1797 886 udaizantis

86 915 219 994 ingenio
248 914 280 975 in
308 914 456 975 Latinum
486 932 648 976 converso.
678 914 865 993 Huiusmodi
893 916 990 978 terme
1017 936 1109 978 usum
1126 919 1206 980 libro
1221 919 1367 981 existimo
1398 919 1561 981 Hebraum
1590 919 1793 997 scholiaeton‚
1891 990 1894 994 ,

86 1031 185 1093 quem
200 1018 329 1092 vocant,
345 1017 377 1074 et
390 1031 560 1093 supparem
576 1013 695 1074 iaciunt
712 1013 841 1076 Rabano
856 1019 982 1087 Mauro,
999 1017 1055 1095 qui
1068 1023 1136 1078 taut
1152 1017 1206 1079 illa
1222 1017 1426 1096 glossemata,
1442 1036 1513 1098 quae
1530 1024 1560 1078 et
1574 1037 1632 1078 nos
1660 1017 1794 1079 retinui-

88 1127 160 1170 mus
174 1110 216 1171 ad
231 1109 306 1171 libri
321 1127 421 1183 oram,
439 1111 608 1189 congessit,
626 1115 657 1170 et
680 1109 735 1189 qni
764 1109 838 1171 licet
865 1111 980 1190 saepius
995 1112 1190 1175 contentiose
1206 1115 1305 1193 magis
1321 1134 1416 1194 quam
1435 1133 1505 1176 vere
1520 1115 1719 1194 interpretari
1746 1114 1793 1176 vi·
1881 1118 1884 1123 ’

86 1207 214 1282 deutur,
229 1206 391 1269 interdum
406 1208 502 1269 etiam
516 1208 596 1269 falsa
610 1208 678 1288 ipse
692 1207 825 1270 lectione
842 1208 955 1289 decipi,
972 1216 1027 1271 aut
1040 1211 1179 1272 melioris
1190 1213 1414 1293 penitiorisque
1444 1212 1639 1291 significatus
1666 1212 1793 1290 ignora-

84 1305 171 1367 tione
186 1305 263 1377 labi,
278 1324 370 1367 suum
383 1311 490 1368 tamen
505 1305 644 1366 studium
659 1306 704 1367 ita
721 1305 789 1385 ejus
804 1307 906 1368 aetatis
920 1307 1101 1370 homiuibus
1114 1311 1313 1390 approbavit,
1332 1317 1366 1371 nt
1381 1311 1603 1372 vendibiliores
1618 1309 1723 1370 nullos
1737 1309 1793 1370 ba·
1900 1332 1915 1395 Ι·

86 1402 200 1464 berent
214 1402 339 1464 librarii
352 1402 487 1477 codices,
504 1421 599 1482 quem
613 1403 728 1482 quibus
743 1410 833 1466 notas
847 1404 919 1465 illas
933 1406 1165 1486 apposuissent.
1183 1408 1263 1480 Ouid
1288 1408 1373 1487 quod
1403 1407 1613 1488 Hieronymus
1639 1407 1708 1487 ipse
1737 1407 1790 1468 diu

86 1501 193 1579 potuit
222 1507 317 1563 terrae
344 1501 398 1563 ille
426 1501 510 1562 lilius
538 1501 721 1563 Martianaeo
746 1501 857 1576 videri,
874 1521 910 1564 ex
927 1523 990 1582 quo
1006 1509 1179 1565 tentanum
1194 1505 1276 1565 inter
1291 1511 1320 1566 et
1335 1505 1509 1566 Simonium
1527 1506 1564 1566 lie
1579 1504 1665 1565 luit?
1688 1508 1790 1569 Taceo

88 1616 173 1659 nunc
189 1598 271 1660 alios
286 1617 319 1661 se
335 1598 482 1678 quiorum
498 1603 689 1678 temporum,
707 1598 761 1678 qui
776 1617 848 1660 eum
864 1600 984 1680 aliquid
998 1601 1056 1661 sibi
1071 1602 1250 1663 viderentur
1265 1603 1296 1662 in
1323 1603 1476 1665 Hebraico
1504 1603 1612 1682 lingua
1640 1603 1791 1665 eruditio-

82 1694 130 1755 nis
144 1695 322 1767 consecuti,
342 1696 382 1757 ad
397 1695 558 1774 religenda
571 1703 683 1775 suopte
698 1697 824 1775 iugenio
839 1698 953 1759 Latina
967 1698 1161 1778 exemplaria
1175 1718 1305 1779 operam
1321 1719 1409 1760 suam
1441 1700 1657 1773 conterebant,
1688 1719 1788 1780 eoque

81 1795 155 1875 plns
170 1813 205 1856 se
224 1792 381 1875 putabant
395 1794 476 1854 bene
491 1792 529 1855 de
544 1794 641 1854 sacris
655 1794 782 1855 Litteris
797 1794 956 1868 meruisse,
974 1814 1037 1875 quo
1053 1796 1196 1875 pluribus
1211 1797 1288 1858 loeis
1304 1797 1344 1857 ab
1374 1804 1502 1876 recepta
1530 1797 1665 1859 lectione
1694 1798 1787 1859 ablu·

80 1893 205 1954 dorent.
235 1891 372 1971 Insignis
382 1891 413 1952 in
429 1889 513 1952 hanc
528 1910 593 1952 rem
609 1892 750 1971 Hugonis
765 1892 803 1954 de
819 1894 850 1954 S.
867 1893 1001 1966 Victore,
1020 1894 1074 1974 qui
1089 1894 1276 1955 duodecimo
1291 1895 1420 1955 ineunte
1436 1894 1552 1955 saeeulo
1568 1894 1685 1966 floruit,
1698 1895 1786 1956 locus

80 1997 123 2051 est
139 1990 198 2050 lib.
215 1989 256 2050 de
269 1989 372 2049 sacris
389 1988 568 2070 Scrqtturis
593 2008 663 2070 cap.
681 1991 711 2066 9,
728 1989 794 2066 ubi,
815 1989 946 2069 Octavo,
962 1991 1075 2070 iuquit,
1092 1991 1158 2052 loco
1185 1991 1401 2060 Hieronymus
1416 1992 1547 2052 accessit
1570 2012 1631 2051 reon
1646 2012 1720 2070 Jam
1747 1992 1786 2052 de

79 2086 216 2148 chroeo
247 2087 281 2147 in
311 2088 465 2163 Graecum,
495 2086 580 2146 sicut
599 2087 740 2170 priores,
770 2087 826 2147 sed
852 2088 891 2148 de
920 2087 1052 2149 Hebraeo
1069 2089 1101 2148 in
1116 2088 1262 2150 Latinum
1278 2091 1472 2156 transferens
1487 2109 1656 2150 sermonem
1670 2111 1677 2149 ε
1693 2088 1786 2169 cujus
1900 2131 1906 2145 ,

79 2186 263 2265 translatio,
281 2186 357 2268 quia
372 2185 539 2248 Hebraico
554 2186 681 2247 ueritati
694 2188 885 2248 concordare
899 2188 1147 2270 magisprobato
1176 2195 1232 2269 est,
1263 2189 1382 2250 idcirco
1403 2189 1547 2250 Ecclesia
1578 2187 1708 2249 Christi
1726 2196 1788 2269 per
1903 2203 1906 2209 ’

80 2287 260 2346 uniuersam
287 2284 490 2345 latitudinem
513 2293 581 2367 prae
608 2285 729 2347 ceteris
752 2285 895 2347 omnibus
924 2287 1199 2358 translationibus,
1229 2307 1307 2368 quas
1332 2287 1446 2348 vitiosa
1474 2286 1701 2368 interpretatio,
1724 2286 1790 2347 sine

79 2384 183 2450 trima
197 2382 240 2443 de
252 2381 387 2443 Hebraeo
403 2382 437 2443 in
456 2380 613 2462 Gesacum,
630 2383 695 2443 siue
709 2384 850 2444 secunda
866 2385 905 2445 de
923 2384 1036 2446 Graeco
1047 2387 1080 2445 in
1094 2385 1241 2446 Latinum
1252 2389 1357 2465 facta,
1373 2390 1576 2466 corrrcperat:
1592 2383 1673 2444 barac
1687 2382 1788 2443 solam
1906 2420 1923 2457 ,-

81 2481 250 2563 legendam
267 2486 297 2541 ct
313 2481 347 2541 in
356 2481 544 2541 auctoritate
558 2478 731 2542 habendam
746 2481 922 2542 constituit.
943 2481 1011 2545 Usu
1026 2489 1128 2543 autem
1140 2493 1238 2565 prauo
1253 2483 1469 2563 invalescente,
1482 2483 1538 2564 qni
1565 2501 1789 2562 nonnunquam

79 2579 177 2639 solita
206 2579 315 2659 magis
343 2598 435 2659 quam
461 2599 532 2639 cera
561 2580 686 2662 appetit,
702 2582 829 2656 factum
857 2585 904 2640 est
919 2586 954 2641 ut
967 2580 1110 2641 diversas
1124 2581 1261 2641 diversis
1275 2580 1475 2661 sequentibus
1491 2580 1726 2658 translationes,
1744 2578 1788 2639 ita

82 2678 207 2738 tandem
223 2678 330 2738 omnia
344 2680 476 2754 confusa
489 2676 566 2749 sint,
584 2682 706 2761 utpenc
721 2698 803 2738 nunc
818 2678 897 2758 quid
910 2679 963 2739 cui
978 2677 1177 2739 tribuendum
1193 2679 1247 2757 sit,
1260 2678 1437 2758 ignoretur.
1467 2679 1546 2739 liiuc
1560 2696 1656 2757 porro
1677 2682 1789 2738 exorta

79 2776 134 2838 illa
163 2775 367 2849 correctoria,
397 2781 431 2835 ut
459 2779 586 2850 vocant,
614 2776 679 2836 sive
707 2776 929 2856 castigatoria,
957 2795 1018 2855 que
1034 2776 1337 2837 tametsihominum
1358 2781 1473 2837 caetera
1501 2777 1666 2836 doctorum
1682 2774 1787 2835 studio

82 2874 273 2934 concinnata
302 2878 388 2946 snut,
416 2872 527 2933 iisdem
557 2878 663 2934 tamen
690 2872 829 2951 vestigiis
857 2872 1000 2933 insistere
1028 2872 1114 2933 haud
1142 2878 1330 2952 potuerunt:
1348 2890 1446 2933 novus
1459 2876 1566 2931 autem
1582 2888 1672 2931 sacro
1683 2869 1785 2931 textui

82 2973 275 3034 mutationes
289 2972 484 3032 intulerunt:
500 2971 576 3031 durn
591 2970 755 3050 appositas
770 2970 904 3049 margini
918 2969 1071 3031 librorum
1088 2976 1178 3031 notas
1193 2970 1247 3031 alii
1262 2989 1318 3050 pro
1346 2970 1428 3031 veris
1456 2968 1643 3030 lectionibus
1670 2965 1786 3028 substi-

78 3075 183 3142 tuunt,
199 3075 257 3131 ant
271 3068 366 3130 simul
380 3087 445 3129 una
458 3067 609 3142 inferunt,
622 3086 659 3130 ee
674 3086 731 3147 pro
747 3086 803 3129 suo
827 3068 960 3147 quisque
975 3069 1128 3129 arbitratu
1157 3068 1256 3142 addit,
1287 3067 1382 3142 delet,
1412 3068 1569 3129 immutat.
1599 3064 1789 3144 Hujusmodi
1827 3078 1838 3093 ‘

83 3168 250 3247 exemplar
263 3172 373 3229 narrat
388 3185 421 3229 se
436 3166 549 3228 vidisse
563 3165 723 3228 Liudanus
740 3171 952 3247 pervetustum
967 3166 999 3226 iu
1014 3166 1181 3227 Carthasia
1199 3165 1416 3228 Zeelhemensi
1441 3165 1535 3244 juata
1560 3164 1786 3229 Diesthamiam
1880 3212 1883 3217 .
1899 3174 1903 3223 ζ

80 3264 153 3338 sita,
170 3265 258 3343 quod
274 3264 375 3325 Biblia
389 3263 428 3325 ed
445 3263 569 3326 codices
579 3263 683 3325 Garuli
698 3262 803 3341 Magni
818 3262 1041 3343 perdiligenter
1057 3264 1226 3343 castigatos
1239 3264 1370 3325 notabat
1385 3262 1583 3324 emendanda
1608 3261 1686 3324 locis
1713 3281 1790 3325 sane
1814 3262 1819 3267 ’

82 3369 116 3422 ut
143 3380 211 3423 non
239 3361 362 3442 paucis,
391 3360 435 3422 itu
466 3360 593 3422 minime
622 3359 824 3439 poenitendis.
852 3360 994 3422 Alterum
1023 3360 1188 3422 Bessarion
1203 3360 1372 3422 cardinalis
1391 3360 1627 3422 Commentario
1641 3361 1673 3421 iu
1688 3361 1786 3424 illud:

82 3458 222 3521 Siccam
237 3459 454 3538 colomanere,
483 3463 595 3521 couha
623 3461 736 3538 Georg.
765 3457 1009 3538 Trapezuntium
1038 3458 1159 3532 laudat,
1189 3459 1275 3538 quod
1303 3463 1491 3519 auteannos
1522 3462 1790 3537 snprutreeentos

84 3558 209 3633 ltornae,
237 3557 390 3620 Nicoleus
417 3561 449 3619 S.
479 3556 607 3619 Damasi
633 3556 796 3630 diaconus,
824 3562 856 3617 et
884 3555 1061 3630 Vaticanus,
1091 3562 1125 3617 ut
1151 3556 1219 3637 ipse
1246 3557 1303 3629 ait,
1332 3555 1537 3617 Bibliotheca
1558 3554 1787 3634 suffraganeus,

83 3657 308 3730 adornaverat,
326 3655 417 3734 cujus
431 3654 499 3717 haee
513 3654 626 3717 recitat
641 3653 754 3716 verba:
772 3653 927 3715 lustrans
943 3655 1083 3715 armaria
1099 3653 1263 3736 nequibam
1279 3652 1336 3713 boc
1349 3652 1498 3734 adipisci,
1518 3652 1639 3712 veracia
1667 3652 1790 3714 scilicet
1847 3696 1851 3702 -

82 3755 274 3837 exemplaria
289 3754 439 3828 invenire,
455 3753 530 3834 quia
557 3758 587 3813 et
614 3772 681 3833 quoe
708 3773 726 3811 a
755 3752 951 3813 doctissimis
978 3752 1058 3814 viris
1072 3751 1259 3813 dicebantur
1278 3761 1428 3827 correcta,
1459 3770 1641 3830 cinoquoque
1670 3751 1702 3812 in
1730 3771 1787 3813 suo

82 3872 176 3913 sensu
205 3851 396 3931 abundante,
419 3851 495 3912 adeo
518 3848 748 3932 discrepabant,
780 3855 814 3910 ut
836 3854 986 3931 quotquot
1013 3850 1147 3928 codices,
1165 3849 1410 3930 toteuemplaria
1434 3849 1609 3929 reperirem.
1627 3850 1785 3910 Veretum

82 3953 143 4013 dici
168 3952 210 4012 de
224 3949 471 4031 hieronymiana
499 3949 644 4011 versione
672 3954 807 4028 poterat,
830 3949 915 4027 quod
931 3948 969 4010 de
987 3948 1152 4009 hominum
1166 3948 1367 4011 valetudine:
1386 3949 1471 4026 quod
1487 3947 1615 4026 gravius
1631 3952 1787 4025 aegrotant

81 4050 115 4124 ii,
130 4049 186 4130 qui
202 4066 276 4110 cum
290 4047 403 4109 morbo
418 4046 514 4109 levati
525 4046 717 4122 viderentur,
729 4046 760 4106 in
777 4064 849 4108 enm
864 4046 903 4108 de
916 4045 1040 4125 integro
1053 4035 1243 4107 incidbrunt.

121 4249 204 4309 Puto
233 4251 341 4307 autem
370 4262 407 4306 ex
438 4243 487 4305 his
515 4243 613 4306 lector
642 4243 802 4323 intelligit,
831 4244 917 4324 quod
944 4243 1141 4317 volebamus,
1168 4260 1232 4322 quo
1248 4259 1306 4303 nos
1320 4240 1481 4321 proposito
1497 4240 1581 4302 banc
1595 4241 1789 4320 provinciam

81 4344 288 4415 subierimus,
319 4347 351 4405 et
377 4341 488 4421 quanti
516 4341 607 4403 labor
635 4341 686 4402 bie
714 4341 847 4403 steterit.
876 4344 999 4421 Nempe
1027 4360 1099 4402 cum
1114 4338 1297 4421 Hieronymi
1311 4339 1486 4401 versionem
1499 4337 1565 4417 jam
1580 4339 1655 4400 inde
1669 4339 1709 4401 ab
1732 4357 1790 4403 v111

79 4444 198 4506 seculo
228 4459 323 4504 omne
350 4458 451 4521 genus
479 4438 556 4501 vitia
584 4438 800 4519 depravarint,
830 4438 898 4519 ejus
914 4444 981 4500 erut
1011 4439 1065 4518 qni
1092 4437 1187 4499 vellet
1215 4437 1355 4499 nativam
1382 4436 1468 4497 illius
1483 4436 1788 4514 germanitatemre-

80 4549 286 4623 prasentare,
315 4544 437 4601 tantam
467 4537 569 4599 atatis
597 4538 784 4600 memoriam
814 4537 1009 4618 supergredi,
1041 4537 1073 4597 in
1102 4553 1236 4616 eamque
1251 4553 1317 4597 rem
1335 4534 1437 4615 primo
1451 4534 1646 4609 incumbere,
1664 4541 1698 4598 ut
1715 4555 1787 4616 qum

80 4640 232 4702 raeenlum
260 4637 340 4698 illud
368 4639 615 4710 anteverterent,
646 4634 841 4715 exemplaria
869 4635 1135 4708 nanciscerentur,
1165 4638 1222 4695 eut
1249 4651 1320 4711 quea
1349 4637 1433 4694 certe
1450 4631 1629 4693 criticorum
1645 4633 1677 4693 id
1692 4639 1787 4697 etse·
1889 4636 1896 4643 '

83 4739 204 4817 quioris
233 4734 385 4816 temporis
414 4752 527 4796 manus
553 4735 735 4808 evasissent,
764 4734 939 4795 manifestis
966 4733 1088 4795 indiciis
1116 4731 1326 4811 dignosceret.
1357 4733 1439 4792 Nam
1456 4731 1487 4791 in
1509 4732 1629 4792 caeteris
1658 4733 1786 4811 quidem

84 4836 229 4898 omnibns
245 4834 423 4895 litterarum
440 4830 643 4893 monimentis
657 4832 856 4894 recensendis
870 4830 1140 4911 expoliendisque,
1158 4828 1348 4908 exemplaris
1363 4846 1381 4888 a
1397 4846 1460 4906 quo
1474 4833 1634 4907 petuntur,
1665 4837 1720 4892 aut
1747 4831 1789 4893 ad

84 4934 173 5013 cujus
201 4933 372 5012 exiguntur
400 4930 509 5004 tidem,
531 4929 682 4992 momenti
706 4929 879 5010 plurimum
901 4933 977 4990 etas
992 4928 1098 5000 babet,
1116 4927 1141 4988 si
1157 4927 1305 5007 propiore
1319 4925 1358 4986 ab
1374 4925 1513 4987 arretoris
1529 4928 1725 5005 temporibus
1737 4930 1787 4992 in·
1859 5006 1865 5013 Ι

85 5034 217 5095 teruallo
232 5031 334 5093 absit:
351 5029 420 5092 lieri
434 5034 540 5091 tamen
556 5035 671 5110 potest,
687 5036 782 5110 atque
796 5029 955 5090 interdum
973 5027 1143 5100 usuvenit,
1161 5031 1195 5087 ul
1210 5024 1392 5086 recentioris
1408 5024 1466 5084 aevi
1481 5027 1702 5106 apographum
1730 5047 1788 5091 an·

86 5131 212 5212 tiquiori
229 5129 323 5207 louge
338 5129 486 5208 praeteras
501 5127 548 5189 sui
563 5127 674 5190 merito
690 5134 785 5206 atque
799 5126 1030 5200 emendatione,
1048 5131 1158 5206 utpote
1172 5125 1257 5204 quod
1272 5123 1322 5185 vel
1337 5142 1356 5184 a
1370 5123 1538 5184 sinceriore
1567 5125 1639 5200 alio,
1670 5127 1718 5187 vel
1746 5128 1787 5189 eb

86 5227 269 5291 amanuensi
285 5232 317 5288 et
331 5225 528 5305 diligentiore
542 5230 573 5287 et
587 5225 690 5304 magis
703 5225 827 5287 erudito
843 5224 1035 5304 descriptum
1051 5224 1101 5284 sit.
1132 5222 1204 5284 hliu
1233 5228 1278 5283 est
1307 5221 1427 5282 Latinae
1456 5220 1550 5302 hujus
1577 5223 1728 5284 versionis
1753 5224 1786 5287 in

87 5347 157 5388 mss.
174 5323 338 5388 codicibus
353 5322 445 5397 ratio,
462 5323 501 5384 de
516 5323 696 5403 quibusvis
712 5329 789 5403 puto
803 5322 836 5384 id
851 5323 914 5386 tere
929 5340 1070 5402 unquam
1086 5326 1122 5383 nt
1136 5319 1270 5393 eveniat,
1283 5317 1367 5398 quod
1384 5336 1446 5379 non
1464 5318 1502 5378 ad
1531 5320 1685 5397 privatam
1715 5339 1787 5383 eru-

85 5425 248 5496 ditionem,
264 5422 318 5485 sed
333 5422 373 5484 ad
389 5419 500 5502 populi
513 5440 605 5482 usum
621 5421 883 5498 describerentur,
911 5425 1007 5499 utque
1033 5435 1138 5481 eorum
1168 5417 1318 5480 continuo
1345 5415 1448 5476 labem
1465 5421 1640 5494 temporum
1670 5417 1784 5498 terant,

82 5525 200 5604 quibus
211 5520 334 5585 exarati
346 5524 432 5584 sunt.
448 5521 522 5582 Non
535 5519 633 5599 igitur
646 5521 687 5581 ad
702 5538 771 5583 eam
787 5518 926 5602 pristine
940 5517 1114 5597 integritati
1130 5514 1356 5577 restituendam
1379 5514 1455 5576 satis
1474 5517 1541 5573 erat
1569 5531 1642 5575 mss.
1672 5513 1783 5594 libros,

83 5631 118 5685 ut
131 5626 198 5685 turs
212 5620 284 5684 tulit
297 5618 418 5694 obvios,
433 5623 501 5694 aut,
518 5616 573 5698 qui
587 5635 663 5681 sane
678 5618 770 5682 multa
784 5622 934 5700 superant
947 5616 979 5678 iu
996 5613 1208 5690 bibliothecis,
1222 5614 1382 5692 elegantes
1395 5609 1547 5673 adbibere
1560 5609 1594 5674 in
1605 5611 1782 5693 consilium,
