3870 6120
117 187 190 244 1041
698 189 807 245 blena
825 188 1039 246 aesculetis
1058 190 1268 251 PROPERTAE.
1454 244 1457 251 .
1760 198 1830 255 1042

154 319 185 372 et
199 314 364 371 extenderit
378 331 446 371 eum
463 332 552 387 super
565 319 674 371 terram
689 315 815 388 AEgypti.
962 323 987 387 Α
1042 319 1076 373 ad
1091 333 1141 374 eos
1157 318 1207 391 qui
1222 320 1406 380 descendunt
1420 321 1449 378 in
1463 322 1572 380 locum.

115 387 154 444 Bt
170 386 340 460 dispergam
356 386 413 456 (At.
430 388 598 460 disperdam
601 409 611 459 y
631 393 788 460 AEgyptum
805 387 834 442 in
850 387 947 445 ustio·
1004 388 1071 445 llaec
1086 391 1156 445 dicit
1172 393 1313 449 Dominus
1328 393 1425 449 Deus:

190 474 276 540 nes,¹
429 530 435 540 ἡ
1039 463 1070 517 ln
1086 462 1133 516 die
1147 464 1264 533 quando
1287 466 1439 521 descendit
1461 466 1495 521 ad
1522 466 1642 539 inferos,
1665 468 1756 526 indixi
1773 470 1825 539 (lt.

155 535 185 585 et
200 529 347 586 ventilabo
361 545 412 587 eos
427 546 456 584 m
474 533 579 598 terras,
1072 530 1185 602 induxi)
1214 535 1337 605 luctum,
1354 537 1456 609 operui
1470 554 1536 594 cum
1554 540 1681 611 abysso:

155 606 185 658 et
202 601 297 657 scient
313 602 384 674 quia
397 617 451 672 ego
466 603 620 657 Dominus.
1000 603 1036 659 lit
1051 603 1185 676 prohibui
1200 607 1323 664 flumina
1337 611 1415 680 ejus,

115 674 198 747 (Cup.
215 671 329 744 xxxi.)
352 673 388 729 lit
411 674 522 728 iactum
546 678 591 730 est
621 672 651 728 in
676 671 832 730 undecimo
857 688 944 742 anno,
1036 683 1063 732 et
1079 678 1225 732 coercuia
1249 696 1301 736 uss
1318 680 1446 736 multas:

190 744 500 814 tertio,nnamensis‚
554 814 592 827 ..
747 815 753 827 ι
999 695 1825 824 Contristetustrit.contritus)estsupereumbibanus,

154 817 265 873 factum
281 820 326 873 cst
339 816 461 872 verbum
478 821 594 871 Domini
611 815 646 871 ad
663 831 710 872 me
724 814 845 872 dicens:
1035 822 1064 874 st
1078 819 1179 875 omnia
1191 819 1272 892 ligna
1287 822 1348 894 agri
1364 839 1509 879 concussa
1524 828 1605 879 sunt.
1641 860 1643 863 -

113 887 171 944 Fili
187 888 331 973 hominis,
346 887 394 944 dio
410 887 554 944 Pharaoni
575 888 636 960 regi
650 886 777 960 AEgypti,
792 891 822 943 et
836 885 943 960 populo
998 889 1131 946 hsonitu
1148 890 1240 947 ruina
1256 892 1321 963 ejus
1336 893 1480 950 commovi
1495 900 1610 965 gentes,

149 976 327 1087 Guiliimilis
342 1030 436 1114 factus
451 1046 483 1086 es
499 1029 535 1112 io·
545 1028 748 1112 magnitudine
762 1029 838 1085 tusi
1033 963 1290 1092 ouilnesiiiiiiiirraennt1
1303 967 1446 1093 iiiiiicuiri
1458 970 1610 1091 :mmnum
1627 981 1693 1021 cum
1710 966 1757 1023 hm
1772 985 1823 1040 qm

111 1102 188 1158 Ecce
203 1105 297 1158 Assur
312 1119 395 1172 quasi
408 1102 514 1158 cedrus
528 1118 557 1157 m
575 1101 696 1168 Libano,
996 1103 1032 1160 bt
1046 1106 1198 1161 consolata
1213 1112 1282 1163 sunt
1298 1107 1327 1163 in
1342 1113 1421 1164 terra
1436 1107 1555 1164 infirma
1570 1107 1669 1163 omnia
1679 1107 1759 1180 ligna
1770 1127 1820 1167 vo·

148 1175 275 1246 pulcher
288 1174 391 1238 ramis,
406 1178 435 1228 et
455 1173 607 1229 frondibus
623 1187 807 1237 nemorosus,
1067 1175 1201 1248 luptatis,
1214 1180 1328 1250 egregia
1341 1187 1428 1251 atque
1438 1178 1577 1252 preclara
1591 1179 1621 1234 in
1638 1180 1757 1250 bibano,

147 1245 344 1318 excelsusque
359 1244 526 1311 altitudine,
1032 1238 1168 1304 uuivefsa
1184 1266 1249 1321 quoa
1264 1252 1465 1322 irrigabantur
1480 1250 1575 1323 aquis.

147 1322 178 1374 et
189 1318 268 1373 inter
280 1317 443 1373 condensas
457 1316 575 1372 frondes
587 1313 733 1371 elevatum
745 1317 790 1371 est
800 1329 940 1370 cacumen
994 1317 1067 1377 Nam
1079 1320 1180 1447 etripsi
1194 1338 1262 1448 curln
1277 1339 1311 1378 eo
1326 1324 1505 1380 descendent
1518 1321 1549 1377 in
1564 1320 1713 1378 infernum
1725 1323 1760 1379 ad
1776 1323 1819 1379 in·

184 1390 263 1445 e‘us.
1065 1396 1201 1448 tereotos
1248 1394 1338 1450 adio:

105 1406 393 1534 AquaeJnutrierunt
406 1458 503 1541 illum.
615 1529 620 1540 Ι
663 1527 669 1541 1
1029 1466 1058 1518 et
1073 1408 1235 1520 brachiumg
1243 1466 1479 1537 uniuscujusque
1499 1464 1613 1521 sedebit
1627 1464 1681 1521 sub
1697 1467 1820 1524 umbra·

144 1534 275 1604 abyssus
289 1529 427 1587 exaltavit
441 1530 498 1602 (lt.
514 1527 647 1600 elevavit)
662 1527 766 1586 allum:
1064 1533 1150 1590 culo¹
1166 1536 1231 1604 ejus
1246 1537 1275 1591 in
1289 1537 1385 1593 medio
1401 1537 1568 1594 nationum.

105 1604 250 1661 Flumina
264 1603 330 1674 ejus
345 1603 506 1659 manabant
526 1601 555 1656 in
571 1601 694 1657 circuitu
711 1600 844 1657 radicum
861 1601 936 1671 eius,
993 1601 1045 1659 cui
1061 1604 1245 1664 assimilatus
1258 1624 1300 1673 es,
1316 1624 1333 1664 o
1349 1606 1457 1682 inclyto
1472 1612 1562 1681 atque
1577 1606 1725 1677 sublimis,
1743 1609 1819 1667 inter

141 1682 173 1731 ct
188 1676 268 1732 rivos
280 1690 351 1732 suos
365 1674 465 1730 emisit
488 1672 523 1728 ad
549 1672 686 1729 univorsa
702 1670 782 1745 ligna
798 1671 935 1744 regionis.
953 1691 977 1760 B
1064 1675 1083 1732 li
1106 1694 1144 1733 ns
1158 1677 1343 1752 voluptatist

102 1746 267 1820 Propterea
291 1745 399 1802 elevata
422 1749 466 1801 est
489 1743 615 1800 altitudo
639 1745 704 1815 ejus
728 1744 934 1816 superomnia
991 1693 1104 1805 licceti

180 1819 264 1890 ligna
276 1817 419 1900 regionis:
634 1887 640 1899 ¹
1057 1818 1205 1891 ultimam,

141 1894 173 1946 et
188 1888 383 1962 multiplicata
396 1894 466 1945 sunt
481 1887 601 1944 arbusta
614 1903 702 1970 epus„
814 1957 820 1969 Ι
1020 1889 1050 1945 in
1067 1893 1164 1949 medio
1179 1892 1452 1949 incircumcisorum
1469 1892 1613 1963 dormies,

141 1967 173 2018 st
188 1961 293 2018 elevati
308 1965 379 2017 sunt
393 1959 466 2016 rami
481 1959 545 2031 eJus
561 1975 619 2031 pra
634 1975 720 2031 aquis
736 1955 849 2026 multra,
1020 1976 1087 2019 eum
1103 1963 1146 2020 sis
1162 1964 1211 2037 qui
1228 1964 1373 2022 interfecti
1389 1967 1460 2022 sunt
1473 1964 1591 2034 gladio:

103 2032 242 2118 Cumque
257 2033 437 2118 extendisset
452 2031 493 2104 (h.
518 2029 659 2115 entendit)
681 2030 931 2113 umbramsuam,
985 2032 1050 2106 lpse
1064 2038 1109 2091 est
1122 2034 1236 2120 Pharao
1246 2036 1314 2119 ’,(ᾼὶ.
1336 2036 1383 2093 Sic
1393 2030 1534 2119 ¹Phanio),
1549 2038 1579 2092 et
1593 2034 1690 2092 omnia
1706 2036 1806 2092 multi-

139 2098 931 2247 tl:tlitithitttlttittttltttltiltttlt
984 2107 1460 2250 rirptbmtltsiltiti‘tt?
1475 2107 1655 2235 iiiimmr
1671 2195 1759 2253 an,
1775 2181 1805 2239 a

173 2248 322 2314 saltuum,
1055 2265 1156 2306 mense
1171 2250 1355 2318 duodecimo,
1368 2249 1399 2305 in
1416 2266 1475 2306 una
1489 2249 1612 2317 mensis,

137 2326 166 2376 et
180 2320 239 2376 sub
251 2316 423 2375 umbraculo
435 2315 515 2372 illius
525 2315 681 2372 habitabat
691 2319 784 2373 emtus
795 2315 928 2389 gentium
1019 2318 1129 2377 factum
1145 2325 1191 2378 est
1204 2321 1327 2379 verbum
1344 2321 1459 2378 Domini
1476 2321 1512 2378 ad
1528 2337 1586 2392 me,
1601 2321 1720 2380 dicens:

174 2391 374 2464 plurimarum
390 2389 441 2463 (lt.
459 2387 688 2458 universarum.)
983 2389 1038 2446 Fili
1053 2391 1193 2462 bominis,

106 2464 232 2591 Eratque
248 2462 466 2535 pulcherrimus
491 2459 520 2515 in
546 2459 750 2531 magnitudine
775 2475 840 2530 sua,
855 2463 883 2515 et
899 2459 929 2516 in
1017 2479 1136 2520 assume
1151 2463 1314 2521 lamentum
1329 2480 1418 2538 super
1438 2463 1551 2522 Pharao
1566 2479 1665 2538 regom
1681 2466 1807 2541 AEgypti,

195 2533 349 2592 ilatatione
365 2534 551 2590 arbustorum
567 2546 690 2587 suorum
707 2547 714 2585 :
1052 2538 1081 2591 ot
1095 2535 1175 2592 dices
1190 2536 1226 2592 ad
1241 2551 1329 2593 sum:

136 2605 295 2664 eratenim
312 2605 395 2662 radix
411 2603 491 2661 illius
504 2605 589 2674 iusta
602 2619 694 2674 aquas
710 2602 829 2658 multas.
981 2604 1072 2661 Leom-
1084 2606 1217 2677 gentium
1232 2605 1416 2663 assimilatus
1430 2621 1472 2676 es,

110 2672 185 2735 tetri
199 2694 259 2734 non
276 2679 397 2733 fuerunt
409 2675 527 2732 altiores
543 2673 594 2731 illo
609 2674 639 2730 in
654 2673 790 2745 paradiso
804 2671 867 2740 Dei,
1011 2680 1045 2733 et
1059 2678 1177 2735 draconi
1193 2680 1243 2751 qul
1259 2677 1346 2735 estin
1363 2678 1456 2733 mari:

138 2751 252 2806 abietes
268 2766 326 2805 non
343 2749 567 2820 adaquaverunt
581 2746 782 2802 summitatem
798 2745 873 2812 e'us‚
980 2749 1015 2804 lit
1029 2747 1192 2805 ventilabas
1207 2765 1297 2807 cornu
1314 2748 1346 2805 in
1361 2747 1535 2804 fluminibus
1550 2746 1622 2815 tuis,

137 2827 167 2878 st
183 2821 297 2893 platani
312 2837 371 2877 non
385 2821 504 2876 fuerunt
518 2834 609 2890 equa
625 2816 778 2873 frondibus
792 2815 811 2871 il
827 2817 892 2872 ius:
1017 2824 1045 2875 et
1059 2820 1257 2877 conturbabas
1272 2836 1365 2893 aquas
1381 2819 1505 2892 pedibus
1521 2818 1591 2886 tuis,

137 2908 225 2949 omno
240 2892 353 2965 lignum
377 2889 505 2964 paradisi
527 2889 578 2945 Dei
599 2905 656 2945 nou
670 2892 716 2945 est
730 2888 928 2945 assimilatum
980 2893 1011 2946 et
1025 2891 1217 2949 conculcabas
1232 2892 1357 2949 flumina
1371 2905 1485 2947 eorum.

173 2963 231 3033 illi,
247 2968 277 3020 et
291 2961 504 3037 pulchritudini
519 2962 594 3033 ejus,
981 2966 1139 3035 Propterea
1152 2963 1214 3020 hec
1230 2963 1302 3021 dicit
1316 2961 1460 3019 Dominus
1475 2961 1571 3018 Deus:

106 3031 251 3097 Quoniam
276 3052 290 3092 s
313 3036 442 3092 eciosum
468 3033 522 3090 feci
546 3030 928 3103 eum‚etmultisconden·
944 3067 967 3134 C
983 3032 1152 3106 Expandam
1177 3052 1265 3108 super
1289 3040 1318 3091 te
1346 3040 1408 3091 rste
1435 3049 1535 3090 meum
1567 3032 1597 3088 in
1614 3029 1806 3090 multitudine

171 3108 276 3178 sisque
291 3053 464 3164 irondibus:
1055 3105 1231 3179 populorum
1247 3106 1418 3171 multorum,

135 3185 162 3235 et
172 3178 314 3236 aemulata
324 3182 396 3235 sunt
406 3193 474 3235 eum
486 3176 586 3232 omnia
596 3173 930 3248 lignavolnptatis‚qua
1019 3180 1048 3232 et
1062 3179 1214 3235 extraham
1230 3182 1259 3234 te
1273 3179 1303 3234 in
1319 3193 1430 3250 sagena
1444 3191 1520 3233 mea.
1808 3236 1812 3243 ,

174 3255 263 3307 erant
276 3250 306 3305 in
323 3250 459 3323 paradiso
474 3247 538 3304 Dei.
1019 3248 1055 3304 Iit
1070 3250 1224 3320 projiciam
1238 3254 1267 3307 te
1282 3250 1311 3307 in
1326 3253 1436 3305 terram
1452 3247 1506 3318 (Al.
1521 3245 1552 3302 in
1564 3249 1592 3303 ts
1607 3247 1740 3320 torrem),

95 3316 266 3395 Propterea
280 3320 342 3378 hac
356 3322 428 3377 dicit
442 3319 586 3376 Dominus
599 3318 677 3374 Deus
691 3334 698 3372 :
1020 3336 1110 3393 super
1122 3321 1228 3378 faciem
1243 3321 1305 3395 agri
1321 3320 1459 3392 abjiciam
1472 3323 1518 3376 ts:

94 3385 157 3450 Pro
173 3409 209 3450 eo
223 3393 302 3464 quod
318 3393 496 3451 sublimatus
510 3394 555 3447 est
569 3389 599 3446 io
616 3388 781 3460 altitudine,
984 3393 1020 3449 ut
1034 3391 1166 3449 habitare
1180 3393 1286 3449 faciam
1309 3407 1400 3465 super
1422 3395 1451 3448 te
1474 3387 1574 3448 omnia
1588 3387 1718 3447 volatilia
1732 3387 1807 3460 oceli,

136 3471 168 3522 et
183 3465 268 3521 dedit
282 3465 485 3522 summitatem
500 3477 585 3519 suam
600 3461 742 3518 virentem
759 3466 847 3535 utque
861 3477 929 3519 con·
1021 3468 1050 3519 et
1064 3465 1204 3521 saturabo
1220 3467 1256 3523 de
1269 3468 1298 3521 te
1314 3463 1424 3522 bestias
1440 3461 1582 3519 universa
1593 3466 1688 3518 terre.

175 3537 313 3603 densam,
636 3605 641 3615 υ
700 3603 706 3616 ι
985 3534 1019 3591 lit
1034 3535 1109 3592 dabo
1122 3552 1224 3594 carnes
1240 3541 1308 3593 tuas
1323 3551 1414 3607 super
1427 3539 1554 3602 montes,

138 3612 170 3664 et
182 3607 329 3664 elevatum
345 3611 390 3664 est
404 3623 454 3664 cor
467 3608 532 3677 eius
545 3606 575 3661 in
591 3603 747 3661 altitudine
767 3621 832 3663 sua.
1020 3611 1049 3663 et
1062 3607 1189 3679 implebo
1204 3607 1293 3665 colles
1308 3611 1375 3665 tuos
1390 3605 1472 3664 sanie
1485 3610 1548 3662 tua.

93 3670 307 3807 deidi·⁰i¹m
323 3680 353 3735 in
370 3696 458 3735 mauu
481 3675 633 3735 fortissimi
649 3675 781 3749 gentium
796 3693 804 3745 ;
820 3676 930 3734 faciens
984 3679 1156 3806 litirtrigabo
1171 3684 1278 3737 terram
1295 3679 1385 3736 fetore
1400 3677 1556 3750 sanguinis
1570 3675 1612 3732 tui
1628 3693 1809 3749 supermon-

189 3768 254 3809 acre
280 3768 326 3808 or:
1067 3765 1109 3816 es,

95 3813 196 3878 Juxta
210 3824 390 3894 impietatem
405 3822 470 3894 eJus
484 3821 556 3890 eieci
571 3835 649 3876 eum.
1020 3824 1049 3876 et
1062 3819 1150 3877 valles
1166 3820 1367 3890 implebuntur
1377 3836 1412 3875 ox
1425 3823 1464 3876 te.

95 3889 142 3948 Bt
156 3895 313 3951 succident
326 3892 412 3949 illum
423 3892 509 3949 alieni
521 3888 751 3949 otcrudelissimi
763 3889 929 3961 nationum,
984 3893 1019 3949 Et
1028 3892 1174 3964 operiam,
1190 3908 1255 3947 cum
1271 3891 1435 3947 exstinctus
1451 3888 1552 3953 fueris.
1568 3887 1668 3958 omlos,

140 3970 170 4022 et
185 3966 345 4049 projicient
359 3980 427 4021 eum
442 3981 532 4036 super
546 3966 673 4032 montes,
777 4031 784 4045 ι
819 4032 826 4045 0
1019 3966 1048 4019 et
1063 3965 1228 4035 nigrescere
1244 3962 1348 4019 faciam
1364 3960 1466 4018 stellas
1480 3961 1564 4033 ejus:

142 4044 171 4094 et
186 4054 216 4093 m
233 4037 349 4093 conctis
362 4035 546 4093 convallibus
560 4037 698 4091 corruent
712 4047 785 4087 rami
801 4047 876 4102 epus,
983 4033 1079 4091 Solem
1096 4035 1174 4091 nube
1189 4038 1297 4107 tegam.

141 4115 170 4166 ct
185 4109 412 4181 confringentur
426 4108 548 4164 arbusta
562 4107 627 4177 eius
643 4105 672 4160 in
689 4101 832 4160 universis
847 4102 930 4176 rupi·
1020 4110 1050 4162 ot
1062 4105 1134 4163 luna
1148 4123 1206 4162 non
1222 4105 1304 4161 dabit
1318 4104 1417 4160 lumen
1433 4119 1532 4159 suum.
1575 4173 1582 4187 .

176 4181 234 4237 bos
249 4186 353 4237 terrea:
985 4177 1092 4236 Omnia
1108 4177 1266 4234 luminaria
1289 4175 1353 4232 cccli
1376 4191 1498 4231 moerere
1528 4174 1633 4230 faciam
1658 4175 1807 4244 superte:

96 4240 141 4306 Et
155 4252 295 4309 recedent
305 4252 341 4308 de
351 4249 524 4308 umbraculo
535 4249 600 4321 ejus
613 4263 717 4304 omnes
727 4245 827 4320 populi
839 4253 930 4315 terra,
1020 4253 1050 4306 et
1065 4250 1141 4306 dabo
1155 4249 1292 4307 tenebras
1307 4252 1514 4320 superterram
1526 4250 1619 4315 tuam,
1632 4241 1810 4301 dicitnomi·

140 4329 170 4381 et
185 4324 356 4396 relinquent
369 4338 446 4378 eum.
1056 4338 1114 4378 nus
1128 4321 1233 4378 beust.

97 4384 137 4449 in
154 4394 243 4451 ruina
257 4398 323 4466 olus
335 4393 542 4451 habitaverunt
556 4390 655 4448 omnia
670 4387 800 4447 volatilia
819 4389 896 4456 ciali,
987 4394 1021 4450 ht
1035 4392 1157 4449 irritabo
1172 4408 1223 4448 cor
1237 4390 1411 4462 populorum
1427 4389 1600 4458 multorum,

140 4472 171 4524 et
182 4467 213 4523 in
225 4467 388 4537 ramist'us
400 4465 521 4522 luerunt
531 4463 672 4519 universa
684 4459 783 4518 hestiae
794 4460 932 4533 regionis.
948 4442 971 4508 D
1022 4481 1089 4521 carm
1114 4464 1257 4520 induxero
1285 4461 1492 4519 contritionem
1520 4463 1602 4515 tuam
1624 4457 1654 4514 in
1670 4456 1810 4531 gentibus

93 4526 198 4595 Quam
215 4539 254 4594 ob
281 4554 343 4595 reru
365 4554 423 4594 non
447 4534 641 4594 clovabuntur
661 4532 690 4590 in
706 4531 862 4589 altitudine
876 4549 932 4589 sua
1057 4552 1147 4608 super
1160 4540 1254 4592 terras
1270 4550 1344 4607 quas
1360 4532 1466 4590 nescis.

177 4609 280 4666 omnia
295 4609 378 4682 ligna
392 4622 548 4680 aquarum,
985 4608 1020 4664 lit
1035 4612 1204 4679 stupescere
1217 4606 1322 4663 faciam
1338 4621 1427 4676 super
1440 4608 1469 4660 ts
1482 4600 1606 4675 populos
1621 4599 1731 4657 multos
1748 4616 1755 4657 :

139 4698 195 4738 uec
211 4684 322 4752 ponent
345 4679 561 4737 sublimitatem
586 4692 671 4734 suam
686 4674 762 4731 inter
777 4691 932 4732 nemorosa
1022 4683 1050 4736 et
1065 4694 1148 4751 reges
1164 4694 1264 4735 eorum
1290 4677 1410 4733 horrore
1435 4674 1528 4732 nimio
1543 4672 1746 4730 formidabunt
1759 4688 1810 4729 su·

197 4757 208 4806 t
285 4753 297 4807 f
407 4768 434 4815 a,
1095 4754 1161 4816 rto,

97 4827 160 4882 nec
175 4754 543 4909 :titinintriidsiiblimitate
557 4835 659 4876 eorum
675 4817 775 4875 omnia
787 4834 851 4890 qua
866 4816 931 4873 irri·
1022 4766 1092 4877 unffi
1105 4820 1202 4877 volare
1227 4818 1346 4892 ceperit
1368 4816 1486 4891 gladius
1511 4831 1594 4873 meus
1616 4831 1707 4889 super
1722 4813 1811 4871 facies

97 4900 414 5024 Quiagriririiersatiialiliti
430 4967 499 5021 sunt
512 4963 543 5019 io
560 4965 684 5045 mortem
695 4961 730 5016 ad
741 4965 848 5016 terram
860 4958 932 5015 ulti·
1022 4909 1274 5047 eriiriiiiip'aqcenr
1302 4965 1420 5035 repente
1443 4958 1553 5033 singuli
1575 4975 1629 5032 pro
1644 4958 1743 5016 anima
1758 4972 1812 5014 aua

177 5055 271 5108 mam,
288 5039 317 5094 in
334 5037 431 5096 medio
442 5035 571 5093 liliorum
587 5033 754 5104 hominnm,
1058 5034 1088 5091 in
1104 5035 1150 5092 die
1163 5050 1254 5090 rurore
1267 5039 1334 5090 tue.

1099 1749 1222 1807 eductus
1237 1766 1268 1807 es
1284 1767 1351 1807 oum
1375 1750 1465 1824 lignis
1480 1749 1642 1823 voluptatis
1654 1751 1690 1807 ad
1708 1757 1815 1809 terram

139 5252 240 5310 ¹llide
255 5268 320 5324 qua
345 5252 534 5309 observamus
559 5247 588 5305 in
612 5246 778 5304 comment.
801 5243 933 5302 adhunc
986 5247 1154 5321 pericopen.
1180 5246 1210 5303 Si
1225 5244 1366 5303 Hebraico
1393 5244 1561 5306 baberetur,
1578 5240 1625 5296 his
1650 5241 1708 5296 lere
1723 5239 1813 5295 scribi

108 5314 220 5381 ¹⁰⁰1im·
987 5336 1138 5394 debuisset
1164 5335 1270 5403 vorbis,
1295 5345 1358 5435 Y'ttt
1385 5342 1463 5419 'tim
1481 5341 1570 5418 'pigri
1590 5338 1674 5395 ibn,
1693 5343 1757 5400 quo
1773 5327 1815 5383 ni·

108 5387 935 5536 afflictissimiteneritatem}
1096 5424 1371 5497 assuerus
1387 5416 1629 5495 corruam
1645 5427 1714 5500 nn
1730 5424 1815 5478 *aar

111 5542 198 5612 uque
211 5538 287 5611 ipsis
300 5535 504 5620 Septuaginta,
527 5534 654 5604 denique
669 5530 697 5587 in
716 5530 935 5592 melioris-notae
987 5526 1069 5602 'iiiii
1083 5498 1121 5580 iil
1136 5513 1223 5587 ¹⁰l¹ss⁰
1249 5513 1401 5579 misellinis
1429 5516 1473 5578 ¹¹2·
1487 5509 1562 5579 ‘lumi
1578 5504 1814 5606 ⁸⁰⁸l³i⁰⁸b⁸fflllb

111 5607 351 5682 hieronymianis
362 5605 598 5670 codicibu⁸20um
610 5603 697 5660 ediiifl
708 5605 770 5657 illm
783 5618 867 5674 ml..
884 5610 935 5666 de·
990 5603 1152 5663 existimari
1165 5603 1260 5676 possit
1269 5601 1322 5660 illa
1333 5599 1465 5678 cJusdem
1476 5597 1505 5654 io
1516 5595 1633 5652 fiebreo
1650 5597 1816 5676 sententiae.

111 5681 292 5739 fflictentur·
313 5679 438 5735 Videtur
454 5674 746 5748 wlissfi⁰li⁸⁰⁸l>iii¹ii
759 5689 824 5743 ΠΧ,
835 5676 862 5750 i,
879 5696 937 5743 res·
991 5678 1028 5736 ob
1043 5676 1180 5738 lectionis
1198 5673 1386 5749 varietatem,
1410 5673 1525 5731 diuersa
1546 5669 1659 5723 tantum
1674 5670 1817 5737 interpre-

108 5753 237 5829 pexisse,
263 5752 314 5825 qui
338 5752 416 5808 hanc
441 5747 554 5806 addidit
575 5747 684 5806 Latina
698 5747 936 5825 interpretationi
993 5750 1075 5811 tatio.
