3870 6120
113 302 172 361 325
858 306 1106 364 uvsaaaxoun.
1771 324 1828 382 Μ

115 428 324 503 pititomlnus.
333 429 658 503 Cumquevocaessteos
673 432 815 499 tloses,et
825 444 943 485 ornnem
959 426 1163 497 Assntsimut
1176 435 1506 506 tabule,etbaberoutss
1515 443 1601 501 bases
1611 449 1765 516 argenteas
1776 465 1824 507 se·

115 521 271 579 eruditum
285 523 393 591 virum,
406 526 453 579 cui
469 522 949 593 dederatDominussapientiam‚
1003 519 1109 588 decim,
1125 523 1211 581 binus
1226 527 1337 585 scilicet
1360 530 1445 587 bueus
1468 534 1525 590 sub
1549 535 1675 608 singulis
1700 539 1823 599 tabulis.

117 614 150 669 et
161 611 217 682 qui
226 616 334 684 sponte
347 629 403 671 sua
415 613 584 671 obtulerent
594 629 626 671 se
637 613 674 670 ad
689 612 949 683 laciendumopus,
1005 607 1084 664 Fecit
1097 615 1127 666 et
1140 617 1237 671 vertes
1251 616 1288 673 de
1303 614 1393 690 lignis
1407 621 1516 690 settim,
1532 623 1665 697 quinque
1679 628 1719 684 ad
1734 628 1827 686 conti·

117 700 248 758 trsdidit
261 702 305 759 ete
320 701 458 760 universa
474 702 597 760 donaria
612 700 741 759 illiorum
767 699 869 757 israel.
894 696 950 764 Oui
1003 698 1115 754 neudes
1127 701 1242 759 tabulas
1252 703 1448 765 uniusteterie
1458 711 1687 783 tabernaculi,et
1697 715 1826 788 quinque

117 804 188 848 eum
206 789 355 849 instarent
368 791 461 866 operi,
477 790 611 864 quotidie
625 805 712 847 mane
733 793 800 846 vote
823 786 950 861 populus
1001 784 1077 842 alios
1092 787 1129 843 ud
1145 788 1265 849 alterius
1275 792 1376 852 lateris
1390 797 1508 855 tabutas
1523 802 1716 873 coaptandas,
1733 809 1762 860 et
1776 821 1826 862 ex·

116 878 273 936 offerebat.
289 878 611 939 Uadsartiticssvenire
633 877 792 951 compulsi,
813 877 950 933 dixerunt
1002 878 1050 931 tra
1060 875 1124 945 bos,
1140 879 1272 954 quinque
1287 883 1361 940 atius
1371 891 1468 943 vectes
1483 889 1520 944 ed
1534 890 1745 949 occidentalem
1760 892 1825 966 pla·

118 967 216 1025 llesit
233 968 305 1026 Plus
320 970 404 1027 ndert
419 969 536 1043 populis
555 985 647 1042 quam
673 967 871 1025 neceesarium
892 971 948 1023 est.
1001 978 1070 1036 gam
1085 965 1266 1026 tabernaculi
1282 975 1384 1029 contra
1399 975 1569 1033 marcescit
1583 994 1699 1052 queque
1713 987 1824 1039 vectem

114 1056 218 1115 «lussit
231 1073 304 1132 ergo
318 1059 415 1119 Nosse
427 1058 571 1133 preconis
595 1074 664 1116 vocs
688 1056 819 1114 cantari:
835 1055 893 1113 Nec
906 1056 953 1112 vir
1000 1054 1106 1124 atium,
1121 1058 1173 1129 qui
1186 1075 1238 1132 psr
1249 1062 1361 1119 medies
1371 1064 1488 1122 tabulae
1503 1067 1539 1123 ab
1554 1067 1664 1140 angulo
1678 1086 1773 1143 usque
1787 1072 1824 1128 sd

116 1164 173 1205 nse
179 1147 461 1223 mulierquidquam
471 1148 662 1207 ultraollerat
673 1149 703 1204 in
715 1163 803 1220 opere
812 1150 949 1204 sanetus·
1001 1143 1143 1216 angulum
1159 1149 1333 1220 perveniret.
1345 1154 1518 1225 lpsaautem
1529 1154 1665 1213 tabulata
1675 1158 1828 1216 deauravit

117 1236 165 1294 rii.
182 1236 295 1310 Sisque
309 1242 457 1296 casatum
468 1243 514 1295 eet
528 1235 948 1304 amuneribueoilereudis,eo
999 1236 1030 1287 οἱ
1044 1230 1169 1290 circulos
1184 1251 1285 1293 eorum
1297 1240 1318 1307 ¹,
1333 1239 1402 1297 letti
1417 1257 1534 1309 aureoli»
1549 1259 1601 1316 ptr
1625 1260 1701 1318 (1⁰⁰⁸
1726 1253 1824 1304 V0⁰l⁰⁰

115 1326 197 1399 quod
212 1326 317 1383 obtata
330 1328 512 1396 sufficerent,
524 1332 553 1385 et
561 1326 847 1400 superabundarent.
859 1325 948 1383 Fece·
1000 1318 1450 1402 iuducit’ffilffllt‘tti080litffl0tt
1461 1329 1825 1407 l⁸¹1¹i¹¹l⁸⁸¹¹t⁰l⁸⁰tlttl¹¹lb

116 1419 253 1487 mem„
267 1430 372 1474 omne.
386 1417 474 1475 sorde
489 1417 637 1490 sapientes
648 1415 948 1488 adexpleudumopus
1001 1409 1080 1466 l'soit
1094 1417 1124 1468 et
1136 1412 1236 1470 velum
1252 1416 1287 1471 de
1304 1417 1475 1492 hyacintho,
1487 1437 1629 1495 purpura,
1652 1424 1825 1494 vermiculo,

116 1504 319 1574 tabernaculi,
338 1506 466 1564 curtinas
479 1507 593 1575 decem,
610 1506 646 1563 de
666 1506 755 1579 bysso
776 1509 896 1571 oetorte,
920 1507 949 1560 et
999 1514 1034 1555 to
1047 1500 1134 1573 bvsto
1151 1507 1269 1574 retortu,
1285 1523 1373 1578 oport
1386 1507 1585 1582 polymitario.
1607 1511 1721 1569 terium
1736 1517 1826 1587 &litut

117 1591 294 1666 bpscintbo,
308 1598 339 1652 st
353 1611 494 1669 purpura,
509 1610 657 1667 coccoque
672 1594 719 1651 bis
732 1594 836 1663 tincto,
861 1608 948 1666 opere
1000 1587 1187 1661 distinctum,
1201 1596 1231 1649 et
1242 1599 1371 1665 quatuor
1387 1596 1542 1656 columnas
1556 1600 1593 1656 de
1606 1599 1696 1673 lignis
1711 1601 1824 1673 settim,
1917 1642 1922 1649 ·

115 1680 201 1739 vario
219 1686 251 1738 et
274 1686 338 1740 arte
360 1683 526 1757 polymita:
554 1699 679 1756 quarum
700 1699 760 1741 una
774 1682 902 1740 babebat
917 1682 947 1738 in
1000 1691 1157 1750 quaecum
1175 1681 1323 1754 capitibus
1332 1684 1494 1755 deauravit,
1505 1688 1579 1746 tusis
1588 1689 1710 1747 basibus
1721 1706 1822 1749 sarum

117 1768 311 1845 longitudine
324 1771 428 1846 viginti
442 1777 507 1830 oetn
532 1772 659 1841 cubitos,
683 1776 713 1829 et
737 1771 768 1830 in
791 1770 947 1828 latitudine
960 1793 985 1861 B
999 1768 1158 1840 argenteis.
1175 1770 1255 1828 Fecit
1268 1776 1298 1830 et
1307 1773 1467 1832 tentorium
1479 1774 1510 1833 in
1520 1776 1644 1835 introitu
1652 1780 1823 1839 tabernacu-

117 1865 262 1932 quatuor,
278 1877 340 1919 una
354 1866 573 1919 mensur-serat
596 1861 729 1919 omnium
752 1860 945 1918 cortinarum.
998 1855 1031 1921 n.
1061 1872 1098 1914 ox
1121 1857 1289 1932 hyacintho,
1314 1879 1455 1937 purpure,
1479 1864 1652 1936 vermiculo,
1674 1867 1823 1942 byssoque

117 1948 337 2022 Gonjunxitque
350 1950 479 2008 cuninae
492 1951 635 2025 quinque,
660 1949 782 2007 alteram
808 1949 902 2019 atteri,
918 1953 948 2007 et
998 1948 1117 2017 retorta,
1133 1964 1220 2021 opere
1234 1948 1385 2022 plumarii,
1400 1956 1430 2009 et
1444 1953 1599 2012 columnas
1612 1956 1743 2029 quinque
1753 1972 1821 2014 cum

117 2036 191 2095 alias
205 2037 341 2110 quinque
355 2038 413 2096 sibi
422 2038 549 2097 invicem
560 2039 718 2114 copulavit.
733 2038 811 2096 Fecit
820 2042 945 2095 stansas
997 2035 1145 2108 capitibus
1159 2041 1233 2109 suis,
1251 2055 1325 2111 ques
1339 2042 1456 2116 operuit
1469 2059 1552 2115 aure,
1563 2043 1709 2116 basesque
1719 2061 1821 2103 earum

117 2125 329 2201 hyacinthinas
343 2128 373 2185 in
389 2145 441 2186 ura
455 2129 573 2186 cortine
588 2129 678 2185 unius
689 2145 725 2186 sx
740 2132 863 2196 utroque
873 2126 945 2184 lats·
997 2123 1074 2180 ludit
1087 2142 1191 2184 eneas.

117 2232 158 2285 rs,
172 2220 202 2274 et
217 2215 249 2273 in
265 2233 318 2276 ura
333 2218 453 2275 cortine
468 2217 591 2276 alterius
614 2217 761 2287 similiter,
787 2222 820 2274 ut
843 2221 945 2274 centra
1031 2214 1073 2286 [C.
1089 2215 1236 2289 cxxxvl,
1250 2217 1315 2291 Cup.
1331 2220 1477 2292 llxxvii]
1494 2221 1681 2280 Fecitautem
1693 2222 1821 2283 Beseleel

117 2320 148 2363 se
161 2305 290 2364 invicem
307 2308 441 2364 venirent
463 2324 552 2376 ause,
577 2312 607 2365 et
620 2311 724 2364 mutue
736 2307 944 2379 jungerentur.
995 2307 1025 2359 et
1038 2320 1135 2361 arcam
1151 2306 1187 2361 da
1201 2305 1653 2379 lignissettim,hebentemduos
1666 2313 1757 2370 semis
1769 2329 1818 2371 cu·

119 2392 200 2451 Unde
213 2398 245 2452 st
267 2396 488 2469 quinquaginta
512 2396 590 2453 feeit
605 2394 731 2454 circulos
760 2410 876 2464 aureos,
891 2391 944 2466 qui
995 2390 1073 2448 bitus
1089 2392 1118 2448 in
1132 2393 1326 2466 longitudine,
1343 2401 1371 2452 et
1385 2397 1516 2455 nubitum
1528 2400 1722 2460 aoeemissem
1733 2401 1762 2458 in
1775 2402 1819 2461 la·

121 2484 481 2543 morderentcortinarum
496 2502 596 2555 ansas,
610 2493 638 2542 et
651 2485 734 2542 fleret
745 2501 837 2541 unum
847 2484 944 2540 taber·
995 2480 1140 2539 titudine:
1157 2481 1279 2541 altitudo
1293 2501 1410 2558 quoque
1425 2488 1614 2546 uniueoubiti
1627 2489 1683 2547 luit
1693 2495 1722 2549 et
1733 2490 1821 2549 dimi-

121 2572 272 2631 ueeutum.
288 2573 369 2631 Facit
382 2578 411 2631 st
425 2590 499 2648 saga
513 2574 649 2632 undecim
665 2576 700 2631 de
712 2572 943 2648 piliscnprarum
995 2568 1048 2640 dii,
1064 2571 1240 2644 vestivitque
1254 2589 1320 2630 eam
1335 2591 1406 2632 euro
1421 2576 1581 2649 purissimo
1596 2578 1677 2636 intus
1691 2596 1726 2638 ee
1736 2580 1821 2639 lucis.
1928 2612 1931 2617 ·

123 2662 365 2735 adoperiendam
380 2666 491 2721 tectum
506 2662 707 2720 tabernaculi:
725 2676 818 2719 unum
838 2677 943 2734 sagum
1000 2657 1035 2714 lit
1051 2658 1120 2716 tecit
1135 2659 1177 2717 illi
1192 2677 1330 2719 coronam
1345 2679 1464 2722 auream
1481 2682 1663 2740 pergyrum,
1687 2669 1821 2728 conflens

123 2752 150 2808 ie
165 2749 355 2825 longitudine
369 2750 498 2810 habebat
512 2752 629 2810 cubitus
644 2752 779 2825 triginta,
796 2755 826 2809 at
841 2752 870 2807 in
881 2748 945 2806 tati·
995 2751 1126 2819 quatuor
1140 2749 1267 2808 annulos
1278 2767 1383 2809 aureos
1398 2769 1449 2825 per
1463 2756 1725 2829 quatuoranguloe
1735 2758 1820 2827 eius:

122 2840 221 2898 tudine
237 2841 355 2898 cubitos
364 2846 493 2914 quatuor
508 2858 515 2898 :
530 2843 619 2899 unius
631 2845 869 2898 mensureerant
880 2855 944 2896 om·
995 2836 1071 2893 duos
1081 2837 1208 2896 annulos
1223 2837 1358 2897 intulere
1372 2843 1576 2914 uuo,.etduus
1591 2842 1620 2900 in
1636 2843 1737 2902 altero.
1763 2844 1823 2903 Ve-

123 2930 169 2987 nia
181 2946 266 3004 saga,
281 2946 410 3004 quorum
425 2931 557 3004 quinque
567 2931 669 3003 junxit
681 2946 825 2998 seersum,
842 2933 870 2986 et
893 2945 944 2985 sex
995 2927 1057 2981 ctes
1072 2940 1189 2999 quoque
1204 2927 1317 2985 teoitde
1332 2927 1421 3002 lignis
1432 2930 1544 3002 settim,
1554 2948 1629 3004 quoe
1638 2933 1756 2991 vestivit
1766 2950 1820 2991 nu·

124 3017 176 3076 alia
189 3019 366 3092 superstite.
377 3020 513 3092 lecitque
523 3036 612 3078 anans
623 3018 840 3092 quinquaginta
851 3017 880 3073 iu
892 3033 944 3075 ore
995 3030 1038 3084 ro,
1055 3018 1084 3070 et
1098 3032 1173 3085 iquos
1188 3016 1271 3074 misit
1285 3017 1315 3074 in
1326 3018 1464 3087 annulus,
1476 3019 1525 3092 qui
1537 3025 1622 3078 orant
1631 3023 1661 3078 in
1673 3019 1817 3080 lateribus

124 3108 181 3180 sagi
195 3108 302 3177 auius,
316 3112 347 3166 et
360 3108 578 3182 quinquaginta
593 3107 752 3181 tnorasagi
765 3105 898 3176 alerius,
910 3110 944 3163 ut
999 3117 1073 3158 aree
1089 3102 1124 3158 sd
1138 3103 1317 3174 portandum
1341 3120 1418 3162 sam.
1441 3105 1521 3164 Fecit
1534 3111 1564 3163 et
1574 3106 1820 3180 propitiatorium,

123 3196 173 3254 sibi
186 3196 316 3254 invicem
332 3198 541 3270 jnngerentur.
559 3198 593 3254 Et
616 3195 723 3254 tibulus
747 3211 843 3253 eneas
856 3155 980 3267 quinv-c
999 3190 1030 3248 id
1045 3199 1100 3262 eet,
1113 3190 1276 3260 oraculum,
1300 3193 1337 3250 de
1360 3210 1433 3251 auro
1457 3194 1667 3264 mundissimo,
1694 3197 1822 3255 duorum

124 3282 945 3358 quaginta,quibusnectereturtectum,utunumpallium
1000 3280 1167 3338 cubitorum
1182 3286 1211 3339 et
1226 3281 1340 3339 dimidii
1355 3282 1386 3339 in
1406 3283 1601 3357 longitudine,
1625 3290 1655 3343 et
1677 3284 1768 3343 cubiti
1787 3302 1822 3345 ao

125 3388 155 3431 ex
166 3374 310 3432 omuibus
325 3374 405 3447 sagis
421 3375 514 3432 tieret.
527 3374 607 3433 Fecit
620 3379 649 3432 st
662 3373 840 3448 opertorium
849 3373 946 3430 teber-
1000 3371 1091 3429 semis
1106 3371 1136 3426 in
1148 3369 1315 3429 latitudine.
1330 3376 1406 3430 Duos
1420 3373 1510 3430 etiam
1533 3373 1692 3432 Cherubim
1704 3390 1738 3431 sx
1749 3392 1821 3434 auru

128 3464 222 3522 meuli
242 3463 280 3521 ds
304 3462 432 3537 pellibus
454 3463 578 3523 amatum
601 3464 759 3521 rubricatis
774 3478 783 3520 ι
806 3461 946 3534 aliudque
1000 3458 1113 3528 destiti,
1130 3475 1205 3532 quos
1220 3461 1319 3533 posuit
1332 3476 1367 3518 ex
1381 3465 1506 3534 utreque
1520 3466 1603 3535 perte
1612 3463 1821 3537 propitiatorii:

125 3551 248 3627 desuper
260 3551 462 3610 velamentum
478 3554 515 3610 de
529 3551 657 3626 pellibus
671 3550 804 3610 iantinis.
820 3551 898 3608 t'scit
915 3555 946 3608 et
999 3548 1114 3607 Cherub
1132 3566 1224 3607 unum
1239 3548 1269 3605 in
1286 3550 1696 3625 summitateuniuspurtis,st
1705 3552 1821 3611 Cherub

123 3640 236 3699 tabulas
250 3641 436 3698 tabernaculi
451 3642 486 3698 ds
501 3640 698 3715 lignissettim
710 3644 832 3698 stantes.
844 3646 945 3697 bacam
998 3639 1124 3695 atterum
1139 3636 1169 3694 in
1184 3638 1357 3696 summitate
1372 3639 1465 3713 partia
1489 3641 1630 3710 alterius3
1655 3642 1730 3699 duos
1748 3642 1821 3699 cbe-

124 3730 289 3788 cubitorum
305 3730 943 3803 oratiougitudutsbuleunius,stunumac
998 3726 1097 3784 rubim
1107 3726 1138 3783 tn
1158 3725 1286 3798 singulis
1308 3728 1529 3786 summitatibus
1555 3729 1746 3803 propitiatorii
1770 3746 1821 3787 ex·

122 3817 943 3878 remiscebitunvlatitudoretiuobsttbineincastraturae
997 3819 1151 3875 tendentes
1179 3818 1253 3884 alas,
1263 3822 1292 3875 et
1306 3823 1437 3892 tegentes
1459 3820 1705 3893 propitiatorium,
1731 3835 1820 3892 seque

120 3914 270 3982 srantper
284 3907 419 3980 singutas
441 3907 570 3977 tabutas,
596 3914 629 3966 ut
652 3909 744 3966 attera
765 3907 851 3965 alteri
870 3908 942 3979 jun·
997 3912 1102 3963 mutuo
1117 3910 1146 3963 et
1161 3905 1233 3962 illud
1249 3912 1458 3980 respectantes.
1476 3909 1555 3966 t'euit
1577 3913 1608 3966 st
1629 3925 1762 3966 mansam
1783 3908 1820 3966 de

116 4004 244 4069 gerstun
261 3998 311 4055 Sie
322 3997 392 4055 tecit
404 3997 435 4053 in
450 3998 590 4055 omnibus
611 3996 721 4056 tabulis
747 3994 939 4054 tabernaculi.
996 3992 1194 4066 liguissettim
1212 3994 1241 4051 in
1254 3994 1449 4069 longitudines
1460 3997 1585 4055 duorum
1600 3997 1776 4066 cubitorum,
1791 4002 1821 4056 et

113 4084 255 4159 tquibus
266 4085 372 4159 viginti
388 4086 424 4143 sd
435 4085 553 4159 plegem
569 4086 762 4144 meridianam
778 4088 941 4143 crantcou·
995 4082 1025 4140 in
1044 4083 1202 4141 latitudine
1216 4084 1305 4141 unius
1320 4085 1492 4158 cubitique
1504 4085 1635 4143 babebat
1648 4085 1819 4144 inaltitudt·

109 4176 154 4232 tra
168 4179 326 4246 Austrum,
341 4191 409 4232 eum
430 4176 628 4249 quadraginta
641 4176 764 4233 basibus
783 4173 939 4247 argenteis.
996 4189 1032 4230 ne
1046 4173 1136 4245 {Vutp
1159 4171 1326 4246 latitudine]
1352 4174 1487 4232 cubitum
1513 4191 1547 4232 sc
1565 4175 1730 4233 misissem.
1753 4174 1818 4233 Gir·

110 4260 180 4321 uu·
194 4264 285 4322 bases
301 4265 357 4321 sub
372 4280 432 4322 una
446 4264 547 4323 tabula
560 4266 746 4339 ponebantur
764 4280 800 4322 ex
815 4268 941 4334 utraque
995 4261 1205 4334 cumdeditqus
1220 4278 1283 4320 eam
1301 4279 1373 4320 aare
1396 4263 1608 4335 mundissimo,
1633 4268 1662 4321 et
1682 4264 1751 4322 ieolt
1774 4264 1818 4322 illi

111 4351 293 4426 augelorum
310 4357 402 4427 perte,
418 4354 468 4411 ubi
483 4353 686 4411 incastraturas
703 4352 827 4410 labrum
843 4352 873 4409 in
887 4368 940 4409 aa·
994 4349 1106 4407 labium
1121 4367 1244 4408 aureum
1260 4368 1443 4425 pergyrum,
1460 4352 1576 4427 ipsique
1590 4352 1817 4411 labionurenam

109 4440 409 4513 gatistsrmiuautur.
426 4444 469 4499 Ad
494 4439 938 4516 plagamquoqueuberneeuti,
994 4454 1113 4496 auream
1129 4437 1327 4497 interrasilem
1343 4444 1470 4513 quatuor
1483 4441 1654 4514 digitorum,
1676 4445 1706 4500 et
1730 4457 1819 4516 super

105 4544 173 4603 qna
189 4530 312 4604 respicit
326 4531 363 4588 ad
380 4529 569 4605 aquilonem,
592 4532 660 4589 tecit
679 4530 784 4604 viginti
804 4529 931 4599 tabutas,
947 4526 971 4593 t)
988 4528 1258 4595 eamdem,etterem
1269 4544 1408 4588 eoronam
1420 4531 1679 4589 aurmm.l·'uditst
1689 4535 1818 4605 quatuor

105 4632 176 4675 eum
190 4619 389 4692 quadraginta
404 4619 690 4692 besibnsargenteis,
703 4619 777 4676 duas
786 4619 873 4676 bases
881 4633 933 4691 par
988 4615 1114 4673 circulus
1129 4631 1245 4686 aurens,
1258 4633 1334 4690 quos
1345 4619 1444 4691 posuit
1455 4619 1484 4675 in
1493 4619 1751 4692 quatuurangulis
1764 4634 1817 4692 per

104 4706 241 4778 singutas
255 4706 384 4764 tabulae.
398 4707 506 4765 Contra
520 4709 705 4766 Occidentem
725 4724 806 4779 vero,
832 4708 862 4765 id
877 4711 933 4776 est,
988 4704 1122 4778 singulus
1136 4706 1226 4779 pedes
1240 4713 1459 4764 menseeuutre
1470 4723 1620 4765 cornuam:
1632 4706 1815 4782 misitqueia

104 4794 217 4853 adeam
227 4800 344 4868 partem
352 4795 547 4865 tabernaculi,
559 4813 623 4870 que
634 4796 853 4869 marerespioit,
865 4795 935 4852 lenit
988 4809 1039 4851 eos
1053 4797 1159 4863 vectes,
1175 4800 1208 4851 ut
1223 4794 1316 4867 possit
1332 4810 1434 4853 mense
1449 4797 1570 4870 portari.
1586 4797 1668 4870 Ipsos
1695 4812 1815 4871 quoque

103 4883 934 4958 saxtabulea,etduesatiasperslngulosangulosta·
987 4887 1085 4939 vectes
1099 4883 1166 4940 lecit
1181 4883 1217 4939 de
1240 4883 1329 4955 tignis
1358 4884 1468 4953 settim,
1496 4889 1527 4942 st
1553 4886 1741 4943 circundedit
1763 4900 1814 4943 eos

105 4970 260 5029 bernaculi
275 4978 364 5030 retro:
381 4975 827 5046 quajuncteeruutsdeoraum
841 4989 933 5047 usque
988 4987 1068 5028 auro.
1087 4972 1120 5027 nv
1135 4989 1204 5029 veen
1219 4973 1255 5028 ad
1272 4972 1403 5029 diversos
1418 4990 1492 5030 usus
1508 4990 1629 5045 mensu,
1645 4971 1812 5041 acetabula,

107 5076 244 5131 unum,
259 5066 291 5119 et
305 5078 396 5119 unam
421 5079 595 5137 compagem
618 5064 728 5135 pariter
754 5064 932 5120 terebantur.
988 5060 1112 5133 phialae,
1129 5060 1259 5133 cyathos,
1276 5067 1304 5118 et
1316 5062 1695 5136 thuributu,exaurnpuro,
1706 5060 1814 5132 iuqui-

107 5148 153 5207 lts
167 5149 237 5207 lertt
249 5166 285 5207 ex
300 5153 425 5225 utraque
439 5155 522 5225 parte
537 5168 590 5225 per
603 5151 746 5224 angulos;
765 5156 797 5209 ut
811 5156 876 5208 octo
887 5167 934 5208 es·
988 5149 1045 5206 bus
1059 5149 1207 5206 ollerende
1219 5154 1291 5206 sunt
1301 5148 1453 5207 libamine.
1470 5150 1550 5208 escit
1564 5156 1593 5208 ct
1603 5148 1812 5207 candelabrum

141 5344 153 5381 ¹
170 5342 202 5401 tn
218 5343 309 5403 editis
324 5348 354 5402 et
368 5344 399 5401 in
414 5345 553 5403 omnibus
575 5362 646 5404 mas.
672 5344 758 5404 tibris
780 5347 932 5405 adduntur
1004 5344 1103 5411 anub,
1114 5347 1148 5401 ut
1161 5347 1190 5401 et
1205 5342 1235 5399 in
1250 5343 1314 5403 suis
1329 5343 1465 5401 Martian.
1482 5343 1604 5409 invenit,
1615 5338 1763 5413 stvulgati
1776 5339 1812 5397 tl·

103 5412 171 5481 fla,
192 5418 266 5483 lasis
293 5416 406 5474 bassim
433 5433 529 5474 earam
553 5417 717 5488 messem
744 5434 808 5491 que
837 5435 930 5476 canon
987 5361 1033 5473 gri
1047 5417 1185 5485 retinent,
1200 5417 1288 5473 verbe
1301 5432 1336 5473 ex
1351 5417 1438 5473 tertio
1449 5416 1485 5472 ab
1501 5415 1561 5496 boc·
1571 5410 1714 5471 versiculo
1729 5426 1811 5485 reps-

106 5484 192 5545 esus
206 5488 293 5545 verit.
306 5488 408 5557 erasit,
425 5489 534 5548 doeens
546 5490 602 5547 boe
617 5491 703 5562 signe
717 5488 746 5546 lv.
774 5488 931 5563 marginali
988 5488 1052 5545 tita.
1067 5488 1165 5546 Canen
1181 5488 1335 5545 Hebraicis
1346 5486 1472 5544 vinitatis
1486 5489 1577 5542 erunt
1596 5485 1682 5556 tuate
1705 5484 1810 5543 arcbe·

110 5572 253 5617 masse
267 5557 298 5615 in
313 5559 446 5618 Hebrao.
461 5560 557 5620 Mser.
987 5564 1103 5634 typum.

136 5630 309 5689 -ltdduut
322 5636 353 5690 et
365 5632 459 5690 nostri
474 5650 546 5691 mss.
561 5631 755 5704 sectatoribus
776 5648 874 5692 surum
883 5648 931 5690 er·
1151 5635 1153 5639 '
