<?xml version="1.0" encoding="UTF-8"?>
<!DOCTYPE html PUBLIC "-//W3C//DTD XHTML 1.0 Transitional//EN"
    "http://www.w3.org/TR/xhtml1/DTD/xhtml1-transitional.dtd">
<html xmlns="http://www.w3.org/1999/xhtml" xml:lang="en" lang="en">
 <head>
  <title>
</title>
<meta http-equiv="Content-Type" content="text/html;charset=utf-8" />
  <meta name='ocr-system' content='tesseract 3.04.00' />
  <meta name='ocr-capabilities' content='ocr_page ocr_carea ocr_par ocr_line ocrx_word'/>
</head>
<body>
  <div class='ocr_page' id='page_1' title='image "./patrologiaecurs13goog_0034.png"; bbox 0 0 3870 6120; ppageno 0'>
   <div class='ocr_carea' id='block_1_1' title="bbox 129 216 1834 363">
    <p class='ocr_par' dir='ltr' id='par_1_1' title="bbox 129 216 1834 363">
     <span class='ocr_line' id='line_1_1' title="bbox 129 216 1834 363; baseline 0.001 -37"><span class='ocrx_word' id='word_1_1' title='bbox 129 262 172 326; x_wconf 85' lang='lat' dir='ltr'><strong>ao</strong></span> <span class='ocrx_word' id='word_1_2' title='bbox 709 216 872 327; x_wconf 76' lang='lat' dir='ltr'><strong>nirnuu</strong></span> <span class='ocrx_word' id='word_1_3' title='bbox 893 261 1245 330; x_wconf 80' lang='lat' dir='ltr'><strong>nnunnrurruonuu</strong></span> <span class='ocrx_word' id='word_1_4' title='bbox 1501 343 1511 363; x_wconf 90' lang='lat'><strong>.</strong></span> <span class='ocrx_word' id='word_1_5' title='bbox 1792 262 1834 327; x_wconf 88' lang='lat' dir='ltr'><strong>eo</strong></span> 
     </span>
    </p>
   </div>
   <div class='ocr_carea' id='block_1_2' title="bbox 126 393 1835 1067">
    <p class='ocr_par' dir='ltr' id='par_1_2' title="bbox 126 393 1835 1067">
     <span class='ocr_line' id='line_1_2' title="bbox 127 393 1835 478; baseline 0.002 -20"><span class='ocrx_word' id='word_1_6' title='bbox 127 395 350 477; x_wconf 86' lang='lat' dir='ltr'><strong>interpretum,</strong></span> <span class='ocrx_word' id='word_1_7' title='bbox 399 399 511 459; x_wconf 88' lang='lat' dir='ltr'><strong>Latine</strong></span> <span class='ocrx_word' id='word_1_8' title='bbox 551 396 648 458; x_wconf 88' lang='lat' dir='ltr'><strong>tuisse</strong></span> <span class='ocrx_word' id='word_1_9' title='bbox 702 414 871 461; x_wconf 81' lang='lat' dir='ltr'><strong>conversos</strong></span> <span class='ocrx_word' id='word_1_10' title='bbox 910 393 989 462; x_wconf 75' lang='lat' dir='ltr'><strong>acb</strong></span> <span class='ocrx_word' id='word_1_11' title='bbox 1005 397 1250 478; x_wconf 83' lang='lat' dir='ltr'><strong>transguletum‚</strong></span> <span class='ocrx_word' id='word_1_12' title='bbox 1279 403 1387 464; x_wconf 75' lang='lat' dir='ltr'><strong>Graece</strong></span> <span class='ocrx_word' id='word_1_13' title='bbox 1415 400 1660 463; x_wconf 85' lang='lat' dir='ltr'><strong>convertendum</strong></span> <span class='ocrx_word' id='word_1_14' title='bbox 1688 396 1835 461; x_wconf 87' lang='lat' dir='ltr'><strong>tradidit.</strong></span> 
     </span>
     <span class='ocr_line' id='line_1_3' title="bbox 129 494 1832 577; baseline 0.001 -21"><span class='ocrx_word' id='word_1_15' title='bbox 129 495 246 557; x_wconf 72' lang='lat' dir='ltr'><strong>Graece</strong></span> <span class='ocrx_word' id='word_1_16' title='bbox 268 495 343 558; x_wconf 86' lang='lat' dir='ltr'><strong>fidei</strong></span> <span class='ocrx_word' id='word_1_17' title='bbox 370 494 509 557; x_wconf 89' lang='lat' dir='ltr'><strong>redditos</strong></span> <span class='ocrx_word' id='word_1_18' title='bbox 536 495 578 557; x_wconf 89' lang='lat' dir='ltr'><strong>ab</strong></span> <span class='ocrx_word' id='word_1_19' title='bbox 605 496 807 577; x_wconf 76' lang='lat' dir='ltr'><strong>Hieronymo.</strong></span> <span class='ocrx_word' id='word_1_20' title='bbox 836 497 951 559; x_wconf 87' lang='lat' dir='ltr'><strong>Verum</strong></span> <span class='ocrx_word' id='word_1_21' title='bbox 1006 497 1124 564; x_wconf 87' lang='lat' dir='ltr'><strong>Quarto</strong></span> <span class='ocrx_word' id='word_1_22' title='bbox 1152 498 1331 577; x_wconf 85' lang='lat' dir='ltr'><strong>petentibus</strong></span> <span class='ocrx_word' id='word_1_23' title='bbox 1373 498 1555 561; x_wconf 88' lang='lat' dir='ltr'><strong>Chromatio</strong></span> <span class='ocrx_word' id='word_1_24' title='bbox 1594 503 1627 559; x_wconf 89' lang='lat' dir='ltr'><strong>ct</strong></span> <span class='ocrx_word' id='word_1_25' title='bbox 1662 495 1832 558; x_wconf 78' lang='lat' dir='ltr'>Heliodoro</span> 
     </span>
     <span class='ocr_line' id='line_1_4' title="bbox 130 590 1833 675; baseline 0.002 -24"><span class='ocrx_word' id='word_1_26' title='bbox 130 590 281 672; x_wconf 87' lang='lat' dir='ltr'><strong>inspectis</strong></span> <span class='ocrx_word' id='word_1_27' title='bbox 305 592 486 670; x_wconf 87' lang='lat' dir='ltr'><strong>diligentius</strong></span> <span class='ocrx_word' id='word_1_28' title='bbox 510 593 679 672; x_wconf 79' lang='lat' dir='ltr'><strong>Augustini</strong></span> <span class='ocrx_word' id='word_1_29' title='bbox 705 611 743 655; x_wconf 91' lang='lat' dir='ltr'><strong>ac</strong></span> <span class='ocrx_word' id='word_1_30' title='bbox 770 590 953 671; x_wconf 79' lang='lat' dir='ltr'><strong>Hieronymi</strong></span> <span class='ocrx_word' id='word_1_31' title='bbox 1006 594 1173 675; x_wconf 89' lang='lat' dir='ltr'><strong>episcopie,</strong></span> <span class='ocrx_word' id='word_1_32' title='bbox 1189 596 1288 658; x_wconf 91' lang='lat' dir='ltr'><strong>libros</strong></span> <span class='ocrx_word' id='word_1_33' title='bbox 1303 597 1483 658; x_wconf 90' lang='lat' dir='ltr'><strong>Salomonis</strong></span> <span class='ocrx_word' id='word_1_34' title='bbox 1506 615 1545 657; x_wconf 84' lang='lat' dir='ltr'><strong>ex</strong></span> <span class='ocrx_word' id='word_1_35' title='bbox 1573 595 1726 657; x_wconf 76' lang='lat' dir='ltr'><strong>Hebraico</strong></span> <span class='ocrx_word' id='word_1_36' title='bbox 1749 593 1833 656; x_wconf 81' lang='lat' dir='ltr'><strong>veri·</strong></span> 
     </span>
     <span class='ocr_line' id='line_1_5' title="bbox 128 690 1833 774; baseline 0.001 -23"><span class='ocrx_word' id='word_1_37' title='bbox 128 690 214 774; x_wconf 85' lang='lat' dir='ltr'><strong>ultro</strong></span> <span class='ocrx_word' id='word_1_38' title='bbox 229 693 371 771; x_wconf 86' lang='lat' dir='ltr'><strong>citroque</strong></span> <span class='ocrx_word' id='word_1_39' title='bbox 385 691 466 753; x_wconf 85' lang='lat' dir='ltr'><strong>datis</strong></span> <span class='ocrx_word' id='word_1_40' title='bbox 490 692 644 773; x_wconf 89' lang='lat' dir='ltr'><strong>epistolis,</strong></span> <span class='ocrx_word' id='word_1_41' title='bbox 668 695 869 773; x_wconf 87' lang='lat' dir='ltr'><strong>exploratum</strong></span> <span class='ocrx_word' id='word_1_42' title='bbox 893 710 951 754; x_wconf 94' lang='lat' dir='ltr'><strong>no-</strong></span> <span class='ocrx_word' id='word_1_43' title='bbox 1006 694 1071 751; x_wconf 88' lang='lat' dir='ltr'><strong>tate</strong></span> <span class='ocrx_word' id='word_1_44' title='bbox 1086 692 1238 754; x_wconf 78' lang='lat' dir='ltr'><strong>convertit</strong></span> <span class='ocrx_word' id='word_1_45' title='bbox 1252 692 1284 753; x_wconf 92' lang='lat' dir='ltr'><strong>in</strong></span> <span class='ocrx_word' id='word_1_46' title='bbox 1300 693 1439 772; x_wconf 90' lang='lat' dir='ltr'><strong>linguam</strong></span> <span class='ocrx_word' id='word_1_47' title='bbox 1456 692 1613 753; x_wconf 88' lang='lat' dir='ltr'><strong>Latinam.</strong></span> <span class='ocrx_word' id='word_1_48' title='bbox 1642 690 1758 763; x_wconf 84' lang='lat' dir='ltr'><strong>Quinto</strong></span> <span class='ocrx_word' id='word_1_49' title='bbox 1788 708 1833 752; x_wconf 87' lang='lat' dir='ltr'><strong>re·</strong></span> 
     </span>
     <span class='ocr_line' id='line_1_6' title="bbox 126 788 1831 876; baseline -0.001 -25"><span class='ocrx_word' id='word_1_50' title='bbox 126 792 176 854; x_wconf 88' lang='lat' dir='ltr'><strong>bie</strong></span> <span class='ocrx_word' id='word_1_51' title='bbox 199 799 256 866; x_wconf 85' lang='lat' dir='ltr'><strong>est,</strong></span> <span class='ocrx_word' id='word_1_52' title='bbox 288 793 515 874; x_wconf 83' lang='lat' dir='ltr'><strong>Hieronymum</strong></span> <span class='ocrx_word' id='word_1_53' title='bbox 543 795 689 858; x_wconf 73' lang='lat' dir='ltr'><strong>universa</strong></span> <span class='ocrx_word' id='word_1_54' title='bbox 715 795 951 876; x_wconf 66' lang='lat' dir='ltr'><strong>seripturarum</strong></span> <span class='ocrx_word' id='word_1_55' title='bbox 1006 806 1134 851; x_wconf 88' lang='lat' dir='ltr'><strong>currens</strong></span> <span class='ocrx_word' id='word_1_56' title='bbox 1149 789 1396 870; x_wconf 88' lang='lat' dir='ltr'><strong>adprincipium</strong></span> <span class='ocrx_word' id='word_1_57' title='bbox 1411 789 1557 861; x_wconf 83' lang='lat' dir='ltr'><strong>Cononis,</strong></span> <span class='ocrx_word' id='word_1_58' title='bbox 1584 788 1700 850; x_wconf 88' lang='lat' dir='ltr'><strong>librum</strong></span> <span class='ocrx_word' id='word_1_59' title='bbox 1728 788 1831 850; x_wconf 87' lang='lat' dir='ltr'><strong>Gene-</strong></span> 
     </span>
     <span class='ocr_line' id='line_1_7' title="bbox 128 886 1831 972; baseline -0.002 -21"><span class='ocrx_word' id='word_1_60' title='bbox 128 890 250 951; x_wconf 84' lang='lat' dir='ltr'><strong>Veteris</strong></span> <span class='ocrx_word' id='word_1_61' title='bbox 264 891 467 953; x_wconf 89' lang='lat' dir='ltr'><strong>instrumenti</strong></span> <span class='ocrx_word' id='word_1_62' title='bbox 481 892 656 970; x_wconf 84' lang='lat' dir='ltr'><strong>volumina,</strong></span> <span class='ocrx_word' id='word_1_63' title='bbox 672 893 841 955; x_wconf 89' lang='lat' dir='ltr'><strong>emendata</strong></span> <span class='ocrx_word' id='word_1_64' title='bbox 858 892 952 972; x_wconf 81' lang='lat' dir='ltr'><strong>juxta</strong></span> <span class='ocrx_word' id='word_1_65' title='bbox 1005 903 1086 961; x_wconf 83' lang='lat' dir='ltr'><strong>aeos,</strong></span> <span class='ocrx_word' id='word_1_66' title='bbox 1117 894 1149 948; x_wconf 90' lang='lat' dir='ltr'><strong>et</strong></span> <span class='ocrx_word' id='word_1_67' title='bbox 1185 888 1325 968; x_wconf 81' lang='lat' dir='ltr'><strong>reliquos</strong></span> <span class='ocrx_word' id='word_1_68' title='bbox 1360 886 1570 950; x_wconf 88' lang='lat' dir='ltr'><strong>Pentateuchi</strong></span> <span class='ocrx_word' id='word_1_69' title='bbox 1605 887 1831 967; x_wconf 88' lang='lat' dir='ltr'><strong>interpretatus</strong></span> 
     </span>
     <span class='ocr_line' id='line_1_8' title="bbox 126 984 1832 1067; baseline -0.002 -19"><span class='ocrx_word' id='word_1_70' title='bbox 126 986 340 1067; x_wconf 83' lang='lat' dir='ltr'><strong>Hexaplornm</strong></span> <span class='ocrx_word' id='word_1_71' title='bbox 369 988 476 1062; x_wconf 86' lang='lat' dir='ltr'><strong>fldem,</strong></span> <span class='ocrx_word' id='word_1_72' title='bbox 506 990 624 1052; x_wconf 86' lang='lat' dir='ltr'><strong>Latinis</strong></span> <span class='ocrx_word' id='word_1_73' title='bbox 652 990 816 1052; x_wconf 80' lang='lat' dir='ltr'><strong>tradidisse</strong></span> <span class='ocrx_word' id='word_1_74' title='bbox 847 1006 855 1050; x_wconf 74' lang='grc' dir='ltr'><em>τ</em></span> <span class='ocrx_word' id='word_1_75' title='bbox 893 989 952 1051; x_wconf 85' lang='lat' dir='ltr'><strong>etei</strong></span> <span class='ocrx_word' id='word_1_76' title='bbox 1005 990 1063 1056; x_wconf 83' lang='lat' dir='ltr'><strong>ost,</strong></span> <span class='ocrx_word' id='word_1_77' title='bbox 1093 984 1279 1048; x_wconf 81' lang='lat' dir='ltr'><strong>obsecrante</strong></span> <span class='ocrx_word' id='word_1_78' title='bbox 1305 986 1465 1049; x_wconf 87' lang='lat' dir='ltr'><strong>Desiderio</strong></span> <span class='ocrx_word' id='word_1_79' title='bbox 1494 1004 1562 1048; x_wconf 89' lang='lat' dir='ltr'><strong>sno.</strong></span> <span class='ocrx_word' id='word_1_80' title='bbox 1592 985 1702 1047; x_wconf 84' lang='lat' dir='ltr'><strong>Libros</strong></span> <span class='ocrx_word' id='word_1_81' title='bbox 1739 985 1832 1046; x_wconf 89' lang='lat' dir='ltr'><strong>deni-</strong></span> 
     </span>
    </p>
   </div>
   <div class='ocr_carea' id='block_1_3' title="bbox 13 1083 1832 1169">
    <p class='ocr_par' dir='ltr' id='par_1_3' title="bbox 13 1083 1832 1169">
     <span class='ocr_line' id='line_1_9' title="bbox 13 1083 1832 1169; baseline 0.001 -25"><span class='ocrx_word' id='word_1_82' title='bbox 13 1132 16 1144; x_wconf 61' lang='lat'><strong>.</strong></span> <span class='ocrx_word' id='word_1_83' title='bbox 123 1083 328 1162; x_wconf 88' lang='lat' dir='ltr'><strong>paucissima,</strong></span> <span class='ocrx_word' id='word_1_84' title='bbox 393 1086 560 1150; x_wconf 88' lang='lat' dir='ltr'><strong>nebulonis</strong></span> <span class='ocrx_word' id='word_1_85' title='bbox 606 1087 785 1169; x_wconf 83' lang='lat' dir='ltr'><strong>cujuspiam</strong></span> <span class='ocrx_word' id='word_1_86' title='bbox 839 1088 951 1149; x_wconf 88' lang='lat' dir='ltr'><strong>lraude</strong></span> <span class='ocrx_word' id='word_1_87' title='bbox 1005 1084 1360 1164; x_wconf 84' lang='lat' dir='ltr'><strong>qnelosue,ludicum,</strong></span> <span class='ocrx_word' id='word_1_88' title='bbox 1392 1085 1487 1157; x_wconf 88' lang='lat' dir='ltr'><strong>ltnth,</strong></span> <span class='ocrx_word' id='word_1_89' title='bbox 1516 1103 1554 1146; x_wconf 88' lang='lat' dir='ltr'><strong>ac</strong></span> <span class='ocrx_word' id='word_1_90' title='bbox 1582 1084 1693 1146; x_wconf 83' lang='lat' dir='ltr'><strong>Esther</strong></span> <span class='ocrx_word' id='word_1_91' title='bbox 1716 1085 1832 1146; x_wconf 82' lang='lat' dir='ltr'><strong>Eusto-</strong></span> 
     </span>
    </p>
   </div>
   <div class='ocr_carea' id='block_1_4' title="bbox 121 1180 1834 1267">
    <p class='ocr_par' dir='ltr' id='par_1_4' title="bbox 121 1180 1834 1267">
     <span class='ocr_line' id='line_1_10' title="bbox 121 1180 1834 1267; baseline 0.002 -24"><span class='ocrx_word' id='word_1_92' title='bbox 121 1180 229 1245; x_wconf 80' lang='lat' dir='ltr'><strong>aliisve</strong></span> <span class='ocrx_word' id='word_1_93' title='bbox 251 1189 431 1264; x_wconf 91' lang='lat' dir='ltr'><strong>temporum</strong></span> <span class='ocrx_word' id='word_1_94' title='bbox 458 1185 595 1265; x_wconf 84' lang='lat' dir='ltr'><strong>injuriis,</strong></span> <span class='ocrx_word' id='word_1_95' title='bbox 626 1187 666 1248; x_wconf 89' lang='lat' dir='ltr'><strong>ad</strong></span> <span class='ocrx_word' id='word_1_96' title='bbox 683 1191 828 1267; x_wconf 87' lang='lat' dir='ltr'><strong>posteros</strong></span> <span class='ocrx_word' id='word_1_97' title='bbox 841 1203 952 1266; x_wconf 79' lang='lat' dir='ltr'><strong>perve-</strong></span> <span class='ocrx_word' id='word_1_98' title='bbox 1004 1181 1077 1244; x_wconf 89' lang='lat' dir='ltr'><strong>chio</strong></span> <span class='ocrx_word' id='word_1_99' title='bbox 1091 1183 1206 1262; x_wconf 83' lang='lat' dir='ltr'><strong>virgini</strong></span> <span class='ocrx_word' id='word_1_100' title='bbox 1221 1202 1338 1263; x_wconf 90' lang='lat' dir='ltr'><strong>negare</strong></span> <span class='ocrx_word' id='word_1_101' title='bbox 1352 1203 1415 1246; x_wconf 91' lang='lat' dir='ltr'><strong>non</strong></span> <span class='ocrx_word' id='word_1_102' title='bbox 1431 1183 1551 1265; x_wconf 89' lang='lat' dir='ltr'><strong>potuit:</strong></span> <span class='ocrx_word' id='word_1_103' title='bbox 1582 1183 1630 1246; x_wconf 93' lang='lat' dir='ltr'><strong>uti</strong></span> <span class='ocrx_word' id='word_1_104' title='bbox 1656 1200 1714 1244; x_wconf 87' lang='lat' dir='ltr'><strong>nec</strong></span> <span class='ocrx_word' id='word_1_105' title='bbox 1736 1186 1834 1246; x_wconf 81' lang='lat' dir='ltr'><strong>Para·</strong></span> 
     </span>
    </p>
   </div>
   <div class='ocr_carea' id='block_1_5' title="bbox 21 1279 1830 1364">
    <p class='ocr_par' dir='ltr' id='par_1_5' title="bbox 21 1279 1830 1364">
     <span class='ocr_line' id='line_1_11' title="bbox 21 1279 1830 1364; baseline 0.001 -22"><span class='ocrx_word' id='word_1_106' title='bbox 21 1314 24 1319; x_wconf 95' lang='lat'>·</span> <span class='ocrx_word' id='word_1_107' title='bbox 121 1280 237 1343; x_wconf 70' lang='lat' dir='ltr'><strong>neunt.</strong></span> <span class='ocrx_word' id='word_1_108' title='bbox 267 1283 416 1346; x_wconf 83' lang='lat' dir='ltr'><strong>ilonebat</strong></span> <span class='ocrx_word' id='word_1_109' title='bbox 443 1301 527 1348; x_wconf 86' lang='lat' dir='ltr'><strong>enno</strong></span> <span class='ocrx_word' id='word_1_110' title='bbox 555 1284 671 1348; x_wconf 83' lang='lat' dir='ltr'><strong>Christi</strong></span> <span class='ocrx_word' id='word_1_111' title='bbox 698 1287 759 1349; x_wconf 79' lang='lat' dir='ltr'><strong>tot</strong></span> <span class='ocrx_word' id='word_1_112' title='bbox 803 1284 951 1364; x_wconf 85' lang='lat' dir='ltr'><strong>Augusti·</strong></span> <span class='ocrx_word' id='word_1_113' title='bbox 1004 1279 1165 1360; x_wconf 88' lang='lat' dir='ltr'><strong>lipomena</strong></span> <span class='ocrx_word' id='word_1_114' title='bbox 1192 1281 1387 1345; x_wconf 73' lang='lat' dir='ltr'><strong>chromatio.</strong></span> <span class='ocrx_word' id='word_1_115' title='bbox 1418 1282 1481 1344; x_wconf 85' lang='lat' dir='ltr'><strong>Sed</strong></span> <span class='ocrx_word' id='word_1_116' title='bbox 1509 1288 1544 1343; x_wconf 91' lang='lat' dir='ltr'><strong>nt</strong></span> <span class='ocrx_word' id='word_1_117' title='bbox 1584 1287 1707 1361; x_wconf 86' lang='lat' dir='ltr'><strong>tempus</strong></span> <span class='ocrx_word' id='word_1_118' title='bbox 1735 1299 1830 1343; x_wconf 91' lang='lat' dir='ltr'><strong>snum</strong></span> 
     </span>
    </p>
   </div>
   <div class='ocr_carea' id='block_1_6' title="bbox 113 1378 1831 1659">
    <p class='ocr_par' dir='ltr' id='par_1_6' title="bbox 113 1378 1831 1659">
     <span class='ocr_line' id='line_1_12' title="bbox 124 1378 1831 1461; baseline 0.001 -23"><span class='ocrx_word' id='word_1_119' title='bbox 124 1395 201 1439; x_wconf 92' lang='lat' dir='ltr'><strong>num</strong></span> <span class='ocrx_word' id='word_1_120' title='bbox 230 1379 451 1461; x_wconf 87' lang='lat' dir='ltr'><strong>Hieronymus,</strong></span> <span class='ocrx_word' id='word_1_121' title='bbox 477 1386 585 1444; x_wconf 85' lang='lat' dir='ltr'><strong>vetera</strong></span> <span class='ocrx_word' id='word_1_122' title='bbox 612 1381 761 1445; x_wconf 87' lang='lat' dir='ltr'><strong>editionis</strong></span> <span class='ocrx_word' id='word_1_123' title='bbox 786 1383 865 1444; x_wconf 85' lang='lat' dir='ltr'><strong>Lxx</strong></span> <span class='ocrx_word' id='word_1_124' title='bbox 900 1383 951 1444; x_wconf 93' lang='lat' dir='ltr'><strong>ln·</strong></span> <span class='ocrx_word' id='word_1_125' title='bbox 1003 1378 1137 1458; x_wconf 89' lang='lat' dir='ltr'><strong>singulis</strong></span> <span class='ocrx_word' id='word_1_126' title='bbox 1164 1380 1390 1459; x_wconf 79' lang='lat' dir='ltr'><strong>voluminibus,</strong></span> <span class='ocrx_word' id='word_1_127' title='bbox 1433 1386 1588 1460; x_wconf 88' lang='lat' dir='ltr'><strong>quantum</strong></span> <span class='ocrx_word' id='word_1_128' title='bbox 1622 1379 1701 1442; x_wconf 89' lang='lat' dir='ltr'><strong>scire</strong></span> <span class='ocrx_word' id='word_1_129' title='bbox 1737 1379 1831 1442; x_wconf 86' lang='lat' dir='ltr'><strong>nobis</strong></span> 
     </span>
     <span class='ocr_line' id='line_1_13' title="bbox 123 1474 1830 1560; baseline 0.001 -24"><span class='ocrx_word' id='word_1_130' title='bbox 123 1481 296 1556; x_wconf 87' lang='lat' dir='ltr'><strong>terpretnm</strong></span> <span class='ocrx_word' id='word_1_131' title='bbox 324 1479 520 1560; x_wconf 81' lang='lat' dir='ltr'><strong>exemplaria</strong></span> <span class='ocrx_word' id='word_1_132' title='bbox 561 1481 740 1556; x_wconf 73' lang='lat' dir='ltr'><strong>emendate,</strong></span> <span class='ocrx_word' id='word_1_133' title='bbox 779 1481 820 1542; x_wconf 80' lang='lat' dir='ltr'><strong>de</strong></span> <span class='ocrx_word' id='word_1_134' title='bbox 840 1484 950 1543; x_wconf 69' lang='lat' dir='ltr'><strong>Graeco</strong></span> <span class='ocrx_word' id='word_1_135' title='bbox 1004 1474 1088 1549; x_wconf 89' lang='lat' dir='ltr'><strong>licet,</strong></span> <span class='ocrx_word' id='word_1_136' title='bbox 1106 1476 1296 1555; x_wconf 76' lang='lat' dir='ltr'><strong>praefinitum</strong></span> <span class='ocrx_word' id='word_1_137' title='bbox 1312 1479 1364 1549; x_wconf 89' lang='lat' dir='ltr'><strong>sit,</strong></span> <span class='ocrx_word' id='word_1_138' title='bbox 1383 1477 1468 1538; x_wconf 87' lang='lat' dir='ltr'><strong>bisce</strong></span> <span class='ocrx_word' id='word_1_139' title='bbox 1482 1477 1566 1538; x_wconf 93' lang='lat' dir='ltr'><strong>notis</strong></span> <span class='ocrx_word' id='word_1_140' title='bbox 1580 1494 1617 1537; x_wconf 89' lang='lat' dir='ltr'><strong>ac</strong></span> <span class='ocrx_word' id='word_1_141' title='bbox 1636 1476 1830 1538; x_wconf 87' lang='lat' dir='ltr'><strong>characteri·</strong></span> 
     </span>
     <span class='ocr_line' id='line_1_14' title="bbox 113 1557 1830 1659; baseline 0.001 -25"><span class='ocrx_word' id='word_1_142' title='bbox 113 1557 156 1637; x_wconf 89' lang='lat' dir='ltr'><strong>&#39;in</strong></span> <span class='ocrx_word' id='word_1_143' title='bbox 172 1576 320 1639; x_wconf 83' lang='lat' dir='ltr'><strong>Latinum</strong></span> <span class='ocrx_word' id='word_1_144' title='bbox 346 1579 541 1642; x_wconf 67' lang='lat' dir='ltr'><strong>transtulisse</strong></span> <span class='ocrx_word' id='word_1_145' title='bbox 570 1577 689 1659; x_wconf 59' lang='lat' dir='ltr'><strong>lingna</strong></span> <span class='ocrx_word' id='word_1_146' title='bbox 717 1599 782 1642; x_wconf 65' lang='lat' dir='ltr'><strong>nnn</strong></span> <span class='ocrx_word' id='word_1_147' title='bbox 811 1578 949 1641; x_wconf 82' lang='lat' dir='ltr'><strong>homini·</strong></span> <span class='ocrx_word' id='word_1_148' title='bbox 1003 1571 1062 1634; x_wconf 88' lang='lat' dir='ltr'><strong>bus</strong></span> <span class='ocrx_word' id='word_1_149' title='bbox 1077 1571 1310 1653; x_wconf 79' lang='lat' dir='ltr'><strong>chronologicis</strong></span> <span class='ocrx_word' id='word_1_150' title='bbox 1338 1575 1416 1636; x_wconf 88' lang='lat' dir='ltr'><strong>illud</strong></span> <span class='ocrx_word' id='word_1_151' title='bbox 1444 1575 1610 1653; x_wconf 88' lang='lat' dir='ltr'><strong>designare</strong></span> <span class='ocrx_word' id='word_1_152' title='bbox 1637 1571 1830 1635; x_wconf 86' lang='lat' dir='ltr'><strong>curavimus.</strong></span> 
     </span>
    </p>
   </div>
   <div class='ocr_carea' id='block_1_7' title="bbox 3 1670 1829 1758">
    <p class='ocr_par' dir='ltr' id='par_1_7' title="bbox 3 1670 1829 1758">
     <span class='ocr_line' id='line_1_15' title="bbox 3 1670 1829 1758; baseline -0.001 -24"><span class='ocrx_word' id='word_1_153' title='bbox 3 1724 6 1729; x_wconf 69' lang='grc'><strong><em>,</em></strong></span> <span class='ocrx_word' id='word_1_154' title='bbox 120 1672 191 1736; x_wconf 88' lang='lat' dir='ltr'><strong>bns.</strong></span> <span class='ocrx_word' id='word_1_155' title='bbox 221 1675 323 1747; x_wconf 79' lang='lat' dir='ltr'><strong>Quare</strong></span> <span class='ocrx_word' id='word_1_156' title='bbox 363 1673 447 1737; x_wconf 89' lang='lat' dir='ltr'><strong>hanc</strong></span> <span class='ocrx_word' id='word_1_157' title='bbox 484 1675 666 1758; x_wconf 85' lang='lat' dir='ltr'><strong>Hieronymi</strong></span> <span class='ocrx_word' id='word_1_158' title='bbox 708 1676 948 1740; x_wconf 83' lang='lat' dir='ltr'><strong>translationem</strong></span> <span class='ocrx_word' id='word_1_159' title='bbox 1042 1674 1125 1732; x_wconf 82' lang='lat' dir='ltr'><strong>Ante</strong></span> <span class='ocrx_word' id='word_1_160' title='bbox 1139 1671 1219 1733; x_wconf 89' lang='lat' dir='ltr'><strong>alios</strong></span> <span class='ocrx_word' id='word_1_161' title='bbox 1232 1671 1330 1751; x_wconf 91' lang='lat' dir='ltr'><strong>igitur</strong></span> <span class='ocrx_word' id='word_1_162' title='bbox 1345 1672 1443 1735; x_wconf 88' lang='lat' dir='ltr'><strong>libros</strong></span> <span class='ocrx_word' id='word_1_163' title='bbox 1470 1671 1606 1733; x_wconf 83' lang='lat' dir='ltr'><strong>Cononis</strong></span> <span class='ocrx_word' id='word_1_164' title='bbox 1616 1670 1750 1746; x_wconf 78' lang='lat' dir='ltr'><strong>Hebraei,</strong></span> <span class='ocrx_word' id='word_1_165' title='bbox 1769 1673 1829 1732; x_wconf 84' lang='lat' dir='ltr'><strong>La·</strong></span> 
     </span>
    </p>
   </div>
   <div class='ocr_carea' id='block_1_8' title="bbox 22 1765 1834 2546">
    <p class='ocr_par' dir='ltr' id='par_1_8' title="bbox 22 1765 1834 2546">
     <span class='ocr_line' id='line_1_16' title="bbox 119 1765 1827 1857; baseline -0.001 -24"><span class='ocrx_word' id='word_1_166' title='bbox 119 1788 175 1833; x_wconf 86' lang='lat' dir='ltr'><strong>sen</strong></span> <span class='ocrx_word' id='word_1_167' title='bbox 202 1772 455 1835; x_wconf 86' lang='lat' dir='ltr'><strong>emendationem</strong></span> <span class='ocrx_word' id='word_1_168' title='bbox 483 1774 630 1837; x_wconf 87' lang='lat' dir='ltr'><strong>editionis</strong></span> <span class='ocrx_word' id='word_1_169' title='bbox 657 1775 878 1857; x_wconf 79' lang='lat' dir='ltr'><strong>Septuaginta,</strong></span> <span class='ocrx_word' id='word_1_170' title='bbox 905 1774 946 1836; x_wconf 93' lang='lat' dir='ltr'><strong>ad</strong></span> <span class='ocrx_word' id='word_1_171' title='bbox 961 1765 985 1832; x_wconf 88' lang='lat' dir='ltr'>B</span> <span class='ocrx_word' id='word_1_172' title='bbox 1000 1766 1065 1829; x_wconf 83' lang='lat' dir='ltr'><strong>tine</strong></span> <span class='ocrx_word' id='word_1_173' title='bbox 1080 1767 1219 1847; x_wconf 89' lang='lat' dir='ltr'><strong>primum</strong></span> <span class='ocrx_word' id='word_1_174' title='bbox 1234 1769 1333 1831; x_wconf 88' lang='lat' dir='ltr'><strong>edidit</strong></span> <span class='ocrx_word' id='word_1_175' title='bbox 1347 1769 1510 1832; x_wconf 87' lang='lat' dir='ltr'><strong>volumina</strong></span> <span class='ocrx_word' id='word_1_176' title='bbox 1533 1769 1688 1831; x_wconf 87' lang='lat' dir='ltr'><strong>Samuelis</strong></span> <span class='ocrx_word' id='word_1_177' title='bbox 1715 1775 1748 1831; x_wconf 90' lang='lat' dir='ltr'><strong>et</strong></span> <span class='ocrx_word' id='word_1_178' title='bbox 1762 1771 1827 1831; x_wconf 87' lang='lat' dir='ltr'><strong>lla·</strong></span> 
     </span>
     <span class='ocr_line' id='line_1_17' title="bbox 117 1863 1829 1953; baseline -0.004 -21"><span class='ocrx_word' id='word_1_179' title='bbox 117 1886 153 1932; x_wconf 85' lang='lat' dir='ltr'><strong>se</strong></span> <span class='ocrx_word' id='word_1_180' title='bbox 173 1870 448 1934; x_wconf 89' lang='lat' dir='ltr'><strong>transmittendam</strong></span> <span class='ocrx_word' id='word_1_181' title='bbox 473 1873 612 1952; x_wconf 90' lang='lat' dir='ltr'><strong>postulat</strong></span> <span class='ocrx_word' id='word_1_182' title='bbox 638 1873 835 1953; x_wconf 82' lang='lat' dir='ltr'><strong>Augustinus</strong></span> <span class='ocrx_word' id='word_1_183' title='bbox 859 1891 943 1934; x_wconf 93' lang='lat' dir='ltr'><strong>anno</strong></span> <span class='ocrx_word' id='word_1_184' title='bbox 996 1863 1131 1943; x_wconf 62' lang='lat' dir='ltr'><strong>lachim,</strong></span> <span class='ocrx_word' id='word_1_185' title='bbox 1162 1885 1233 1945; x_wconf 80' lang='lat' dir='ltr'><strong>quae</strong></span> <span class='ocrx_word' id='word_1_186' title='bbox 1273 1866 1368 1928; x_wconf 92' lang='lat' dir='ltr'><strong>hodie</strong></span> <span class='ocrx_word' id='word_1_187' title='bbox 1404 1875 1542 1946; x_wconf 90' lang='lat' dir='ltr'><strong>quatuor</strong></span> <span class='ocrx_word' id='word_1_188' title='bbox 1582 1868 1701 1946; x_wconf 83' lang='lat' dir='ltr'><strong>Regum</strong></span> <span class='ocrx_word' id='word_1_189' title='bbox 1728 1865 1829 1929; x_wconf 88' lang='lat' dir='ltr'><strong>libros</strong></span> 
     </span>
     <span class='ocr_line' id='line_1_18' title="bbox 22 1964 1833 2053; baseline -0.005 -17"><span class='ocrx_word' id='word_1_190' title='bbox 22 1992 27 1999; x_wconf 82' lang='grc'><strong>’</strong></span> <span class='ocrx_word' id='word_1_191' title='bbox 117 1970 282 2049; x_wconf 61' lang='lat' dir='ltr'><strong>”quantit</strong></span> <span class='ocrx_word' id='word_1_192' title='bbox 298 1970 419 2032; x_wconf 77' lang='lat' dir='ltr'><strong>Deinde</strong></span> <span class='ocrx_word' id='word_1_193' title='bbox 433 1970 533 2048; x_wconf 86' lang='lat' dir='ltr'><strong>nobis,</strong></span> <span class='ocrx_word' id='word_1_194' title='bbox 549 1973 654 2053; x_wconf 87' lang='lat' dir='ltr'><strong>inquit</strong></span> <span class='ocrx_word' id='word_1_195' title='bbox 666 1975 758 2053; x_wconf 83' lang='lat' dir='ltr'><strong>epist.</strong></span> <span class='ocrx_word' id='word_1_196' title='bbox 786 1975 837 2047; x_wconf 78' lang='lat'><strong>82,</strong></span> <span class='ocrx_word' id='word_1_197' title='bbox 867 1971 944 2033; x_wconf 83' lang='lat' dir='ltr'><strong>mit·</strong></span> <span class='ocrx_word' id='word_1_198' title='bbox 996 1980 1158 2024; x_wconf 77' lang='lat' dir='ltr'><strong>vocamus.</strong></span> <span class='ocrx_word' id='word_1_199' title='bbox 1174 1965 1264 2033; x_wconf 89' lang='lat' dir='ltr'><strong>Quod</strong></span> <span class='ocrx_word' id='word_1_200' title='bbox 1284 1965 1391 2027; x_wconf 86' lang='lat' dir='ltr'><strong>statim</strong></span> <span class='ocrx_word' id='word_1_201' title='bbox 1415 1982 1601 2046; x_wconf 83' lang='lat' dir='ltr'><strong>persuasum</strong></span> <span class='ocrx_word' id='word_1_202' title='bbox 1628 1965 1688 2026; x_wconf 88' lang='lat' dir='ltr'><strong>erit</strong></span> <span class='ocrx_word' id='word_1_203' title='bbox 1716 1964 1833 2027; x_wconf 90' lang='lat' dir='ltr'><strong>lectori</strong></span> 
     </span>
     <span class='ocr_line' id='line_1_19' title="bbox 118 2061 1831 2152; baseline 0.003 -25"><span class='ocrx_word' id='word_1_204' title='bbox 118 2070 179 2145; x_wconf 91' lang='lat' dir='ltr'><strong>tas,</strong></span> <span class='ocrx_word' id='word_1_205' title='bbox 195 2067 331 2143; x_wconf 86' lang='lat' dir='ltr'><strong>obsecro,</strong></span> <span class='ocrx_word' id='word_1_206' title='bbox 349 2068 633 2152; x_wconf 77' lang='lat' dir='ltr'><strong>interpretationem</strong></span> <span class='ocrx_word' id='word_1_207' title='bbox 648 2077 736 2134; x_wconf 86' lang='lat' dir='ltr'><strong>tuom</strong></span> <span class='ocrx_word' id='word_1_208' title='bbox 758 2071 797 2133; x_wconf 85' lang='lat' dir='ltr'><strong>de</strong></span> <span class='ocrx_word' id='word_1_209' title='bbox 818 2071 945 2152; x_wconf 86' lang='lat' dir='ltr'><strong>Septua·</strong></span> <span class='ocrx_word' id='word_1_210' title='bbox 997 2061 1151 2134; x_wconf 69' lang='lat' dir='ltr'><strong>fllud10w2</strong></span> <span class='ocrx_word' id='word_1_211' title='bbox 1181 2069 1217 2126; x_wconf 73' lang='lat' dir='ltr'><strong>ul</strong></span> <span class='ocrx_word' id='word_1_212' title='bbox 1240 2064 1459 2144; x_wconf 64' lang='lat' dir='ltr'><strong>ptfflfaiionem</strong></span> <span class='ocrx_word' id='word_1_213' title='bbox 1483 2064 1557 2126; x_wconf 78' lang='lat' dir='ltr'><strong>huic</strong></span> <span class='ocrx_word' id='word_1_214' title='bbox 1588 2063 1719 2128; x_wconf 73' lang='lat' dir='ltr'><strong>odilloni</strong></span> <span class='ocrx_word' id='word_1_215' title='bbox 1747 2081 1831 2141; x_wconf 63' lang='lat' dir='ltr'><strong>prte-</strong></span> 
     </span>
     <span class='ocr_line' id='line_1_20' title="bbox 117 2158 1834 2247; baseline -0.001 -22"><span class='ocrx_word' id='word_1_216' title='bbox 117 2163 943 2247; x_wconf 61' lang='lat' dir='ltr'><strong>giuta,quamcredidisseuesciebammtc.;adquod</strong></span> <span class='ocrx_word' id='word_1_217' title='bbox 997 2158 1092 2219; x_wconf 75' lang='lat' dir='ltr'><strong>flxom</strong></span> <span class='ocrx_word' id='word_1_218' title='bbox 1122 2161 1284 2240; x_wconf 83' lang='lat' dir='ltr'><strong>perlegere</strong></span> <span class='ocrx_word' id='word_1_219' title='bbox 1308 2161 1454 2224; x_wconf 83' lang='lat' dir='ltr'><strong>voluerit.</strong></span> <span class='ocrx_word' id='word_1_220' title='bbox 1483 2165 1567 2224; x_wconf 89' lang='lat' dir='ltr'><strong>Nam</strong></span> <span class='ocrx_word' id='word_1_221' title='bbox 1595 2161 1746 2242; x_wconf 88' lang='lat' dir='ltr'><strong>prologus</strong></span> <span class='ocrx_word' id='word_1_222' title='bbox 1773 2160 1834 2222; x_wconf 87' lang='lat' dir='ltr'><strong>ista</strong></span> 
     </span>
     <span class='ocr_line' id='line_1_21' title="bbox 117 2256 1830 2348; baseline 0 -28"><span class='ocrx_word' id='word_1_223' title='bbox 117 2264 290 2342; x_wconf 82' lang='lat' dir='ltr'><strong>respondet</strong></span> <span class='ocrx_word' id='word_1_224' title='bbox 311 2264 523 2346; x_wconf 71' lang='lat' dir='ltr'><strong>Hieronymus</strong></span> <span class='ocrx_word' id='word_1_225' title='bbox 550 2268 641 2348; x_wconf 70' lang='lat' dir='ltr'><strong>epist,</strong></span> <span class='ocrx_word' id='word_1_226' title='bbox 670 2270 722 2342; x_wconf 75' lang='lat' dir='ltr'><strong>ue,</strong></span> <span class='ocrx_word' id='word_1_227' title='bbox 751 2265 836 2348; x_wconf 67' lang='lat' dir='ltr'><strong>apud</strong></span> <span class='ocrx_word' id='word_1_228' title='bbox 861 2270 942 2345; x_wconf 74' lang='lat' dir='ltr'><strong>Aug,</strong></span> <span class='ocrx_word' id='word_1_229' title='bbox 996 2257 1029 2318; x_wconf 92' lang='lat' dir='ltr'><strong>in</strong></span> <span class='ocrx_word' id='word_1_230' title='bbox 1046 2256 1144 2321; x_wconf 84' lang='lat' dir='ltr'><strong>libros</strong></span> <span class='ocrx_word' id='word_1_231' title='bbox 1158 2264 1280 2339; x_wconf 85' lang='lat' dir='ltr'><strong>Regum</strong></span> <span class='ocrx_word' id='word_1_232' title='bbox 1296 2261 1411 2323; x_wconf 90' lang='lat' dir='ltr'><strong>dicitur</strong></span> <span class='ocrx_word' id='word_1_233' title='bbox 1425 2261 1626 2345; x_wconf 84' lang='lat' dir='ltr'><strong>Principium</strong></span> <span class='ocrx_word' id='word_1_234' title='bbox 1653 2259 1830 2342; x_wconf 76' lang='lat' dir='ltr'><strong>galeatum,</strong></span> 
     </span>
     <span class='ocr_line' id='line_1_22' title="bbox 117 2354 1827 2448; baseline -0.004 -26"><span class='ocrx_word' id='word_1_235' title='bbox 117 2362 194 2422; x_wconf 72' lang='lat'><strong>172:</strong></span> <span class='ocrx_word' id='word_1_236' title='bbox 215 2359 380 2424; x_wconf 84' lang='lat' dir='ltr'><strong>Grandem</strong></span> <span class='ocrx_word' id='word_1_237' title='bbox 388 2362 497 2425; x_wconf 85' lang='lat' dir='ltr'><strong>Latini</strong></span> <span class='ocrx_word' id='word_1_238' title='bbox 505 2366 658 2427; x_wconf 85' lang='lat' dir='ltr'><strong>sermonis</strong></span> <span class='ocrx_word' id='word_1_239' title='bbox 667 2366 701 2427; x_wconf 86' lang='lat' dir='ltr'><strong>iu</strong></span> <span class='ocrx_word' id='word_1_240' title='bbox 710 2365 773 2427; x_wconf 86' lang='lat' dir='ltr'><strong>ista</strong></span> <span class='ocrx_word' id='word_1_241' title='bbox 779 2364 944 2448; x_wconf 85' lang='lat' dir='ltr'><strong>provincia</strong></span> <span class='ocrx_word' id='word_1_242' title='bbox 998 2354 1084 2435; x_wconf 86' lang='lat' dir='ltr'><strong>quod</strong></span> <span class='ocrx_word' id='word_1_243' title='bbox 1100 2355 1198 2437; x_wconf 88' lang='lat' dir='ltr'><strong>possit</strong></span> <span class='ocrx_word' id='word_1_244' title='bbox 1225 2357 1374 2418; x_wconf 90' lang='lat' dir='ltr'><strong>omnibus</strong></span> <span class='ocrx_word' id='word_1_245' title='bbox 1401 2356 1500 2432; x_wconf 90' lang='lat' dir='ltr'><strong>libris,</strong></span> <span class='ocrx_word' id='word_1_246' title='bbox 1529 2356 1667 2438; x_wconf 79' lang='lat' dir='ltr'><strong>quoodo</strong></span> <span class='ocrx_word' id='word_1_247' title='bbox 1692 2354 1827 2416; x_wconf 82' lang='lat' dir='ltr'><strong>Hebraeo</strong></span> 
     </span>
     <span class='ocr_line' id='line_1_23' title="bbox 117 2453 1826 2546; baseline -0.001 -30"><span class='ocrx_word' id='word_1_248' title='bbox 117 2459 313 2522; x_wconf 82' lang='lat' dir='ltr'><strong>notariorum</strong></span> <span class='ocrx_word' id='word_1_249' title='bbox 329 2461 668 2546; x_wconf 67' lang='lat' dir='ltr'><strong>patimurpenuriamg</strong></span> <span class='ocrx_word' id='word_1_250' title='bbox 688 2469 719 2525; x_wconf 63' lang='lat' dir='ltr'><strong>et</strong></span> <span class='ocrx_word' id='word_1_251' title='bbox 733 2463 853 2525; x_wconf 71' lang='lat' dir='ltr'><strong>idcirco</strong></span> <span class='ocrx_word' id='word_1_252' title='bbox 859 2472 944 2545; x_wconf 65' lang='lat' dir='ltr'><strong>pm·</strong></span> <span class='ocrx_word' id='word_1_253' title='bbox 998 2453 1210 2534; x_wconf 87' lang='lat' dir='ltr'><strong>Hieronymus</strong></span> <span class='ocrx_word' id='word_1_254' title='bbox 1225 2456 1368 2518; x_wconf 86' lang='lat' dir='ltr'><strong>vertebat</strong></span> <span class='ocrx_word' id='word_1_255' title='bbox 1394 2455 1426 2517; x_wconf 95' lang='lat' dir='ltr'><strong>in</strong></span> <span class='ocrx_word' id='word_1_256' title='bbox 1454 2457 1615 2531; x_wconf 89' lang='lat' dir='ltr'><strong>Latinum,</strong></span> <span class='ocrx_word' id='word_1_257' title='bbox 1636 2454 1826 2519; x_wconf 82' lang='lat' dir='ltr'><strong>convenire:</strong></span> 
     </span>
    </p>
   </div>
   <div class='ocr_carea' id='block_1_9' title="bbox 9 2548 1827 2645">
    <p class='ocr_par' dir='ltr' id='par_1_9' title="bbox 9 2548 1827 2645">
     <span class='ocr_line' id='line_1_24' title="bbox 9 2548 1827 2645; baseline 0.007 -26"><span class='ocrx_word' id='word_1_258' title='bbox 9 2570 14 2577; x_wconf 87' lang='lat'>&#39;</span> <span class='ocrx_word' id='word_1_259' title='bbox 116 2556 214 2640; x_wconf 81' lang='lat' dir='ltr'><strong>ceptis</strong></span> <span class='ocrx_word' id='word_1_260' title='bbox 227 2558 292 2619; x_wconf 83' lang='lat' dir='ltr'><strong>tuis</strong></span> <span class='ocrx_word' id='word_1_261' title='bbox 298 2566 410 2642; x_wconf 88' lang='lat' dir='ltr'><strong>parere</strong></span> <span class='ocrx_word' id='word_1_262' title='bbox 421 2581 482 2623; x_wconf 90' lang='lat' dir='ltr'><strong>nou</strong></span> <span class='ocrx_word' id='word_1_263' title='bbox 488 2569 668 2645; x_wconf 85' lang='lat' dir='ltr'><strong>possumus,</strong></span> <span class='ocrx_word' id='word_1_264' title='bbox 685 2562 818 2623; x_wconf 85' lang='lat' dir='ltr'><strong>maxime</strong></span> <span class='ocrx_word' id='word_1_265' title='bbox 827 2562 861 2622; x_wconf 86' lang='lat' dir='ltr'><strong>in</strong></span> <span class='ocrx_word' id='word_1_266' title='bbox 876 2559 943 2622; x_wconf 87' lang='lat' dir='ltr'><strong>edi·</strong></span> <span class='ocrx_word' id='word_1_267' title='bbox 998 2548 1066 2611; x_wconf 84' lang='lat' dir='ltr'><strong>Hic</strong></span> <span class='ocrx_word' id='word_1_268' title='bbox 1072 2552 1232 2634; x_wconf 72' lang='lat' dir='ltr'><strong>prologus</strong></span> <span class='ocrx_word' id='word_1_269' title='bbox 1246 2552 1494 2636; x_wconf 73' lang='lat' dir='ltr'><strong>Scriptorum,</strong></span> <span class='ocrx_word' id='word_1_270' title='bbox 1510 2555 1623 2634; x_wconf 84' lang='lat' dir='ltr'><strong>inquit,</strong></span> <span class='ocrx_word' id='word_1_271' title='bbox 1648 2552 1743 2635; x_wconf 50' lang='lat' dir='ltr'><strong>qumi</strong></span> <span class='ocrx_word' id='word_1_272' title='bbox 1764 2572 1827 2632; x_wconf 57' lang='grc' dir='ltr'><strong>ἔα·</strong></span> 
     </span>
    </p>
   </div>
   <div class='ocr_carea' id='block_1_10' title="bbox 69 2650 1828 4704">
    <p class='ocr_par' dir='ltr' id='par_1_10' title="bbox 69 2650 1828 4407">
     <span class='ocr_line' id='line_1_25' title="bbox 118 2650 1828 2742; baseline 0.01 -26"><span class='ocrx_word' id='word_1_273' title='bbox 118 2655 203 2717; x_wconf 89' lang='lat' dir='ltr'><strong>tione</strong></span> <span class='ocrx_word' id='word_1_274' title='bbox 229 2655 450 2741; x_wconf 75' lang='lat' dir='ltr'><strong>Septuaginta,</strong></span> <span class='ocrx_word' id='word_1_275' title='bbox 477 2679 546 2742; x_wconf 78' lang='lat' dir='ltr'><strong>que</strong></span> <span class='ocrx_word' id='word_1_276' title='bbox 568 2661 730 2723; x_wconf 87' lang='lat' dir='ltr'><strong>asteriscis</strong></span> <span class='ocrx_word' id='word_1_277' title='bbox 753 2659 945 2742; x_wconf 85' lang='lat' dir='ltr'><strong>verubusque</strong></span> <span class='ocrx_word' id='word_1_278' title='bbox 998 2650 1116 2714; x_wconf 58' lang='lat' dir='ltr'><strong>leuium</strong></span> <span class='ocrx_word' id='word_1_279' title='bbox 1141 2651 1347 2734; x_wconf 65' lang='lat' dir='ltr'><strong>ptimlpiumr</strong></span> <span class='ocrx_word' id='word_1_280' title='bbox 1376 2652 1520 2716; x_wconf 61' lang='lat' dir='ltr'><strong>Omnlbffl</strong></span> <span class='ocrx_word' id='word_1_281' title='bbox 1548 2652 1654 2731; x_wconf 63' lang='lat' dir='ltr'><strong>libris&gt;</strong></span> <span class='ocrx_word' id='word_1_282' title='bbox 1682 2673 1760 2735; x_wconf 69' lang='lat' dir='ltr'><strong>d1‘05</strong></span> <span class='ocrx_word' id='word_1_283' title='bbox 1788 2653 1828 2714; x_wconf 62' lang='lat' dir='ltr'><strong>‘l‘</strong></span> 
     </span>
     <span class='ocr_line' id='line_1_26' title="bbox 117 2750 1827 2842; baseline 0.009 -39"><span class='ocrx_word' id='word_1_284' title='bbox 117 2752 341 2818; x_wconf 66' lang='lat' dir='ltr'><strong>distinctam,</strong></span> <span class='ocrx_word' id='word_1_285' title='bbox 370 2757 527 2841; x_wconf 61' lang='lat' dir='ltr'><strong>Pleraque</strong></span> <span class='ocrx_word' id='word_1_286' title='bbox 554 2758 636 2821; x_wconf 71' lang='lat' dir='ltr'><strong>mim</strong></span> <span class='ocrx_word' id='word_1_287' title='bbox 660 2759 783 2842; x_wconf 71' lang='lat' dir='ltr'><strong>prioris</strong></span> <span class='ocrx_word' id='word_1_288' title='bbox 811 2758 943 2837; x_wconf 73' lang='lat' dir='ltr'><strong>laboris,</strong></span> <span class='ocrx_word' id='word_1_289' title='bbox 998 2750 1133 2814; x_wconf 78' lang='lat' dir='ltr'><strong>Hebrseo</strong></span> <span class='ocrx_word' id='word_1_290' title='bbox 1147 2753 1299 2815; x_wconf 84' lang='lat' dir='ltr'><strong>vertimus</strong></span> <span class='ocrx_word' id='word_1_291' title='bbox 1313 2753 1516 2835; x_wconf 68' lang='lat' dir='ltr'><strong>relatiuam,</strong></span> <span class='ocrx_word' id='word_1_292' title='bbox 1533 2756 1695 2817; x_wconf 83' lang='lat' dir='ltr'><strong>convenire</strong></span> <span class='ocrx_word' id='word_1_293' title='bbox 1705 2761 1827 2838; x_wconf 80' lang='lat' dir='ltr'><strong>potest.</strong></span> 
     </span>
     <span class='ocr_line' id='line_1_27' title="bbox 114 2848 1825 2938; baseline 0.011 -42"><span class='ocrx_word' id='word_1_294' title='bbox 114 2851 422 2930; x_wconf 57' lang='lat' dir='ltr'><strong>mmmmm,</strong></span> <span class='ocrx_word' id='word_1_295' title='bbox 438 2856 943 2938; x_wconf 61' lang='lat' dir='ltr'><strong>amfsimus‚flfficp0,paucjgan.</strong></span> <span class='ocrx_word' id='word_1_296' title='bbox 998 2848 1165 2913; x_wconf 82' lang='lat' dir='ltr'><strong>Galeatum</strong></span> <span class='ocrx_word' id='word_1_297' title='bbox 1189 2851 1266 2913; x_wconf 87' lang='lat' dir='ltr'><strong>dicit</strong></span> <span class='ocrx_word' id='word_1_298' title='bbox 1292 2852 1495 2933; x_wconf 92' lang='lat' dir='ltr'><strong>principium,</strong></span> <span class='ocrx_word' id='word_1_299' title='bbox 1521 2852 1605 2934; x_wconf 92' lang='lat' dir='ltr'><strong>quod</strong></span> <span class='ocrx_word' id='word_1_300' title='bbox 1632 2860 1730 2933; x_wconf 91' lang='lat' dir='ltr'><strong>caput</strong></span> <span class='ocrx_word' id='word_1_301' title='bbox 1754 2870 1825 2915; x_wconf 86' lang='lat' dir='ltr'><strong>aua-</strong></span> 
     </span>
     <span class='ocr_line' id='line_1_28' title="bbox 118 2947 1827 3035; baseline 0.012 -43"><span class='ocrx_word' id='word_1_302' title='bbox 118 2947 254 3010; x_wconf 64' lang='lat' dir='ltr'><strong>„jmeg</strong></span> <span class='ocrx_word' id='word_1_303' title='bbox 269 2951 390 3012; x_wconf 64' lang='lat' dir='ltr'><strong>obitum</strong></span> <span class='ocrx_word' id='word_1_304' title='bbox 419 2972 512 3015; x_wconf 65' lang='lat' dir='ltr'><strong>guum</strong></span> <span class='ocrx_word' id='word_1_305' title='bbox 541 2954 701 3016; x_wconf 55' lang='lat' dir='ltr'><strong>scribebat</strong></span> <span class='ocrx_word' id='word_1_306' title='bbox 728 2959 761 3016; x_wconf 72' lang='lat' dir='ltr'><strong>s,</strong></span> <span class='ocrx_word' id='word_1_307' title='bbox 791 2955 945 3035; x_wconf 60' lang='lat' dir='ltr'><strong>fliemny.</strong></span> <span class='ocrx_word' id='word_1_308' title='bbox 999 2966 1070 3009; x_wconf 91' lang='lat' dir='ltr'><strong>rum</strong></span> <span class='ocrx_word' id='word_1_309' title='bbox 1099 2948 1279 3011; x_wconf 79' lang='lat' dir='ltr'><strong>versionum</strong></span> <span class='ocrx_word' id='word_1_310' title='bbox 1305 2950 1489 3012; x_wconf 84' lang='lat' dir='ltr'><strong>detenderet</strong></span> <span class='ocrx_word' id='word_1_311' title='bbox 1515 2952 1666 3013; x_wconf 82' lang='lat' dir='ltr'><strong>adversus</strong></span> <span class='ocrx_word' id='word_1_312' title='bbox 1693 2950 1827 3012; x_wconf 77' lang='lat' dir='ltr'><strong>aemulos</strong></span> 
     </span>
     <span class='ocr_line' id='line_1_29' title="bbox 116 3046 1824 3132; baseline 0.002 -26"><span class='ocrx_word' id='word_1_313' title='bbox 116 3061 199 3118; x_wconf 83' lang='lat' dir='ltr'><strong>mue,</strong></span> <span class='ocrx_word' id='word_1_314' title='bbox 215 3062 299 3108; x_wconf 89' lang='lat' dir='ltr'><strong>anno</strong></span> <span class='ocrx_word' id='word_1_315' title='bbox 314 3048 433 3111; x_wconf 89' lang='lat' dir='ltr'><strong>scilicet</strong></span> <span class='ocrx_word' id='word_1_316' title='bbox 458 3052 520 3112; x_wconf 78' lang='lat' dir='ltr'><strong>elo</strong></span> <span class='ocrx_word' id='word_1_317' title='bbox 546 3050 685 3112; x_wconf 89' lang='lat' dir='ltr'><strong>ineunte.</strong></span> <span class='ocrx_word' id='word_1_318' title='bbox 714 3052 804 3116; x_wconf 90' lang='lat' dir='ltr'><strong>Unde</strong></span> <span class='ocrx_word' id='word_1_319' title='bbox 829 3052 944 3132; x_wconf 88' lang='lat' dir='ltr'><strong>procli·</strong></span> <span class='ocrx_word' id='word_1_320' title='bbox 998 3064 1093 3107; x_wconf 86' lang='lat' dir='ltr'><strong>suos:</strong></span> <span class='ocrx_word' id='word_1_321' title='bbox 1110 3046 1175 3107; x_wconf 83' lang='lat' dir='ltr'><strong>eive</strong></span> <span class='ocrx_word' id='word_1_322' title='bbox 1189 3047 1274 3127; x_wconf 86' lang='lat' dir='ltr'><strong>quod</strong></span> <span class='ocrx_word' id='word_1_323' title='bbox 1290 3047 1387 3128; x_wconf 90' lang='lat' dir='ltr'><strong>priori</strong></span> <span class='ocrx_word' id='word_1_324' title='bbox 1401 3048 1600 3111; x_wconf 83' lang='lat' dir='ltr'><strong>translationi</strong></span> <span class='ocrx_word' id='word_1_325' title='bbox 1614 3067 1679 3111; x_wconf 77' lang='lat' dir='ltr'><strong>snm</strong></span> <span class='ocrx_word' id='word_1_326' title='bbox 1694 3067 1733 3110; x_wconf 84' lang='lat' dir='ltr'><strong>ex</strong></span> <span class='ocrx_word' id='word_1_327' title='bbox 1760 3049 1824 3110; x_wconf 90' lang='lat' dir='ltr'><strong>He·</strong></span> 
     </span>
     <span class='ocr_line' id='line_1_30' title="bbox 116 3137 1827 3229; baseline 0.005 -27"><span class='ocrx_word' id='word_1_328' title='bbox 116 3158 155 3202; x_wconf 78' lang='lat' dir='ltr'><strong>ve</strong></span> <span class='ocrx_word' id='word_1_329' title='bbox 183 3146 230 3204; x_wconf 88' lang='lat' dir='ltr'><strong>est</strong></span> <span class='ocrx_word' id='word_1_330' title='bbox 255 3145 394 3220; x_wconf 86' lang='lat' dir='ltr'><strong>credere,</strong></span> <span class='ocrx_word' id='word_1_331' title='bbox 426 3147 466 3208; x_wconf 90' lang='lat' dir='ltr'><strong>ab</strong></span> <span class='ocrx_word' id='word_1_332' title='bbox 490 3165 529 3211; x_wconf 89' lang='lat' dir='ltr'><strong>eo</strong></span> <span class='ocrx_word' id='word_1_333' title='bbox 544 3148 672 3209; x_wconf 89' lang='lat' dir='ltr'><strong>minime</strong></span> <span class='ocrx_word' id='word_1_334' title='bbox 691 3149 836 3211; x_wconf 87' lang='lat' dir='ltr'><strong>restituta</strong></span> <span class='ocrx_word' id='word_1_335' title='bbox 851 3137 982 3212; x_wconf 84' lang='lat' dir='ltr'><strong>fuisseG</strong></span> <span class='ocrx_word' id='word_1_336' title='bbox 1001 3144 1088 3207; x_wconf 80' lang='lat' dir='ltr'><strong>braeo</strong></span> <span class='ocrx_word' id='word_1_337' title='bbox 1102 3145 1234 3225; x_wconf 81' lang='lat' dir='ltr'><strong>proeiixa</strong></span> <span class='ocrx_word' id='word_1_338' title='bbox 1247 3145 1299 3220; x_wconf 89' lang='lat' dir='ltr'><strong>sit,</strong></span> <span class='ocrx_word' id='word_1_339' title='bbox 1316 3152 1348 3208; x_wconf 88' lang='lat' dir='ltr'><strong>et</strong></span> <span class='ocrx_word' id='word_1_340' title='bbox 1371 3146 1462 3225; x_wconf 89' lang='lat' dir='ltr'><strong>qnasi</strong></span> <span class='ocrx_word' id='word_1_341' title='bbox 1489 3147 1646 3227; x_wconf 83' lang='lat' dir='ltr'><strong>generalis</strong></span> <span class='ocrx_word' id='word_1_342' title='bbox 1673 3147 1827 3229; x_wconf 86' lang='lat' dir='ltr'><strong>prologus</strong></span> 
     </span>
     <span class='ocr_line' id='line_1_31' title="bbox 116 3235 1824 3326; baseline 0.004 -25"><span class='ocrx_word' id='word_1_343' title='bbox 116 3235 279 3301; x_wconf 77' lang='lat' dir='ltr'><strong>volumina</strong></span> <span class='ocrx_word' id='word_1_344' title='bbox 306 3240 374 3314; x_wconf 87' lang='lat' dir='ltr'><strong>illa,</strong></span> <span class='ocrx_word' id='word_1_345' title='bbox 404 3262 476 3322; x_wconf 73' lang='lat' dir='ltr'><strong>qum</strong></span> <span class='ocrx_word' id='word_1_346' title='bbox 502 3245 542 3306; x_wconf 90' lang='lat' dir='ltr'><strong>de</strong></span> <span class='ocrx_word' id='word_1_347' title='bbox 568 3247 778 3326; x_wconf 85' lang='lat' dir='ltr'><strong>Septuaginta</strong></span> <span class='ocrx_word' id='word_1_348' title='bbox 805 3247 943 3310; x_wconf 86' lang='lat' dir='ltr'><strong>editione</strong></span> <span class='ocrx_word' id='word_1_349' title='bbox 995 3243 1029 3304; x_wconf 91' lang='lat' dir='ltr'><strong>in</strong></span> <span class='ocrx_word' id='word_1_350' title='bbox 1044 3242 1227 3322; x_wconf 86' lang='lat' dir='ltr'><strong>Scripturas</strong></span> <span class='ocrx_word' id='word_1_351' title='bbox 1241 3261 1261 3305; x_wconf 85' lang='lat' dir='ltr'><strong>a</strong></span> <span class='ocrx_word' id='word_1_352' title='bbox 1275 3262 1308 3306; x_wconf 89' lang='lat' dir='ltr'><strong>se</strong></span> <span class='ocrx_word' id='word_1_353' title='bbox 1322 3263 1429 3307; x_wconf 81' lang='lat' dir='ltr'><strong>versas</strong></span> <span class='ocrx_word' id='word_1_354' title='bbox 1444 3246 1666 3325; x_wconf 70' lang='lat' dir='ltr'><strong>promittatur.</strong></span> <span class='ocrx_word' id='word_1_355' title='bbox 1682 3245 1824 3326; x_wconf 91' lang='lat' dir='ltr'><strong>idipsum</strong></span> 
     </span>
     <span class='ocr_line' id='line_1_32' title="bbox 115 3333 1826 3424; baseline 0.008 -31"><span class='ocrx_word' id='word_1_356' title='bbox 115 3333 204 3395; x_wconf 78' lang='lat' dir='ltr'><strong>traua</strong></span> <span class='ocrx_word' id='word_1_357' title='bbox 229 3335 289 3414; x_wconf 89' lang='lat' dir='ltr'><strong>ipsi</strong></span> <span class='ocrx_word' id='word_1_358' title='bbox 315 3339 503 3420; x_wconf 90' lang='lat' dir='ltr'><strong>suppilarat.</strong></span> <span class='ocrx_word' id='word_1_359' title='bbox 528 3343 578 3404; x_wconf 88' lang='lat' dir='ltr'><strong>Ita</strong></span> <span class='ocrx_word' id='word_1_360' title='bbox 601 3360 651 3404; x_wconf 90' lang='lat' dir='ltr'><strong>res</strong></span> <span class='ocrx_word' id='word_1_361' title='bbox 675 3343 703 3404; x_wconf 86' lang='lat' dir='ltr'><strong>ei</strong></span> <span class='ocrx_word' id='word_1_362' title='bbox 726 3361 760 3406; x_wconf 86' lang='lat' dir='ltr'><strong>se</strong></span> <span class='ocrx_word' id='word_1_363' title='bbox 783 3343 941 3419; x_wconf 87' lang='lat' dir='ltr'><strong>hebuerit,</strong></span> <span class='ocrx_word' id='word_1_364' title='bbox 997 3341 1163 3402; x_wconf 79' lang='lat' dir='ltr'><strong>manifeste</strong></span> <span class='ocrx_word' id='word_1_365' title='bbox 1191 3342 1355 3403; x_wconf 85' lang='lat' dir='ltr'><strong>declarant</strong></span> <span class='ocrx_word' id='word_1_366' title='bbox 1390 3342 1532 3422; x_wconf 88' lang='lat' dir='ltr'><strong>ejusdem</strong></span> <span class='ocrx_word' id='word_1_367' title='bbox 1567 3343 1692 3424; x_wconf 90' lang='lat' dir='ltr'><strong>prologi</strong></span> <span class='ocrx_word' id='word_1_368' title='bbox 1726 3344 1826 3406; x_wconf 84' lang='lat' dir='ltr'><strong>verba</strong></span> 
     </span>
     <span class='ocr_line' id='line_1_33' title="bbox 69 3431 1825 3525; baseline 0.008 -36"><span class='ocrx_word' id='word_1_369' title='bbox 69 3518 73 3525; x_wconf 27' lang='grc' dir='ltr'>Ι</span> <span class='ocrx_word' id='word_1_370' title='bbox 116 3431 197 3494; x_wconf 85' lang='lat' dir='ltr'><strong>nihil</strong></span> <span class='ocrx_word' id='word_1_371' title='bbox 212 3435 327 3498; x_wconf 86' lang='lat' dir='ltr'><strong>mirum</strong></span> <span class='ocrx_word' id='word_1_372' title='bbox 351 3446 399 3501; x_wconf 78' lang='lat' dir='ltr'><strong>eet</strong></span> <span class='ocrx_word' id='word_1_373' title='bbox 429 3440 514 3518; x_wconf 85' lang='lat' dir='ltr'><strong>qnod</strong></span> <span class='ocrx_word' id='word_1_374' title='bbox 541 3460 560 3503; x_wconf 78' lang='lat' dir='ltr'><strong>e</strong></span> <span class='ocrx_word' id='word_1_375' title='bbox 587 3447 635 3503; x_wconf 81' lang='lat' dir='ltr'><strong>tot</strong></span> <span class='ocrx_word' id='word_1_376' title='bbox 662 3443 876 3507; x_wconf 73' lang='lat' dir='ltr'><strong>voluminibus</strong></span> <span class='ocrx_word' id='word_1_377' title='bbox 903 3444 942 3507; x_wconf 82' lang='lat' dir='ltr'><strong>de</strong></span> <span class='ocrx_word' id='word_1_378' title='bbox 995 3437 1126 3500; x_wconf 75' lang='lat' dir='ltr'><strong>isthaec:</strong></span> <span class='ocrx_word' id='word_1_379' title='bbox 1143 3437 1226 3520; x_wconf 74' lang='lat' dir='ltr'><strong>lege</strong></span> <span class='ocrx_word' id='word_1_380' title='bbox 1239 3459 1317 3520; x_wconf 75' lang='lat' dir='ltr'><strong>ergo</strong></span> <span class='ocrx_word' id='word_1_381' title='bbox 1324 3439 1463 3522; x_wconf 88' lang='lat' dir='ltr'><strong>primum</strong></span> <span class='ocrx_word' id='word_1_382' title='bbox 1473 3440 1601 3502; x_wconf 88' lang='lat' dir='ltr'><strong>Samuel</strong></span> <span class='ocrx_word' id='word_1_383' title='bbox 1609 3447 1639 3501; x_wconf 90' lang='lat' dir='ltr'><strong>et</strong></span> <span class='ocrx_word' id='word_1_384' title='bbox 1648 3440 1825 3503; x_wconf 79' lang='lat' dir='ltr'><strong>Malachim</strong></span> 
     </span>
     <span class='ocr_line' id='line_1_34' title="bbox 116 3523 1826 3621; baseline 0.011 -38"><span class='ocrx_word' id='word_1_385' title='bbox 116 3523 227 3585; x_wconf 77' lang='lat' dir='ltr'><strong>crece</strong></span> <span class='ocrx_word' id='word_1_386' title='bbox 255 3525 288 3586; x_wconf 94' lang='lat' dir='ltr'><strong>in</strong></span> <span class='ocrx_word' id='word_1_387' title='bbox 318 3527 464 3589; x_wconf 86' lang='lat' dir='ltr'><strong>Latinum</strong></span> <span class='ocrx_word' id='word_1_388' title='bbox 492 3529 655 3610; x_wconf 85' lang='lat' dir='ltr'><strong>eloquium</strong></span> <span class='ocrx_word' id='word_1_389' title='bbox 683 3533 853 3606; x_wconf 84' lang='lat' dir='ltr'><strong>conversis,</strong></span> <span class='ocrx_word' id='word_1_390' title='bbox 887 3552 942 3596; x_wconf 87' lang='lat' dir='ltr'><strong>sex</strong></span> <span class='ocrx_word' id='word_1_391' title='bbox 996 3556 1107 3609; x_wconf 86' lang='lat' dir='ltr'><strong>meum,</strong></span> <span class='ocrx_word' id='word_1_392' title='bbox 1125 3537 1263 3618; x_wconf 86' lang='lat' dir='ltr'><strong>inquam,</strong></span> <span class='ocrx_word' id='word_1_393' title='bbox 1282 3557 1392 3600; x_wconf 86' lang='lat' dir='ltr'><strong>meum.</strong></span> <span class='ocrx_word' id='word_1_394' title='bbox 1412 3537 1583 3621; x_wconf 83' lang='lat' dir='ltr'><strong>Quidquid</strong></span> <span class='ocrx_word' id='word_1_395' title='bbox 1591 3539 1672 3601; x_wconf 87' lang='lat' dir='ltr'><strong>euim</strong></span> <span class='ocrx_word' id='word_1_396' title='bbox 1682 3537 1826 3602; x_wconf 84' lang='lat' dir='ltr'><strong>crebrius</strong></span> 
     </span>
     <span class='ocr_line' id='line_1_35' title="bbox 116 3622 1819 3716; baseline 0.012 -36"><span class='ocrx_word' id='word_1_397' title='bbox 116 3622 240 3682; x_wconf 77' lang='lat' dir='ltr'><strong>tantm</strong></span> <span class='ocrx_word' id='word_1_398' title='bbox 271 3624 363 3686; x_wconf 88' lang='lat' dir='ltr'><strong>nobis</strong></span> <span class='ocrx_word' id='word_1_399' title='bbox 388 3627 557 3707; x_wconf 84' lang='lat' dir='ltr'><strong>supersint.</strong></span> <span class='ocrx_word' id='word_1_400' title='bbox 596 3629 750 3693; x_wconf 76' lang='lat' dir='ltr'><strong>Caeterum</strong></span> <span class='ocrx_word' id='word_1_401' title='bbox 787 3630 941 3693; x_wconf 88' lang='lat' dir='ltr'><strong>librorum</strong></span> <span class='ocrx_word' id='word_1_402' title='bbox 995 3635 1139 3696; x_wconf 85' lang='lat' dir='ltr'><strong>oerteudo</strong></span> <span class='ocrx_word' id='word_1_403' title='bbox 1153 3641 1183 3695; x_wconf 90' lang='lat' dir='ltr'><strong>et</strong></span> <span class='ocrx_word' id='word_1_404' title='bbox 1196 3637 1387 3698; x_wconf 81' lang='lat' dir='ltr'><strong>emendando</strong></span> <span class='ocrx_word' id='word_1_405' title='bbox 1402 3636 1576 3699; x_wconf 84' lang='lat' dir='ltr'><strong>sollicitius</strong></span> <span class='ocrx_word' id='word_1_406' title='bbox 1590 3643 1620 3698; x_wconf 89' lang='lat' dir='ltr'><strong>et</strong></span> <span class='ocrx_word' id='word_1_407' title='bbox 1632 3637 1819 3716; x_wconf 81' lang='lat' dir='ltr'><strong>didicimus,</strong></span> 
     </span>
     <span class='ocr_line' id='line_1_36' title="bbox 114 3715 1825 3814; baseline 0.011 -35"><span class='ocrx_word' id='word_1_408' title='bbox 114 3715 299 3798; x_wconf 88' lang='lat' dir='ltr'><strong>hujusmodi</strong></span> <span class='ocrx_word' id='word_1_409' title='bbox 313 3723 482 3787; x_wconf 89' lang='lat' dir='ltr'><strong>editionem</strong></span> <span class='ocrx_word' id='word_1_410' title='bbox 499 3743 570 3788; x_wconf 90' lang='lat' dir='ltr'><strong>cnm</strong></span> <span class='ocrx_word' id='word_1_411' title='bbox 600 3729 757 3792; x_wconf 87' lang='lat' dir='ltr'><strong>asteriscis</strong></span> <span class='ocrx_word' id='word_1_412' title='bbox 785 3729 938 3805; x_wconf 81' lang='lat' dir='ltr'><strong>etobelia,</strong></span> <span class='ocrx_word' id='word_1_413' title='bbox 994 3737 1024 3791; x_wconf 88' lang='lat' dir='ltr'><strong>et</strong></span> <span class='ocrx_word' id='word_1_414' title='bbox 1036 3737 1185 3805; x_wconf 86' lang='lat' dir='ltr'><strong>teuemus,</strong></span> <span class='ocrx_word' id='word_1_415' title='bbox 1213 3738 1356 3794; x_wconf 85' lang='lat' dir='ltr'><strong>uestrum</strong></span> <span class='ocrx_word' id='word_1_416' title='bbox 1383 3739 1440 3796; x_wconf 86' lang='lat' dir='ltr'><strong>est.</strong></span> <span class='ocrx_word' id='word_1_417' title='bbox 1469 3735 1610 3796; x_wconf 85' lang='lat' dir='ltr'><strong>Primum</strong></span> <span class='ocrx_word' id='word_1_418' title='bbox 1640 3735 1704 3814; x_wconf 90' lang='lat' dir='ltr'><strong>legi</strong></span> <span class='ocrx_word' id='word_1_419' title='bbox 1722 3736 1825 3798; x_wconf 78' lang='lat' dir='ltr'><strong>uoluit</strong></span> 
     </span>
     <span class='ocr_line' id='line_1_37' title="bbox 113 3815 1823 3912; baseline 0.011 -35"><span class='ocrx_word' id='word_1_420' title='bbox 113 3815 201 3879; x_wconf 90' lang='lat' dir='ltr'><strong>intra</strong></span> <span class='ocrx_word' id='word_1_421' title='bbox 227 3819 482 3901; x_wconf 82' lang='lat' dir='ltr'><strong>quinquennium</strong></span> <span class='ocrx_word' id='word_1_422' title='bbox 509 3826 681 3906; x_wconf 86' lang='lat' dir='ltr'><strong>perlectam</strong></span> <span class='ocrx_word' id='word_1_423' title='bbox 706 3844 774 3889; x_wconf 88' lang='lat' dir='ltr'><strong>esse</strong></span> <span class='ocrx_word' id='word_1_424' title='bbox 802 3833 939 3909; x_wconf 88' lang='lat' dir='ltr'><strong>oportet,</strong></span> <span class='ocrx_word' id='word_1_425' title='bbox 995 3830 1157 3892; x_wconf 85' lang='lat' dir='ltr'><strong>volumina</strong></span> <span class='ocrx_word' id='word_1_426' title='bbox 1174 3834 1306 3912; x_wconf 82' lang='lat' dir='ltr'><strong>Regum,</strong></span> <span class='ocrx_word' id='word_1_427' title='bbox 1323 3833 1399 3912; x_wconf 90' lang='lat' dir='ltr'><strong>quia</strong></span> <span class='ocrx_word' id='word_1_428' title='bbox 1421 3833 1482 3895; x_wconf 90' lang='lat' dir='ltr'><strong>hac</strong></span> <span class='ocrx_word' id='word_1_429' title='bbox 1506 3839 1579 3896; x_wconf 90' lang='lat' dir='ltr'><strong>ante</strong></span> <span class='ocrx_word' id='word_1_430' title='bbox 1602 3840 1717 3897; x_wconf 77' lang='lat' dir='ltr'><strong>cratera</strong></span> <span class='ocrx_word' id='word_1_431' title='bbox 1745 3853 1823 3898; x_wconf 90' lang='lat' dir='ltr'><strong>con·</strong></span> 
     </span>
     <span class='ocr_line' id='line_1_38' title="bbox 115 3915 1824 4001; baseline 0.012 -24"><span class='ocrx_word' id='word_1_432' title='bbox 115 3915 156 3977; x_wconf 86' lang='lat' dir='ltr'><strong>ah</strong></span> <span class='ocrx_word' id='word_1_433' title='bbox 170 3934 255 3980; x_wconf 89' lang='lat' dir='ltr'><strong>enno</strong></span> <span class='ocrx_word' id='word_1_434' title='bbox 282 3920 398 3983; x_wconf 79' lang='lat' dir='ltr'><strong>Christi</strong></span> <span class='ocrx_word' id='word_1_435' title='bbox 423 3923 544 3986; x_wconf 88' lang='lat' dir='ltr'><strong>scilicet</strong></span> <span class='ocrx_word' id='word_1_436' title='bbox 569 3927 628 3987; x_wconf 81' lang='lat'><strong>385</strong></span> <span class='ocrx_word' id='word_1_437' title='bbox 655 3932 790 3992; x_wconf 85' lang='lat' dir='ltr'><strong>exeunte</strong></span> <span class='ocrx_word' id='word_1_438' title='bbox 817 3927 858 3990; x_wconf 92' lang='lat' dir='ltr'><strong>ad</strong></span> <span class='ocrx_word' id='word_1_439' title='bbox 887 3947 941 3989; x_wconf 90' lang='lat' dir='ltr'><strong>an·</strong></span> <span class='ocrx_word' id='word_1_440' title='bbox 993 3935 1129 3992; x_wconf 82' lang='lat' dir='ltr'><strong>verteret</strong></span> <span class='ocrx_word' id='word_1_441' title='bbox 1153 3930 1192 3993; x_wconf 88' lang='lat' dir='ltr'><strong>de</strong></span> <span class='ocrx_word' id='word_1_442' title='bbox 1226 3932 1358 3993; x_wconf 76' lang='lat' dir='ltr'><strong>Hebraeo</strong></span> <span class='ocrx_word' id='word_1_443' title='bbox 1385 3932 1418 3993; x_wconf 95' lang='lat' dir='ltr'><strong>in</strong></span> <span class='ocrx_word' id='word_1_444' title='bbox 1447 3932 1593 3994; x_wconf 89' lang='lat' dir='ltr'><strong>Latinum</strong></span> <span class='ocrx_word' id='word_1_445' title='bbox 1622 3951 1824 4001; x_wconf 86' lang='lat' dir='ltr'><strong>sermonem:</strong></span> 
     </span>
     <span class='ocr_line' id='line_1_39' title="bbox 114 4018 1824 4112; baseline 0.013 -38"><span class='ocrx_word' id='word_1_446' title='bbox 114 4018 400 4081; x_wconf 79' lang='lat' dir='ltr'><strong>nnm390v01391</strong></span> <span class='ocrx_word' id='word_1_447' title='bbox 418 4019 593 4102; x_wconf 89' lang='lat' dir='ltr'><strong>ineuntem,</strong></span> <span class='ocrx_word' id='word_1_448' title='bbox 621 4023 697 4104; x_wconf 91' lang='lat' dir='ltr'><strong>qnia</strong></span> <span class='ocrx_word' id='word_1_449' title='bbox 725 4042 809 4086; x_wconf 93' lang='lat' dir='ltr'><strong>anno</strong></span> <span class='ocrx_word' id='word_1_450' title='bbox 835 4025 941 4087; x_wconf 91' lang='lat' dir='ltr'><strong>Domi·</strong></span> <span class='ocrx_word' id='word_1_451' title='bbox 994 4029 1087 4092; x_wconf 86' lang='lat' dir='ltr'><strong>aliter</strong></span> <span class='ocrx_word' id='word_1_452' title='bbox 1102 4030 1212 4110; x_wconf 89' lang='lat' dir='ltr'><strong>utique</strong></span> <span class='ocrx_word' id='word_1_453' title='bbox 1227 4031 1378 4105; x_wconf 88' lang='lat' dir='ltr'><strong>dicturus,</strong></span> <span class='ocrx_word' id='word_1_454' title='bbox 1394 4032 1421 4093; x_wconf 89' lang='lat' dir='ltr'><strong>si</strong></span> <span class='ocrx_word' id='word_1_455' title='bbox 1436 4051 1508 4112; x_wconf 83' lang='lat' dir='ltr'><strong>quoe</strong></span> <span class='ocrx_word' id='word_1_456' title='bbox 1535 4033 1605 4096; x_wconf 81' lang='lat' dir='ltr'><strong>aliae</strong></span> <span class='ocrx_word' id='word_1_457' title='bbox 1629 4034 1747 4096; x_wconf 82' lang='lat' dir='ltr'><strong>veteris</strong></span> <span class='ocrx_word' id='word_1_458' title='bbox 1773 4036 1824 4097; x_wconf 91' lang='lat' dir='ltr'><strong>ln·</strong></span> 
     </span>
     <span class='ocr_line' id='line_1_40' title="bbox 113 4110 1822 4212; baseline 0.011 -40"><span class='ocrx_word' id='word_1_459' title='bbox 113 4110 148 4173; x_wconf 90' lang='lat' dir='ltr'><strong>ni</strong></span> <span class='ocrx_word' id='word_1_460' title='bbox 160 4113 217 4175; x_wconf 76' lang='lat'><strong>391</strong></span> <span class='ocrx_word' id='word_1_461' title='bbox 248 4117 404 4196; x_wconf 88' lang='lat' dir='ltr'><strong>posterior</strong></span> <span class='ocrx_word' id='word_1_462' title='bbox 426 4119 591 4182; x_wconf 88' lang='lat' dir='ltr'><strong>translatio</strong></span> <span class='ocrx_word' id='word_1_463' title='bbox 617 4121 691 4184; x_wconf 81' lang='lat' dir='ltr'><strong>lobi</strong></span> <span class='ocrx_word' id='word_1_464' title='bbox 713 4129 745 4184; x_wconf 89' lang='lat' dir='ltr'><strong>et</strong></span> <span class='ocrx_word' id='word_1_465' title='bbox 761 4122 940 4186; x_wconf 87' lang='lat' dir='ltr'><strong>Salomonis</strong></span> <span class='ocrx_word' id='word_1_466' title='bbox 995 4129 1162 4190; x_wconf 88' lang='lat' dir='ltr'><strong>strumenti</strong></span> <span class='ocrx_word' id='word_1_467' title='bbox 1231 4128 1508 4208; x_wconf 87' lang='lat' dir='ltr'><strong>interpretationes</strong></span> <span class='ocrx_word' id='word_1_468' title='bbox 1577 4133 1822 4212; x_wconf 76' lang='lat' dir='ltr'><strong>precessissent.</strong></span> 
     </span>
     <span class='ocr_line' id='line_1_41' title="bbox 114 4207 1820 4307; baseline 0.015 -39"><span class='ocrx_word' id='word_1_469' title='bbox 114 4207 333 4276; x_wconf 88' lang='lat' dir='ltr'><strong>absolutaluit</strong></span> <span class='ocrx_word' id='word_1_470' title='bbox 358 4215 398 4277; x_wconf 91' lang='lat' dir='ltr'><strong>ab</strong></span> <span class='ocrx_word' id='word_1_471' title='bbox 426 4216 536 4280; x_wconf 88' lang='lat' dir='ltr'><strong>eodem</strong></span> <span class='ocrx_word' id='word_1_472' title='bbox 561 4218 764 4303; x_wconf 89' lang='lat' dir='ltr'><strong>Hieronymo,</strong></span> <span class='ocrx_word' id='word_1_473' title='bbox 795 4227 831 4285; x_wconf 90' lang='lat' dir='ltr'><strong>nt</strong></span> <span class='ocrx_word' id='word_1_474' title='bbox 857 4222 940 4285; x_wconf 84' lang='lat' dir='ltr'><strong>iufra</strong></span> <span class='ocrx_word' id='word_1_475' title='bbox 993 4226 1307 4307; x_wconf 84' lang='lat' dir='ltr'><strong>Exemplariahujns</strong></span> <span class='ocrx_word' id='word_1_476' title='bbox 1331 4228 1444 4307; x_wconf 88' lang='lat' dir='ltr'><strong>prioris</strong></span> <span class='ocrx_word' id='word_1_477' title='bbox 1468 4228 1684 4292; x_wconf 84' lang='lat' dir='ltr'><strong>translationis</strong></span> <span class='ocrx_word' id='word_1_478' title='bbox 1710 4232 1820 4293; x_wconf 78' lang='lat' dir='ltr'><strong>Romae</strong></span> 
     </span>
     <span class='ocr_line' id='line_1_42' title="bbox 114 4304 1821 4407; baseline 0.014 -39"><span class='ocrx_word' id='word_1_479' title='bbox 114 4304 247 4371; x_wconf 90' lang='lat' dir='ltr'><strong>dicetur.</strong></span> <span class='ocrx_word' id='word_1_480' title='bbox 992 4322 1235 4388; x_wconf 82' lang='lat' dir='ltr'><strong>inveniebantur</strong></span> <span class='ocrx_word' id='word_1_481' title='bbox 1259 4327 1343 4407; x_wconf 88' lang='lat' dir='ltr'><strong>apud</strong></span> <span class='ocrx_word' id='word_1_482' title='bbox 1369 4325 1577 4389; x_wconf 86' lang='lat' dir='ltr'><strong>Domnionem</strong></span> <span class='ocrx_word' id='word_1_483' title='bbox 1605 4334 1679 4390; x_wconf 89' lang='lat' dir='ltr'><strong>ante</strong></span> <span class='ocrx_word' id='word_1_484' title='bbox 1702 4347 1821 4392; x_wconf 91' lang='lat' dir='ltr'><strong>annum</strong></span> 
     </span>
    </p>

    <p class='ocr_par' dir='ltr' id='par_1_11' title="bbox 112 4406 1823 4704">
     <span class='ocr_line' id='line_1_43' title="bbox 153 4406 1823 4507; baseline 0.014 -40"><span class='ocrx_word' id='word_1_485' title='bbox 153 4406 353 4487; x_wconf 80' lang='lat' dir='ltr'><strong>Praepoetero</strong></span> <span class='ocrx_word' id='word_1_486' title='bbox 374 4410 519 4476; x_wconf 88' lang='lat' dir='ltr'><strong>similiter</strong></span> <span class='ocrx_word' id='word_1_487' title='bbox 532 4414 642 4478; x_wconf 90' lang='lat' dir='ltr'><strong>ordine</strong></span> <span class='ocrx_word' id='word_1_488' title='bbox 668 4422 764 4498; x_wconf 88' lang='lat' dir='ltr'><strong>etque</strong></span> <span class='ocrx_word' id='word_1_489' title='bbox 795 4419 938 4496; x_wconf 85' lang='lat' dir='ltr'><strong>confuso,</strong></span> <span class='ocrx_word' id='word_1_490' title='bbox 993 4421 1109 4483; x_wconf 84' lang='lat' dir='ltr'><strong>Christi</strong></span> <span class='ocrx_word' id='word_1_491' title='bbox 1137 4425 1207 4501; x_wconf 81' lang='lat'><strong>³93,</strong></span> <span class='ocrx_word' id='word_1_492' title='bbox 1236 4444 1300 4506; x_wconf 86' lang='lat' dir='ltr'><strong>quo</strong></span> <span class='ocrx_word' id='word_1_493' title='bbox 1328 4423 1445 4504; x_wconf 86' lang='lat' dir='ltr'><strong>scripta</strong></span> <span class='ocrx_word' id='word_1_494' title='bbox 1477 4423 1662 4505; x_wconf 89' lang='lat' dir='ltr'><strong>perhibetur</strong></span> <span class='ocrx_word' id='word_1_495' title='bbox 1688 4427 1823 4507; x_wconf 87' lang='lat' dir='ltr'><strong>epistola</strong></span> 
     </span>
     <span class='ocr_line' id='line_1_44' title="bbox 113 4504 1821 4613; baseline 0.015 -51"><span class='ocrx_word' id='word_1_496' title='bbox 113 4505 257 4613; x_wconf 76' lang='lat' dir='ltr'><strong>ntantea</strong></span> <span class='ocrx_word' id='word_1_497' title='bbox 285 4508 477 4586; x_wconf 88' lang='lat' dir='ltr'><strong>monuimus,</strong></span> <span class='ocrx_word' id='word_1_498' title='bbox 506 4512 667 4577; x_wconf 81' lang='lat' dir='ltr'><strong>Gauonem</strong></span> <span class='ocrx_word' id='word_1_499' title='bbox 697 4516 861 4580; x_wconf 74' lang='lat' dir='ltr'><strong>Hebraico</strong></span> <span class='ocrx_word' id='word_1_500' title='bbox 889 4504 1377 4596; x_wconf 76' lang='lat' dir='ltr'><strong>velleu,ed1&gt;enmaenium;</strong></span> <span class='ocrx_word' id='word_1_501' title='bbox 1394 4520 1449 4583; x_wconf 91' lang='lat' dir='ltr'><strong>ubi</strong></span> <span class='ocrx_word' id='word_1_502' title='bbox 1473 4523 1633 4603; x_wconf 88' lang='lat' dir='ltr'><strong>conceptis</strong></span> <span class='ocrx_word' id='word_1_503' title='bbox 1656 4523 1762 4586; x_wconf 85' lang='lat' dir='ltr'><strong>verbis</strong></span> <span class='ocrx_word' id='word_1_504' title='bbox 1789 4525 1821 4587; x_wconf 94' lang='lat' dir='ltr'><strong>id</strong></span> 
     </span>
     <span class='ocr_line' id='line_1_45' title="bbox 112 4601 1821 4704; baseline 0.014 -44"><span class='ocrx_word' id='word_1_505' title='bbox 112 4601 215 4662; x_wconf 87' lang='lat' dir='ltr'><strong>rrtatis</strong></span> <span class='ocrx_word' id='word_1_506' title='bbox 241 4604 352 4667; x_wconf 87' lang='lat' dir='ltr'><strong>Latine</strong></span> <span class='ocrx_word' id='word_1_507' title='bbox 378 4607 581 4690; x_wconf 88' lang='lat' dir='ltr'><strong>interpretari</strong></span> <span class='ocrx_word' id='word_1_508' title='bbox 607 4615 712 4695; x_wconf 78' lang='lat' dir='ltr'><strong>caepit,</strong></span> <span class='ocrx_word' id='word_1_509' title='bbox 740 4621 784 4691; x_wconf 92' lang='lat' dir='ltr'><strong>et,</strong></span> <span class='ocrx_word' id='word_1_510' title='bbox 813 4615 938 4679; x_wconf 86' lang='lat' dir='ltr'><strong>Christo</strong></span> <span class='ocrx_word' id='word_1_511' title='bbox 992 4615 1164 4681; x_wconf 79' lang='lat' dir='ltr'><strong>affirmavit</strong></span> <span class='ocrx_word' id='word_1_512' title='bbox 1177 4621 1401 4700; x_wconf 88' lang='lat' dir='ltr'><strong>Hieronymus:</strong></span> <span class='ocrx_word' id='word_1_513' title='bbox 1418 4618 1585 4695; x_wconf 87' lang='lat' dir='ltr'><strong>Miseram,</strong></span> <span class='ocrx_word' id='word_1_514' title='bbox 1599 4621 1714 4702; x_wconf 81' lang='lat' dir='ltr'><strong>inquit,</strong></span> <span class='ocrx_word' id='word_1_515' title='bbox 1734 4641 1821 4704; x_wconf 76' lang='lat' dir='ltr'><strong>quas·</strong></span> 
     </span>
    </p>
   </div>
   <div class='ocr_carea' id='block_1_11' title="bbox 4 4696 1821 4799">
    <p class='ocr_par' dir='ltr' id='par_1_12' title="bbox 4 4696 1821 4799">
     <span class='ocr_line' id='line_1_46' title="bbox 4 4696 1821 4799; baseline 0.013 -42"><span class='ocrx_word' id='word_1_516' title='bbox 4 4766 7 4771; x_wconf 46' lang='grc'><strong><em>,</em></strong></span> <span class='ocrx_word' id='word_1_517' title='bbox 111 4696 295 4778; x_wconf 80' lang='lat' dir='ltr'><strong>adjuvante,</strong></span> <span class='ocrx_word' id='word_1_518' title='bbox 311 4706 492 4788; x_wconf 81' lang='lat' dir='ltr'><strong>complevit.</strong></span> <span class='ocrx_word' id='word_1_519' title='bbox 518 4712 592 4772; x_wconf 89' lang='lat' dir='ltr'><strong>Non</strong></span> <span class='ocrx_word' id='word_1_520' title='bbox 616 4711 700 4774; x_wconf 92' lang='lat' dir='ltr'><strong>enim</strong></span> <span class='ocrx_word' id='word_1_521' title='bbox 729 4713 865 4794; x_wconf 90' lang='lat' dir='ltr'><strong>aprime</strong></span> <span class='ocrx_word' id='word_1_522' title='bbox 884 4732 939 4776; x_wconf 92' lang='lat' dir='ltr'><strong>us-</strong></span> <span class='ocrx_word' id='word_1_523' title='bbox 992 4713 1065 4775; x_wconf 86' lang='lat' dir='ltr'><strong>dam</strong></span> <span class='ocrx_word' id='word_1_524' title='bbox 1093 4718 1147 4770; x_wconf 75' lang='grc' dir='ltr'><strong>τῶν</strong></span> <span class='ocrx_word' id='word_1_525' title='bbox 1164 4716 1373 4791; x_wconf 75' lang='grc' dir='ltr'>ὑπομνημάτων</span> <span class='ocrx_word' id='word_1_526' title='bbox 1403 4716 1437 4776; x_wconf 81' lang='lat' dir='ltr'><strong>iu</strong></span> <span class='ocrx_word' id='word_1_527' title='bbox 1457 4715 1629 4799; x_wconf 77' lang='lat' dir='ltr'><strong>prophetas</strong></span> <span class='ocrx_word' id='word_1_528' title='bbox 1656 4717 1821 4781; x_wconf 83' lang='lat' dir='ltr'><strong>duodecim</strong></span> 
     </span>
    </p>
   </div>
   <div class='ocr_carea' id='block_1_12' title="bbox 12 4799 1825 5692">
    <p class='ocr_par' dir='ltr' id='par_1_13' title="bbox 12 4799 1825 5692">
     <span class='ocr_line' id='line_1_47' title="bbox 111 4799 1821 4900; baseline 0.015 -43"><span class='ocrx_word' id='word_1_529' title='bbox 111 4814 174 4876; x_wconf 87' lang='lat' dir='ltr'><strong>que</strong></span> <span class='ocrx_word' id='word_1_530' title='bbox 201 4799 243 4861; x_wconf 90' lang='lat' dir='ltr'><strong>ed</strong></span> <span class='ocrx_word' id='word_1_531' title='bbox 266 4803 473 4868; x_wconf 82' lang='lat' dir='ltr'><strong>novissimum</strong></span> <span class='ocrx_word' id='word_1_532' title='bbox 497 4807 593 4890; x_wconf 86' lang='lat' dir='ltr'><strong>juxta</strong></span> <span class='ocrx_word' id='word_1_533' title='bbox 619 4810 762 4874; x_wconf 88' lang='lat' dir='ltr'><strong>ordinem</strong></span> <span class='ocrx_word' id='word_1_534' title='bbox 792 4830 855 4892; x_wconf 89' lang='lat' dir='ltr'><strong>quo</strong></span> <span class='ocrx_word' id='word_1_535' title='bbox 880 4811 940 4873; x_wconf 90' lang='lat' dir='ltr'><strong>ibi-</strong></span> <span class='ocrx_word' id='word_1_536' title='bbox 992 4819 1099 4876; x_wconf 89' lang='lat' dir='ltr'><strong>saucto</strong></span> <span class='ocrx_word' id='word_1_537' title='bbox 1117 4812 1210 4875; x_wconf 84' lang='lat' dir='ltr'><strong>Patri</strong></span> <span class='ocrx_word' id='word_1_538' title='bbox 1221 4812 1407 4890; x_wconf 83' lang='lat' dir='ltr'><strong>Domnioui,</strong></span> <span class='ocrx_word' id='word_1_539' title='bbox 1421 4816 1549 4879; x_wconf 83' lang='lat' dir='ltr'><strong>Samuel</strong></span> <span class='ocrx_word' id='word_1_540' title='bbox 1566 4818 1821 4900; x_wconf 85' lang='lat' dir='ltr'><strong>quoqueetMa-</strong></span> 
     </span>
     <span class='ocr_line' id='line_1_48' title="bbox 109 4893 1819 4997; baseline 0.016 -41"><span class='ocrx_word' id='word_1_541' title='bbox 109 4893 181 4957; x_wconf 89' lang='lat' dir='ltr'><strong>dem</strong></span> <span class='ocrx_word' id='word_1_542' title='bbox 211 4897 380 4979; x_wconf 90' lang='lat' dir='ltr'><strong>leguntur;</strong></span> <span class='ocrx_word' id='word_1_543' title='bbox 410 4906 467 4968; x_wconf 89' lang='lat' dir='ltr'><strong>sed</strong></span> <span class='ocrx_word' id='word_1_544' title='bbox 495 4913 532 4969; x_wconf 93' lang='lat' dir='ltr'><strong>ut</strong></span> <span class='ocrx_word' id='word_1_545' title='bbox 559 4907 663 4988; x_wconf 87' lang='lat' dir='ltr'><strong>potuit</strong></span> <span class='ocrx_word' id='word_1_546' title='bbox 689 4913 721 4971; x_wconf 90' lang='lat' dir='ltr'><strong>et</strong></span> <span class='ocrx_word' id='word_1_547' title='bbox 748 4915 782 4972; x_wconf 89' lang='lat' dir='ltr'><strong>nt</strong></span> <span class='ocrx_word' id='word_1_548' title='bbox 808 4916 939 4990; x_wconf 83' lang='lat' dir='ltr'><strong>rogatus</strong></span> <span class='ocrx_word' id='word_1_549' title='bbox 992 4911 1120 4992; x_wconf 82' lang='lat' dir='ltr'><strong>lachim,</strong></span> <span class='ocrx_word' id='word_1_550' title='bbox 1137 4911 1242 4990; x_wconf 82' lang='lat' dir='ltr'><strong>idest,</strong></span> <span class='ocrx_word' id='word_1_551' title='bbox 1258 4920 1394 4995; x_wconf 87' lang='lat' dir='ltr'><strong>quatuor</strong></span> <span class='ocrx_word' id='word_1_552' title='bbox 1415 4915 1599 4997; x_wconf 81' lang='lat' dir='ltr'><strong>Regnorum</strong></span> <span class='ocrx_word' id='word_1_553' title='bbox 1623 4915 1732 4993; x_wconf 80' lang='lat' dir='ltr'><strong>libros,</strong></span> <span class='ocrx_word' id='word_1_554' title='bbox 1758 4925 1819 4983; x_wconf 90' lang='lat' dir='ltr'><strong>etc.</strong></span> 
     </span>
     <span class='ocr_line' id='line_1_49' title="bbox 109 4991 1822 5095; baseline 0.016 -42"><span class='ocrx_word' id='word_1_555' title='bbox 109 4991 180 5069; x_wconf 88' lang='lat' dir='ltr'><strong>tuit,</strong></span> <span class='ocrx_word' id='word_1_556' title='bbox 196 4994 242 5058; x_wconf 94' lang='lat' dir='ltr'><strong>ita</strong></span> <span class='ocrx_word' id='word_1_557' title='bbox 265 4998 366 5063; x_wconf 90' lang='lat' dir='ltr'><strong>libros</strong></span> <span class='ocrx_word' id='word_1_558' title='bbox 393 5002 598 5066; x_wconf 87' lang='lat' dir='ltr'><strong>Hebraeorum</strong></span> <span class='ocrx_word' id='word_1_559' title='bbox 613 5006 645 5066; x_wconf 93' lang='lat' dir='ltr'><strong>in</strong></span> <span class='ocrx_word' id='word_1_560' title='bbox 662 5007 805 5069; x_wconf 84' lang='lat' dir='ltr'><strong>Latinum</strong></span> <span class='ocrx_word' id='word_1_561' title='bbox 822 5026 939 5070; x_wconf 86' lang='lat' dir='ltr'><strong>sermo·</strong></span> <span class='ocrx_word' id='word_1_562' title='bbox 992 5013 1032 5073; x_wconf 92' lang='lat' dir='ltr'><strong>Et</strong></span> <span class='ocrx_word' id='word_1_563' title='bbox 1046 5030 1085 5073; x_wconf 91' lang='lat' dir='ltr'><strong>ne</strong></span> <span class='ocrx_word' id='word_1_564' title='bbox 1100 5011 1226 5091; x_wconf 87' lang='lat' dir='ltr'><strong>longius</strong></span> <span class='ocrx_word' id='word_1_565' title='bbox 1249 5013 1377 5092; x_wconf 82' lang='lat' dir='ltr'><strong>evagari</strong></span> <span class='ocrx_word' id='word_1_566' title='bbox 1405 5016 1580 5095; x_wconf 88' lang='lat' dir='ltr'><strong>contingat,</strong></span> <span class='ocrx_word' id='word_1_567' title='bbox 1605 5016 1681 5095; x_wconf 89' lang='lat' dir='ltr'><strong>qnid</strong></span> <span class='ocrx_word' id='word_1_568' title='bbox 1704 5016 1744 5079; x_wconf 90' lang='lat' dir='ltr'><strong>de</strong></span> <span class='ocrx_word' id='word_1_569' title='bbox 1767 5019 1822 5080; x_wconf 84' lang='lat' dir='ltr'><strong>lo·</strong></span> 
     </span>
     <span class='ocr_line' id='line_1_50' title="bbox 12 5099 1821 5194; baseline 0.014 -42"><span class='ocrx_word' id='word_1_570' title='bbox 12 5187 15 5191; x_wconf 21' lang='grc' dir='ltr'>Ι</span> <span class='ocrx_word' id='word_1_571' title='bbox 108 5110 181 5155; x_wconf 91' lang='lat' dir='ltr'><strong>nem</strong></span> <span class='ocrx_word' id='word_1_572' title='bbox 205 5099 378 5164; x_wconf 86' lang='lat' dir='ltr'><strong>transtulit.</strong></span> <span class='ocrx_word' id='word_1_573' title='bbox 410 5103 565 5165; x_wconf 88' lang='lat' dir='ltr'><strong>Samuelis</strong></span> <span class='ocrx_word' id='word_1_574' title='bbox 592 5109 625 5166; x_wconf 90' lang='lat' dir='ltr'><strong>et</strong></span> <span class='ocrx_word' id='word_1_575' title='bbox 651 5104 819 5167; x_wconf 79' lang='lat' dir='ltr'><strong>Malechim</strong></span> <span class='ocrx_word' id='word_1_576' title='bbox 846 5107 937 5169; x_wconf 79' lang='lat' dir='ltr'><strong>uoln-</strong></span> <span class='ocrx_word' id='word_1_577' title='bbox 991 5108 1044 5184; x_wconf 88' lang='lat' dir='ltr'><strong>bo,</strong></span> <span class='ocrx_word' id='word_1_578' title='bbox 1073 5110 1150 5190; x_wconf 89' lang='lat' dir='ltr'><strong>quid</strong></span> <span class='ocrx_word' id='word_1_579' title='bbox 1191 5110 1230 5171; x_wconf 90' lang='lat' dir='ltr'><strong>de</strong></span> <span class='ocrx_word' id='word_1_580' title='bbox 1260 5112 1395 5173; x_wconf 88' lang='lat' dir='ltr'><strong>sedecim</strong></span> <span class='ocrx_word' id='word_1_581' title='bbox 1424 5113 1588 5194; x_wconf 87' lang='lat' dir='ltr'><strong>prophetie</strong></span> <span class='ocrx_word' id='word_1_582' title='bbox 1624 5114 1741 5177; x_wconf 90' lang='lat' dir='ltr'><strong>ibidem</strong></span> <span class='ocrx_word' id='word_1_583' title='bbox 1771 5117 1821 5178; x_wconf 88' lang='lat' dir='ltr'><strong>di-</strong></span> 
     </span>
     <span class='ocr_line' id='line_1_51' title="bbox 108 5191 1820 5288; baseline 0.013 -36"><span class='ocrx_word' id='word_1_584' title='bbox 108 5191 215 5255; x_wconf 85' lang='lat' dir='ltr'><strong>mine</strong></span> <span class='ocrx_word' id='word_1_585' title='bbox 237 5195 340 5275; x_wconf 90' lang='lat' dir='ltr'><strong>primo</strong></span> <span class='ocrx_word' id='word_1_586' title='bbox 382 5195 621 5273; x_wconf 71' lang='grc' dir='ltr'>φιλοπονωτάταις</span> <span class='ocrx_word' id='word_1_587' title='bbox 658 5203 766 5267; x_wconf 77' lang='lat' dir='ltr'><strong>Paulae</strong></span> <span class='ocrx_word' id='word_1_588' title='bbox 806 5205 938 5288; x_wconf 89' lang='lat' dir='ltr'><strong>ejusque</strong></span> <span class='ocrx_word' id='word_1_589' title='bbox 992 5206 1605 5286; x_wconf 80' lang='lat' dir='ltr'><strong>ctnmlcgamus,breviterallerrenon</strong></span> <span class='ocrx_word' id='word_1_590' title='bbox 1635 5210 1692 5272; x_wconf 88' lang='lat' dir='ltr'><strong>abs</strong></span> <span class='ocrx_word' id='word_1_591' title='bbox 1718 5212 1820 5276; x_wconf 86' lang='lat' dir='ltr'><strong>rosit.</strong></span> 
     </span>
     <span class='ocr_line' id='line_1_52' title="bbox 109 5287 1823 5390; baseline 0.002 -20"><span class='ocrx_word' id='word_1_592' title='bbox 109 5287 183 5352; x_wconf 53' lang='grc' dir='ltr'><strong>ΕΗΒ</strong></span> <span class='ocrx_word' id='word_1_593' title='bbox 210 5293 384 5358; x_wconf 70' lang='lat' dir='ltr'><strong>E¹¹⁸i00hi⁰</strong></span> <span class='ocrx_word' id='word_1_594' title='bbox 424 5299 631 5376; x_wconf 57' lang='lat' dir='ltr'><strong>spumeosque,</strong></span> <span class='ocrx_word' id='word_1_595' title='bbox 673 5303 820 5366; x_wconf 90' lang='lat' dir='ltr'><strong>Secundo</strong></span> <span class='ocrx_word' id='word_1_596' title='bbox 865 5322 939 5384; x_wconf 86' lang='lat' dir='ltr'><strong>pro·</strong></span> <span class='ocrx_word' id='word_1_597' title='bbox 990 5305 1131 5369; x_wconf 86' lang='lat' dir='ltr'><strong>Delobo</strong></span> <span class='ocrx_word' id='word_1_598' title='bbox 1146 5305 1275 5384; x_wconf 85' lang='lat' dir='ltr'><strong>quidem</strong></span> <span class='ocrx_word' id='word_1_599' title='bbox 1289 5307 1335 5368; x_wconf 90' lang='lat' dir='ltr'><strong>ita</strong></span> <span class='ocrx_word' id='word_1_600' title='bbox 1362 5307 1459 5370; x_wconf 90' lang='lat' dir='ltr'><strong>habet</strong></span> <span class='ocrx_word' id='word_1_601' title='bbox 1482 5310 1593 5372; x_wconf 88' lang='lat' dir='ltr'><strong>eadem</strong></span> <span class='ocrx_word' id='word_1_602' title='bbox 1621 5310 1756 5390; x_wconf 87' lang='lat' dir='ltr'><strong>epistola</strong></span> <span class='ocrx_word' id='word_1_603' title='bbox 1779 5312 1823 5374; x_wconf 90' lang='lat' dir='ltr'><strong>ad</strong></span> 
     </span>
     <span class='ocr_line' id='line_1_53' title="bbox 109 5385 1825 5490; baseline 0.013 -42"><span class='ocrx_word' id='word_1_604' title='bbox 109 5385 224 5465; x_wconf 85' lang='lat' dir='ltr'><strong>phetae</strong></span> <span class='ocrx_word' id='word_1_605' title='bbox 251 5408 361 5455; x_wconf 87' lang='lat' dir='ltr'><strong>omnes</strong></span> <span class='ocrx_word' id='word_1_606' title='bbox 390 5393 528 5474; x_wconf 83' lang='lat' dir='ltr'><strong>majores</strong></span> <span class='ocrx_word' id='word_1_607' title='bbox 554 5403 650 5480; x_wconf 85' lang='lat' dir='ltr'><strong>atque</strong></span> <span class='ocrx_word' id='word_1_608' title='bbox 678 5400 816 5464; x_wconf 88' lang='lat' dir='ltr'><strong>minores</strong></span> <span class='ocrx_word' id='word_1_609' title='bbox 847 5403 937 5465; x_wconf 89' lang='lat' dir='ltr'><strong>aede·</strong></span> <span class='ocrx_word' id='word_1_610' title='bbox 989 5402 1260 5466; x_wconf 75' lang='lat' dir='ltr'><strong>pammachium:</strong></span> <span class='ocrx_word' id='word_1_611' title='bbox 1298 5403 1464 5467; x_wconf 86' lang='lat' dir='ltr'><strong>Transtuli</strong></span> <span class='ocrx_word' id='word_1_612' title='bbox 1490 5415 1588 5490; x_wconf 89' lang='lat' dir='ltr'><strong>nuper</strong></span> <span class='ocrx_word' id='word_1_613' title='bbox 1608 5405 1671 5476; x_wconf 87' lang='lat' dir='ltr'><strong>Job</strong></span> <span class='ocrx_word' id='word_1_614' title='bbox 1700 5408 1733 5470; x_wconf 83' lang='lat' dir='ltr'><strong>in</strong></span> <span class='ocrx_word' id='word_1_615' title='bbox 1759 5408 1825 5471; x_wconf 83' lang='lat' dir='ltr'><strong>ltu·</strong></span> 
     </span>
     <span class='ocr_line' id='line_1_54' title="bbox 107 5482 1825 5588; baseline 0.016 -44"><span class='ocrx_word' id='word_1_616' title='bbox 107 5482 170 5547; x_wconf 91' lang='lat' dir='ltr'><strong>cim</strong></span> <span class='ocrx_word' id='word_1_617' title='bbox 186 5486 303 5553; x_wconf 85' lang='lat' dir='ltr'><strong>eisdem</strong></span> <span class='ocrx_word' id='word_1_618' title='bbox 319 5491 489 5574; x_wconf 84' lang='lat' dir='ltr'><strong>delegavit.</strong></span> <span class='ocrx_word' id='word_1_619' title='bbox 518 5497 623 5559; x_wconf 82' lang='lat' dir='ltr'><strong>Tertio</strong></span> <span class='ocrx_word' id='word_1_620' title='bbox 651 5497 735 5561; x_wconf 93' lang='lat' dir='ltr'><strong>circa</strong></span> <span class='ocrx_word' id='word_1_621' title='bbox 761 5499 844 5561; x_wconf 83' lang='lat' dir='ltr'><strong>idem</strong></span> <span class='ocrx_word' id='word_1_622' title='bbox 860 5506 938 5564; x_wconf 90' lang='lat' dir='ltr'><strong>tem·</strong></span> <span class='ocrx_word' id='word_1_623' title='bbox 989 5520 1088 5583; x_wconf 76' lang='lat' dir='ltr'><strong>guam</strong></span> <span class='ocrx_word' id='word_1_624' title='bbox 1103 5506 1242 5563; x_wconf 89' lang='lat' dir='ltr'><strong>nostram</strong></span> <span class='ocrx_word' id='word_1_625' title='bbox 1251 5522 1263 5579; x_wconf 92' lang='lat'><em>;</em></span> <span class='ocrx_word' id='word_1_626' title='bbox 1278 5501 1371 5581; x_wconf 88' lang='lat' dir='ltr'><strong>cujus</strong></span> <span class='ocrx_word' id='word_1_627' title='bbox 1385 5504 1541 5588; x_wconf 81' lang='lat' dir='ltr'><strong>exemplar</strong></span> <span class='ocrx_word' id='word_1_628' title='bbox 1555 5526 1574 5565; x_wconf 90' lang='lat' dir='ltr'><strong>a</strong></span> <span class='ocrx_word' id='word_1_629' title='bbox 1597 5512 1706 5568; x_wconf 90' lang='lat' dir='ltr'><strong>sancta</strong></span> <span class='ocrx_word' id='word_1_630' title='bbox 1728 5506 1825 5572; x_wconf 85' lang='lat' dir='ltr'><strong>Mar·</strong></span> 
     </span>
     <span class='ocr_line' id='line_1_55' title="bbox 106 5586 1825 5692; baseline 0.016 -48"><span class='ocrx_word' id='word_1_631' title='bbox 106 5598 168 5663; x_wconf 85' lang='lat' dir='ltr'><strong>pue</strong></span> <span class='ocrx_word' id='word_1_632' title='bbox 182 5586 362 5667; x_wconf 83' lang='lat' dir='ltr'><strong>sophronio</strong></span> <span class='ocrx_word' id='word_1_633' title='bbox 377 5592 504 5674; x_wconf 90' lang='lat' dir='ltr'><strong>roganti</strong></span> <span class='ocrx_word' id='word_1_634' title='bbox 526 5595 717 5660; x_wconf 89' lang='lat' dir='ltr'><strong>Psalterium</strong></span> <span class='ocrx_word' id='word_1_635' title='bbox 743 5598 781 5661; x_wconf 87' lang='lat' dir='ltr'><strong>de</strong></span> <span class='ocrx_word' id='word_1_636' title='bbox 803 5599 937 5666; x_wconf 85' lang='lat' dir='ltr'><strong>Hebraeo</strong></span> <span class='ocrx_word' id='word_1_637' title='bbox 991 5596 1084 5680; x_wconf 86' lang='lat' dir='ltr'><strong>cella,</strong></span> <span class='ocrx_word' id='word_1_638' title='bbox 1099 5599 1287 5662; x_wconf 87' lang='lat' dir='ltr'><strong>consobrina</strong></span> <span class='ocrx_word' id='word_1_639' title='bbox 1314 5607 1381 5679; x_wconf 90' lang='lat' dir='ltr'><strong>tua,</strong></span> <span class='ocrx_word' id='word_1_640' title='bbox 1405 5603 1527 5685; x_wconf 82' lang='lat' dir='ltr'><strong>poteris</strong></span> <span class='ocrx_word' id='word_1_641' title='bbox 1555 5605 1707 5669; x_wconf 84' lang='lat' dir='ltr'><strong>mutuari.</strong></span> <span class='ocrx_word' id='word_1_642' title='bbox 1736 5606 1825 5692; x_wconf 73' lang='lat' dir='ltr'><strong>Lege</strong></span> 
     </span>
    </p>
   </div>
   <div class='ocr_carea' id='block_1_13' title="bbox 0 0 1940 6120">
    <p class='ocr_par' dir='ltr' id='par_1_14' title="bbox 0 0 1940 6120">
     <span class='ocr_line' id='line_1_56' title="bbox 0 0 1940 6120; baseline 0 0"><span class='ocrx_word' id='word_1_643' title='bbox 0 0 1940 6120; x_wconf 95' lang='lat' dir='ltr'><strong> </strong></span> 
     </span>
    </p>
   </div>
  </div>
 </body>
</html>
