3870 6120
108 305 160 366 447
626 310 656 365 Β.
676 307 881 365 menonvalt
901 307 1031 363 Divina
1048 304 1296 362 erementanos.
1762 302 1820 362 448

144 435 259 493 intrabo
273 434 434 502 vobisoum,
450 433 501 489 sed
518 433 627 490 morior
652 433 681 489 in
696 433 752 491 bac
770 437 860 490 terra.
875 436 928 491 at·
942 431 971 501 Α
984 431 1110 489 XXXIII.
1125 430 1161 487 Dt
1175 430 1250 488 dixit
1272 429 1417 489 Dominus
1437 429 1474 488 ad
1495 445 1553 504 me,
1569 429 1634 488 alna
1648 444 1707 501 me,
1719 432 1750 489 et
1763 431 1822 490 de·

34 558 37 564 ·
141 524 303 581 tenditene
327 521 544 579 obliviscamini
572 525 784 579 testamentum
814 521 932 579 Domini
1021 519 1192 578 leamillos.

139 612 193 670 Dei
214 612 323 668 vestri:
349 611 489 682 quoniam
512 610 537 667 si
562 610 805 669 exacerbaveritis
824 617 930 679 mum,
987 609 1112 667 XXXIV.
1128 609 1165 666 Dt
1178 609 1315 667 descendi
1332 609 1368 666 de
1384 613 1494 678 monte,
1509 612 1539 666 et
1553 608 1613 665 vidi
1629 608 1701 683 quia
1713 625 1818 684 pecca·

141 704 233 757 testor
246 700 328 755 vobis
342 699 430 756 hodie
443 699 550 757 caelum
566 706 594 758 et
609 704 729 771 terram,
744 701 813 773 quin
829 699 932 773 peribi·
1022 700 1087 771 stis,
1103 705 1132 755 et
1145 699 1255 772 projeci
1271 697 1389 757 tabulas
1403 699 1440 757 de
1454 697 1593 757 manibus
1608 699 1695 771 meis,
1710 704 1738 757 at
1750 715 1821 757 con·

138 789 177 844 tis
195 790 229 844 de
245 793 321 844 terra
336 787 400 845 illa.
1022 788 1095 861 fregi
1112 788 1190 846 illus.

105 877 163 933 XV.
181 877 360 950 Interrogata
382 877 440 934 sia
464 894 521 951 quo
547 879 657 936 creavit
676 878 754 936 Deus
769 878 931 946 bominem,
986 877 1106 936 XXXV.
1124 879 1159 934 Et
1173 879 1347 952 deprecatus
1362 893 1428 936 sum
1444 876 1603 935 Dominum
1618 877 1726 935 ilerum
1739 877 1820 935 sicut

145 965 280 1022 auditum
297 971 342 1022 cst
356 966 421 1035 hoc,
438 966 463 1022 ai
478 971 523 1024 est
537 983 609 1040 gens
631 969 687 1024 sub
702 967 774 1024 cmlo
790 967 837 1024 eui
852 966 932 1023 locu·
1024 968 1117 1041 priua,
1134 967 1329 1041 quadraginta
1343 968 1459 1038 diebus,
1473 972 1504 1024 et
1517 967 1716 1041 quadraginta
1726 970 1820 1024 nocti-

146 1059 195 1111 tus
211 1056 251 1112 sit
265 1055 406 1112 Dominus
420 1057 457 1112 de
472 1056 568 1114 medio
584 1057 674 1129 ignis.
1023 1058 1078 1114 bus
1094 1073 1197 1129 panem
1213 1073 1270 1114 non
1286 1056 1343 1130 edi,
1359 1062 1388 1113 et
1402 1072 1509 1129 aquam
1526 1072 1583 1114 non
1595 1055 1669 1113 bibi.

111 1143 181 1200 XVI.
196 1145 278 1200 Tunc
293 1144 441 1218 disposuit
454 1145 569 1219 Moyses
584 1145 718 1203 civitates
734 1147 770 1203 ad
787 1145 932 1217 refugium
987 1147 1116 1204 XXXVI.
1134 1147 1167 1203 Dt
1181 1147 1212 1203 in
1226 1150 1321 1204 Aaron
1337 1146 1431 1203 iratus
1446 1149 1493 1203 est
1506 1144 1590 1204 valde
1607 1145 1753 1203 Dominus
1767 1160 1820 1217 pro

151 1232 374 1290 homicidarum.
1024 1253 1057 1293 eo
1073 1237 1149 1308 quod
1166 1235 1275 1292 fecistis
1290 1234 1427 1294 vitulum.

112 1322 197 1379 XVII.
214 1321 279 1379 Hae
293 1327 338 1380 est
352 1321 409 1394 lex,
425 1339 515 1395 quum
541 1323 659 1381 locutus
674 1328 719 1383 est
733 1327 847 1398 Moyses
862 1340 933 1381 con·
987 1325 1126 1382 XXXVII.
1144 1326 1178 1381 Dt
1192 1325 1317 1398 sumpsi,
1333 1329 1363 1382 et
1377 1324 1529 1382 combussi
1545 1324 1642 1382 illum.

146 1428 252 1468 vocans
268 1413 303 1468 ad
320 1428 352 1468 se
368 1429 486 1470 omnem
502 1414 603 1472 lsrael.
988 1414 1143 1472 XXXVIII.
1161 1416 1195 1471 Et
1213 1414 1243 1470 in
1259 1414 1421 1471 tentatione
1436 1413 1633 1471 exacerbastis
1644 1412 1822 1471 Dominum.

113 1500 209 1559 XVIII.
226 1503 292 1557 Hac
307 1502 394 1558 verba
416 1503 531 1559 locutus
547 1509 592 1560 cst
606 1503 748 1561 Dominus
763 1504 800 1560 ad
815 1519 932 1560 omnem
988 1503 1114 1561 XXXIX.
1129 1503 1165 1560 Dr
1188 1504 1307 1576 quando
1329 1502 1410 1560 misil
1431 1519 1483 1561 vos
1508 1502 1651 1561 Dominus
1674 1518 1693 1561 a
1710 1503 1822 1561 Cades-

149 1606 326 1665 synagogem
347 1591 445 1660 Israel,
460 1597 490 1649 et
504 1592 621 1651 dixistis
635 1592 707 1650 mihi
724 1599 757 1650 ut
771 1593 904 1650 audirem
919 1612 937 1651 a
1024 1599 1128 1650 Darne.

149 1679 218 1750 Deo,
233 1688 260 1736 et
275 1677 391 1737 locutus
407 1697 501 1739 essem
516 1683 610 1749 vobis,
624 1686 653 1739 et
668 1699 746 1739 nuno
761 1681 846 1741 iecite
860 1699 938 1754 que·
990 1683 1045 1740 XL.
1062 1683 1096 1738 Et
1110 1686 1247 1756 precatus
1262 1698 1328 1739 sum
1353 1686 1422 1739 aute
1444 1681 1605 1738 Dominum
1619 1680 1822 1755 quadraginta

147 1784 264 1840 cunque
279 1769 416 1843 pracepit
429 1770 514 1827 vobis
538 1770 691 1844 Dominus,
713 1788 770 1828 non
786 1771 976 1880 declinan-B
1026 1771 1141 1841 diebus,
1157 1775 1186 1829 et
1201 1770 1398 1844 quadraginta
1412 1770 1558 1828 noctibus.

147 1862 191 1914 tes
206 1857 242 1915 ad
256 1859 400 1928 dextram,
416 1874 510 1931 neque
525 1861 560 1915 ad
577 1859 739 1916 sinistram.
989 1865 1062 1920 XLI.
1078 1865 1108 1917 In
1125 1860 1175 1918 illo
1189 1864 1321 1934 tempore
1336 1861 1409 1917 dixit
1424 1859 1497 1917 mihi
1509 1859 1654 1917 Dominus
1667 1876 1673 1917 :
1688 1859 1820 1918 Praoide

112 1946 184 2003 XIX.
208 1948 294 2017 Audi,
326 1949 428 2017 lsrael,
456 1949 600 2006 Dominus
628 1949 707 2006 Deus
734 1952 833 2006 noster
858 1948 937 2006 Deus
1026 1951 1079 2007 tibi
1096 1952 1170 2007 duas
1194 1949 1312 2007 tabulae
1332 1948 1462 2023 lapideas
1483 1948 1560 2006 sicut
1585 1951 1712 2021 priores,
1728 1954 1821 2008 etas·

149 2053 227 2092 unus
251 2041 306 2106 est,
334 2041 362 2093 et
385 2037 491 2109 diliges
516 2038 674 2095 Dominum
695 2043 785 2095 Deum
803 2042 887 2095 tuum
902 2054 938 2096 ex
1027 2040 1119 2097 cende
1133 2040 1168 2096 ad
1185 2055 1232 2096 me
1245 2039 1276 2095 in
1292 2045 1433 2096 montem.

149 2127 210 2180 toto
227 2125 390 2196 cordetuo,
405 2130 435 2181 et
450 2141 484 2182 ex
498 2130 559 2182 tota
572 2126 681 2182 vtrtute
696 2131 758 2183 tua.
991 2130 1073 2186 XLII.
1090 2130 1125 2185 Et
1140 2129 1193 2186 Ieci
1209 2144 1307 2185 aream
1323 2132 1352 2184 et
1364 2127 1482 2185 ascendi
1498 2128 1529 2184 in
1550 2132 1692 2186 montem.

115 2215 180 2270 XX.
197 2214 357 2272 Dominum
382 2221 474 2273 Deum
501 2222 585 2274 tuum
612 2216 743 2284 timebis..
769 2221 799 2274 et
820 2216 862 2273 illi
882 2216 937 2274 soli
991 2218 1091 2277 XLIII.
1106 2223 1143 2276 st
1158 2217 1308 2287 descendi,
1321 2222 1351 2274 et
1366 2218 1434 2275 misi
1449 2216 1565 2276 tabulas
1581 2219 1610 2275 in
1626 2234 1742 2276 arcam.

149 2303 269 2360 servies.
992 2308 1088 2365 XLIV.
1107 2309 1139 2363 In
1155 2306 1206 2364 illo
1220 2311 1354 2380 tompore
1378 2307 1526 2379 separavit
1547 2308 1695 2365 Dominus
1711 2308 1825 2367 tribum

118 2393 191 2450 XXI.
205 2392 269 2449 Non
285 2392 366 2450 ibitis
381 2398 448 2467 post
461 2396 531 2452 deos
546 2394 667 2467 alienos,
688 2413 725 2453 ne
739 2394 936 2453 eradicemini.
1030 2396 1109 2468 Levi,
1123 2402 1155 2453 ut
1170 2401 1320 2469 portarent
1333 2413 1441 2454 arcam.

123 2482 212 2539 XXII.
229 2482 290 2539 Non
315 2483 444 2541 tentabis
468 2485 624 2543 Dominum
649 2490 740 2542 Deum
764 2490 860 2552 taum,
886 2485 937 2542 sed
993 2486 1074 2543 XLV.
1090 2486 1125 2542 Et
1139 2502 1229 2558 nunc,
1246 2484 1348 2554 lsrael,
1366 2486 1438 2558 quid
1454 2485 1597 2543 Dominus
1610 2485 1750 2559 postulat
1763 2503 1782 2544 a
1795 2490 1825 2544 te

153 2571 242 2629 iacies
258 2589 322 2644 que
335 2575 474 2646 praeepIt
501 2574 565 2643 tibi,
581 2580 610 2632 et
634 2575 695 2632 illio
710 2580 760 2632 tuo
776 2576 855 2631 dices
871 2591 939 2648 que
1029 2574 1123 2642 aliud,
1139 2590 1228 2647 quam
1253 2578 1287 2631 ut
1308 2574 1416 2632 timeas
1439 2575 1599 2633 Dominum
1615 2579 1711 2633 mum
1726 2580 1823 2644 tuum,

151 2662 341 2719 madmodum
357 2663 489 2719 eduxerit
504 2668 532 2720 te
548 2665 689 2722 Dominus
705 2665 882 2738 doAEgypto.
1027 2666 1055 2720 et
1074 2663 1181 2736 diliges
1196 2680 1276 2733 eum,
1292 2666 1322 2720 et
1335 2664 1446 2721 servias
1459 2665 1514 2720 eit

114 2750 214 2807 XXIII.
230 2751 311 2817 Quod
328 2750 353 2808 si
369 2750 563 2809 introduxerit
574 2757 603 2809 te
618 2753 761 2811 Dominus
775 2752 805 2809 in
818 2758 938 2826 terram,
992 2753 1089 2811 XLVI.
1107 2752 1265 2811 Dominum
1292 2753 1386 2811 Deum
1409 2758 1496 2811 tuum
1515 2752 1648 2823 timebis,
1662 2758 1693 2812 et
1707 2752 1752 2812 illi
1768 2753 1824 2813 soli

151 2855 240 2912 quam
256 2856 450 2913 possessurus
473 2855 515 2911 es,
532 2842 685 2915 disperdes
709 2858 811 2899 omnes
824 2846 937 2915 gentes,
1029 2843 1149 2900 servies.

152 2927 243 3000 ipsas,
271 2931 299 2984 et
328 2946 394 2985 uras
420 2946 533 3003 earum,
563 2937 592 2989 et
619 2930 722 2989 titulos
750 2930 940 3005 etscuiptilia
993 2931 1103 2989 XLVII.
1118 2936 1190 2989 cum
1208 2932 1396 3006 septuaginta
1411 2932 1825 2991 animabus¹desoenderunt

153 3017 309 3075 comburas
326 3017 397 3092 lgni.
1029 3025 1128 3094 patres
1154 3020 1199 3077 tui
1214 3020 1245 3078 in
1270 3021 1439 3095 AEgyptum,
1464 3026 1493 3078 et
1516 3020 1584 3079 fecit
1607 3025 1635 3078 te
1651 3025 1732 3078 Deus
1746 3021 1827 3084 siout

116 3106 215 3163 XXIV.
231 3106 259 3162 Si
273 3107 497 3165 observaveritis
511 3113 656 3182 precepta
666 3113 696 3166 et
707 3110 841 3183 justitias
854 3110 938 3182 istas,
1029 3108 1130 3167 stellas
1146 3109 1210 3167 curli
1225 3110 1255 3166 in
1271 3109 1505 3167 multitudinem.

150 3196 279 3253 servabit
302 3202 331 3254 et
346 3197 427 3255 vobis
453 3200 596 3256 Dominus
620 3204 841 3268 testamentum,
857 3199 936 3273 quod
951 3180 973 3250 C
987 3199 1138 3256 XLXVIII.
1155 3200 1189 3257 ar
1202 3199 1317 3257 amabis
1341 3200 1510 3270 Dominum,
1535 3202 1563 3256 et
1578 3199 1654 3257 scies
1670 3200 1825 3272 quomodo

149 3286 259 3358 juravit
274 3286 407 3359 patribus
422 3288 539 3357 vestris,
555 3294 585 3345 et
599 3288 752 3346 benedicet
769 3306 831 3358 vos,
845 3294 876 3347 et
889 3306 940 3347 ex·
1028 3294 1057 3345 te
1071 3289 1172 3345 eduxit
1199 3289 1340 3346 Dominus
1370 3289 1406 3346 de
1433 3290 1566 3363 AEgvptn,
1595 3294 1627 3346 et
1639 3304 1709 3361 quae
1723 3289 1827 3348 leoen‘t

148 3373 236 3448 pollet
250 3392 368 3432 omnem
387 3375 561 3449 languorem
578 3378 700 3436 avobia.
1030 3378 1144 3435 Datban
1160 3381 1189 3435 et
1200 3377 1320 3451 Abyron
1332 3376 1402 3436 liliis
1416 3377 1509 3435 Eliab.

113 3464 200 3523 XXV.
217 3464 281 3521 Non
298 3481 399 3537 parcos
415 3466 564 3539 gentibus,
591 3482 664 3539 quas
683 3468 828 3525 Dominus
843 3468 939 3540 subji-
994 3467 1090 3525 XLIX.
1107 3469 1188 3535 Quod
1200 3468 1225 3524 si
1237 3468 1390 3525 audieritis
1402 3471 1546 3541 precepta
1558 3466 1651 3539 illius,
1662 3468 1751 3526 dabit
1762 3469 1826 3543 ple·

149 3555 205 3611 ciet
221 3554 285 3624 tibi,
304 3570 357 3611 nec
373 3554 463 3624 dices,
489 3554 596 3628 Magna
618 3572 691 3629 gens
706 3556 777 3627 haec,
793 3557 940 3629 quomodo
1029 3559 1107 3614 viam
1123 3562 1205 3614 terra
1217 3562 1330 3629 vestre,
1342 3557 1546 3615 elsatietat‘em
1562 3557 1591 3614 in
1608 3558 1690 3631 agris
1704 3559 1826 3617 vestris.

152 3647 252 3716 potero
268 3645 412 3701 adversus
435 3645 523 3702 oam‘l
548 3648 577 3702 et
600 3663 657 3703 non
681 3647 871 3719 concupisces
886 3663 939 3704 au·
995 3646 1026 3704 L.
1042 3646 1078 3703 Dt
1093 3646 1118 3703 si
1133 3645 1324 3704 obaudieritis
1354 3661 1440 3703 omne
1456 3649 1632 3720 preceptum
1658 3646 1756 3719 istud,
1773 3646 1828 3721 eli·

152 3749 217 3789 rum
242 3732 288 3790 vel
312 3737 466 3806 argentum
494 3734 530 3791 do
550 3733 738 3809 sculptilibus
760 3752 872 3804 eorum,
889 3736 939 3793 scd
1031 3736 1088 3794 ciet
1101 3737 1246 3794 Dominus
1260 3751 1362 3793 omnes
1377 3740 1480 3808 gentes
1493 3752 1511 3792 a
1525 3733 1719 3793 iacievestra.

151 3821 416 3879 anathematizabis
433 3839 476 3878 ea.
995 3828 1041 3883 LI.
1057 3827 1129 3883 Doce
1144 3826 1180 3883 do
1195 3825 1279 3883 vobis
1293 3824 1379 3882 hodie
1403 3824 1638 3883 benedictionem
1655 3829 1686 3882 et
1700 3825 1828 3885 maledi·

112 3911 207 3969 XXVI.
225 3911 328 3969 Omnia
343 3914 484 3971 mundata
500 3930 563 3986 quae
578 3915 660 3972 trado
675 3916 757 3973 vobis
773 3916 870 3985 hodie,
886 3916 940 3973 ob·
1030 3915 1166 3972 ctionem.

150 4002 316 4070 servabitis,
333 4008 366 4061 ut
381 4002 496 4073 vivatis,
512 4005 586 4061 etin
602 4009 700 4063 mente
719 4005 826 4063 habete
840 4005 940 4063 omnia
994 4005 1053 4061 LII.
1066 4003 1124 4061 lata
1135 4007 1278 4077 precepta
1290 4006 1361 4060 sunt
1372 4002 1600 4077 etJudieia,quae
1611 4002 1825 4064 observabitis.

150 4109 212 4165 qua
228 4093 338 4165 experti
355 4092 426 4150 estis
442 4093 471 4150 in
488 4094 624 4165 desertis,
648 4100 677 4153 et
695 4095 830 4154 esuristis
845 4098 874 4153 ct
889 4096 939 4152 de·
994 4086 1071 4153 LIII.
1085 4093 1149 4151 Non
1164 4092 1278 4151 facietis
1292 4092 1471 4150 voluntatem
1481 4096 1621 4150 vestram.

150 4182 195 4262 dit
209 4182 293 4241 vobis
310 4183 455 4242 Dominus
470 4200 597 4243 manna:
619 4189 652 4242 ut
666 4186 781 4243 sciretis
796 4186 939 4259 quianon
994 4183 1064 4242 LIV.
1080 4185 1113 4241 In
1128 4182 1191 4240 loco
1207 4198 1295 4257 quem
1309 4181 1431 4256 elegerIt
1444 4181 1600 4253 DomInus,
1614 4183 1750 4243 offeretis
1763 4200 1825 4242 om·

149 4270 178 4328 in
192 4275 392 4345 penetentum
404 4272 474 4330 vivit
484 4272 637 4344 bomo‚sed
649 4274 768 4332 inomni
778 4275 937 4333 verboDei.
1028 4273 1079 4330 nia
1093 4289 1156 4346 que
1172 4289 1224 4347 ego
1240 4273 1348 4330 mando
1361 4272 1454 4330 vobIs.

117 4361 234 4419 XXVII.
251 4361 507 4431 attenderimus
529 4363 712 4421 obliviscaris
727 4364 868 4423 beneficia
882 4371 940 4423 Do·
994 4364 1050 4419 LV.
1066 4363 1175 4420 Omnes
1203 4361 1352 4434 primitias
1379 4366 1447 4419 tuas
1472 4361 1503 4418 in
1524 4364 1688 4435 conspectu
1703 4363 1818 4422 Domini
1848 4370 1851 4377 '

149 4450 225 4507 mini
244 4450 295 4508 Dei
312 4449 366 4505 tut.
1030 4452 1073 4510 tui
1089 4451 1294 4510 manducabis.

115 4538 243 4597 XXVIII.
260 4540 323 4597 Non
339 4538 420 4597 dicas
444 4540 475 4599 in
494 4542 660 4616 cordetuo,
675 4542 776 4601 Vtrtus
791 4559 857 4601 mea
873 4543 941 4601 lecit
956 4540 979 4607 D
995 4542 1063 4601 LVI.
1078 4542 1226 4600 Attendite
1240 4557 1278 4599 ne
1290 4538 1474 4599 manducetis
1487 4539 1676 4614 sanguinem.

150 4626 211 4684 beo
227 4628 337 4685 omnia.
993 4632 1077 4690 LVII.
1094 4632 1226 4705 Custodi,
1241 4635 1271 4688 et
1284 4631 1327 4689 tac
1341 4629 1443 4688 omnia
1455 4629 1554 4703 verba,
1568 4646 1633 4702 qua
1643 4645 1699 4705 ego
1711 4630 1818 4690 mando

112 4715 214 4775 XXIX.
230 4716 317 4787 nudi,
334 4719 436 4788 Israel,
453 4721 484 4776 tu
497 4720 623 4779 transies
634 4720 721 4778 hodie
730 4721 899 4794 Iordanem,
910 4726 939 4779 et
1027 4721 1092 4778 tibi.

148 4805 314 4880 possidebis
329 4812 432 4880 gentes
448 4825 582 4882 magnes,
605 4813 635 4868 et
649 4811 780 4868 civitates
796 4812 938 4885 munitas,
992 4809 1089 4866 LVIII.
1106 4807 1197 4865 Omne
1212 4810 1335 4867 verbum
1350 4809 1428 4883 quod
1444 4825 1498 4882 ego
1513 4808 1621 4866 mando
1635 4808 1702 4880 tibi,
1718 4814 1817 4869 custo·

148 4898 179 4953 st
192 4893 270 4952 scies
286 4895 357 4968 quia
370 4896 514 4956 Dominus
527 4903 606 4957 Deus
622 4903 691 4958 tuus
706 4900 849 4972 precedet
863 4905 902 4957 te.
1028 4897 1058 4955 di
1073 4900 1102 4954 et
1117 4896 1173 4967 Iac,
1198 4902 1228 4954 et
1242 4903 1415 4973 prophetam
1440 4897 1490 4971 qui
1504 4897 1611 4956 dixerit
1623 4897 1701 4958 tibi:
1718 4916 1820 4959 umus

115 4985 206 5045 XXX.
224 4984 287 5045 Non
311 4986 392 5043 dicas
416 4987 446 5044 in
468 4988 555 5045 corde
581 4992 644 5061 tuo,
668 4993 788 5064 propter
803 4989 939 5061 iustitias
1029 4990 1058 5044 at
1072 4984 1235 5045 serviamus
1252 4989 1322 5060 diis,
1337 5004 1396 5047 non
1412 4987 1525 5047 audies.

153 5089 234 5131 meas
248 5073 412 5132 introduxit
435 5091 482 5133 me
505 5075 649 5135 Dominus
667 5078 698 5136 tn
714 5083 822 5135 terram
838 5078 938 5136 istam.
995 5076 1061 5136 LIX.
1077 5075 1146 5133 Post
1169 5077 1326 5136 Dominum
1352 5083 1445 5137 mum
1467 5081 1600 5136 vestrum
1620 5076 1715 5153 ibitis,
1730 5083 1760 5137 et
1774 5078 1820 5154 ip·

115 5162 210 5223 XXXI.
226 5167 259 5219 In
277 5167 374 5220 mente
388 5164 494 5222 habete
509 5165 624 5239 quoties
636 5166 877 5225 exacerbaveritis
886 5167 940 5225 Do·
1029 5181 1095 5223 sum
1109 5164 1262 5224 timebitis.

152 5252 268 5311 minum
284 5252 315 5309 in
330 5251 464 5309 desertis
828 5315 832 5322 ,
994 5257 1054 5315 LX.
1070 5254 1101 5312 Si
1116 5260 1214 5313 autam
1240 5257 1330 5315 irater
1353 5261 1434 5329 tuus,
1451 5260 1503 5317 aut
1527 5256 1617 5326 Illius,
1632 5260 1685 5316 aut
1699 5261 1822 5332 contnx,

115 5342 232 5402 XXXII.
249 5343 284 5401 Et
297 5343 327 5400 in
339 5342 434 5400 Horeb
446 5343 647 5403 exacerbastis
661 5341 831 5417 Dominum,
847 5362 938 5419 qusn-
1028 5352 1077 5402 aut
1092 5344 1205 5403 anricus
1220 5345 1326 5404 dixerit
1338 5347 1414 5405 tibi:
1432 5349 1553 5421 Damus,
1569 5345 1737 5405 serviamus
1752 5347 1821 5418 diis,

151 5432 188 5490 do
205 5432 316 5492 Ieoistis
332 5429 488 5492 conflatile.
1028 5450 1087 5492 non
1100 5451 1202 5509 parces
1217 5437 1254 5507 ei,
1275 5440 1328 5495 sed
1352 5437 1464 5496 deleres
1486 5452 1567 5506 eum,
1582 5439 1612 5494 et
1624 5434 1822 5511 lapidabitur.

155 5647 165 5684 ¹
181 5647 214 5704 In
228 5646 351 5710 Palattn.
367 5666 437 5726 mn,
451 5666 514 5711 curn
526 5650 563 5713 75
576 5648 730 5712 animator.
