3870 6120
10 220 13 227 .
110 154 181 234 roes
628 176 658 230 a.
679 173 883 230 arabonam
901 173 1030 229 urnae
1045 171 1293 231 araeroonaca.
1749 187 1818 247 tear

111 300 250 359 Doctrina
265 301 344 358 mala
358 299 504 358 deserenti
519 299 596 355 viam
612 299 619 333 ¹
635 315 642 352 ε
949 301 974 367 Α
1027 299 1056 349 et
1070 293 1099 350 in
1116 300 1222 351 timore
1238 296 1351 353 Domini
1366 299 1532 358 declinatur
1545 292 1670 364 amalo.

148 372 198 446 qui
214 373 431 445 increpationes
447 371 519 441 odit,
536 370 686 427 morietur.
993 366 1068 449 Dour
1083 365 1248 449 placuerint
1262 369 1383 426 Domino
1396 372 1450 429 vioe
1463 373 1607 447 hominia,

110 444 256 517 internus,
272 450 300 501 et
315 444 441 517 perditio
456 459 553 500 coram
569 443 716 500 Domino:
1029 454 1166 520 rnrmtcos
1181 456 1298 513 quoque
1313 443 1378 513 elus
1392 449 1541 504 convertet
1556 449 1592 506 ad
1610 467 1727 525 pacem.

149 522 257 589 quanto
273 516 368 589 magis
380 516 468 573 corda
483 514 612 570 filiorum
627 512 803 570 hominum!
994 508 1102 566 Melius
1115 514 1161 566 est
1175 527 1279 582 parum
1295 529 1361 571 eum
1372 515 1500 585 justitia,
1536 566 1545 579 ,

113 588 174 645 Neo
192 592 272 644 amat
286 587 426 658 pestilens
441 603 520 656 eum,
537 587 586 658 qui
604 602 635 643 se
650 584 789 658 corripit:
1028 596 1118 654 quam
1135 582 1218 638 multi
1236 584 1347 642 fruetus
1362 602 1429 643 cum
1444 588 1610 660 iniquitate.

149 675 202 715 nec
217 659 252 714 ad
270 660 417 731 sapientes
432 659 577 732 graditur.
992 651 1048 708 Cor
1063 651 1194 709 hominis
1209 655 1340 728 disponit
1353 658 1430 715 viam
1446 676 1551 719 auam:

112 731 168 788 Gor
181 730 314 803 gaudens
324 732 469 788 exhilarat
484 731 605 786 faeiem:
1019 725 1078 808 ¹sed
1094 726 1209 808 Domini
1224 734 1269 783 est
1285 729 1411 814 dirigere
1426 747 1545 804 gressus
1559 736 1639 809 ejus,

148 802 179 856 ia
192 819 315 860 maerere
331 803 423 859 animi
439 802 577 874 dejicitur
592 799 724 873 spiritus.
992 794 1135 852 Drrruatro
1150 797 1179 852 in
1195 797 1282 855 labiis
1297 817 1328 856 re
1349 818 1383 859 rs.

112 873 168 930 Cor
183 874 325 946 sapientia
340 874 444 948 quaerit
457 873 621 930 doctrinam
636 889 642 929 :
1028 866 1057 922 in
1071 868 1182 937 iudicio
1197 887 1253 926 non
1270 817 1379 929 errairit
1393 889 1426 929 oa
1440 874 1513 947 ejus.

148 949 177 1001 et
191 962 224 1002 os
240 945 400 1003 stultorum
417 947 547 1018 pasoitur
561 943 717 1018 imperitia.
992 940 1112 995 Pondus
1127 945 1156 996 et
1168 944 1278 998 statera
1289 943 1401 1014 iudicia
1416 946 1531 1006 Domini
1546 955 1638 1009 sant:

114 1019 220 1073 Omnes
235 1018 298 1075 dies
315 1020 461 1090 pauperia,
477 1017 565 1074 mali:
1028 1015 1058 1066 et
1072 1027 1160 1095 opera
1173 1014 1238 1084 eJus
1254 1031 1356 1073 omnes
1369 1015 1483 1088 lapides
1496 1023 1642 1094 succutit,

150 1103 254 1145 secura
268 1105 352 1147 mons
368 1089 452 1162 quasi
463 1089 536 1172 juge
550 1087 725 1144 convivium.
992 1082 1212 1166 abominabiles
1226 1085 1285 1157 regi
1301 1089 1351 1159 qui
1366 1094 1458 1161 agunt
1473 1090 1564 1163 impie
1578 1111 1586 1151 :

115 1159 221 1217 Melius
235 1165 280 1218 est
293 1178 397 1245 purum
413 1176 477 1217 curu
495 1166 600 1244 timore
615 1158 743 1242 Domini,
1029 1169 1167 1226 quomam
1180 1156 1296 1226 Justilia
1312 1159 1447 1244 firmatur
1460 1162 1582 1222 aelium.

115 1232 451 1374 ntitatlttttlt?
465 1230 940 1375 lttlllltllltt·..mn....
993 1224 1494 1423 l03'll‘tatttlultlttllttn

186 1379 257 1446 tate,
995 1367 1026 1423 lo
1050 1374 1158 1452 rgnatro
1174 1372 1250 1442 regis
1264 1373 1359 1429 nuntii
1376 1378 1499 1434 mortis:

150 1462 239 1519 quam
256 1446 290 1503 ad
306 1444 432 1502 vitulum
448 1446 616 1519 saginatum
629 1461 696 1502 cum
713 1445 788 1502 odio.
1030 1445 1059 1496 et
1072 1458 1117 1495 vlt·
1131 1442 1249 1514 sapiens
1264 1444 1393 1516 placabit
1405 1463 1480 1503 eam.

114 1517 167 1574 Vir
179 1518 340 1575 iracundus
354 1524 492 1590 provocat
505 1519 602 1573 rixas:
995 1513 1027 1567 ln
1043 1511 1189 1571 hilaritate
1203 1515 1304 1573 vultus
1319 1518 1407 1590 regis,
1422 1518 1501 1575 vita:

151 1590 201 1662 qui
218 1591 331 1662 patiens
346 1594 402 1657 est,
418 1590 534 1662 mitigat
549 1589 717 1661 suscitatas,
1030 1588 1059 1638 et
1069 1583 1228 1666 ,clementia
1238 1589 1302 1657 ejus
1317 1591 1401 1661 quasi
1417 1589 1513 1647 imber
1526 1595 1691 1653 serotinus.

115 1664 174 1718 lter
188 1664 339 1734 pigrorum
355 1663 439 1734 quasi
461 1677 544 1733 sepes
560 1662 731 1733 spinarum:
955 1673 980 1740 Β
996 1653 1113 1712 Posside
1128 1658 1315 1730 sapientiam,
1332 1661 1400 1734 quia
1414 1678 1485 1719 auro
1501 1663 1668 1724 meliorest
1684 1685 1691 1724 ε

151 1733 199 1789 via
213 1735 358 1805 justorum
375 1734 487 1804 absque
501 1732 688 1790 offendiculo.
1029 1731 1187 1800 &acquire
1200 1731 1398 1803 prudentiam,
1415 1733 1484 1807 quia
1513 1736 1676 1809 pretiosior
1705 1744 1751 1799 est
1776 1758 1819 1799 ar·

116 1803 208 1861 Filius
222 1806 340 1877 sapiens
355 1804 483 1861 leatificat
495 1809 611 1887 patrem
627 1822 633 1859 τ
992 1802 1089 1881 geute.

151 1881 180 1932 et
195 1877 305 1933 stultus
319 1877 407 1933 borno
420 1877 545 1948 despicit
561 1882 686 1934 matrem
702 1891 807 1932 suam:
993 1871 1102 1927 Semtid
1113 1871 1262 1941 iustorum
1278 1873 1406 1931 declinat
1421 1877 1515 1933 mala:

117 1948 247 2005 Stultitia
261 1948 403 2022 gaudium
419 1948 528 2004 stulto:
1029 1946 1129 2026 custos
1144 1945 1249 2001 anima
1265 1961 1325 2001 sua
1336 1953 1434 2004 servat
1447 1948 1524 2005 viam
1539 1968 1639 2010 suam.

155 2026 183 2076 et
193 2020 236 2076 vir
251 2021 381 2092 prudens
396 2018 495 2092 dirigit
510 2034 639 2092 gressus.
993 2014 1204 2071 Coulrrttonem
1220 2018 1358 2083 praecedit
1373 2021 1530 2092 superbia:

118 2089 306 2175 Dissipautur
320 2091 523 2162 cogitationes,
539 2091 588 2146 ubi
605 2106 662 2147 non
679 2093 724 2146 est
738 2089 906 2160 consilium,
1028 2091 1137 2168 etanta
1154 2087 1269 2144 ruinam
1287 2089 1465 2148 exaltabitur
1479 2093 1614 2165 spiritus.

155 2164 205 2218 ubr
219 2179 288 2219 vero
304 2169 373 2218 sunt
391 2161 492 2234 plures
521 2161 692 2231 consiliarii,
719 2162 941 2220 confirmantur.
993 2157 1097 2214 Mettus
1112 2163 1157 2215 est
1169 2159 1319 2217 humiliari
1332 2178 1398 2217 cunt
1416 2163 1550 2232 milibus,

118 2239 245 2290 Laetatur
259 2232 347 2290 borno
362 2232 393 2288 in
410 2234 556 2290 sententia
569 2233 629 2288 oris
644 2236 689 2288 sui
704 2250 711 2290 ι
1029 2245 1117 2300 quarn
1134 2229 1263 2288 dividere
1279 2232 1370 2304 spolia
1384 2249 1451 2290 cum
1467 2238 1616 2308 superbis.

152 2310 181 2361 et
196 2320 293 2362 sermo
309 2310 493 2377 opportunus
508 2308 553 2360 est
567 2306 707 2377 optimus.
994 2298 1134 2357 Druditus
1149 2301 1178 2359 in
1194 2303 1281 2359 verbo
1298 2305 1420 2376 reperiet
1435 2307 1530 2365 bona:

115 2376 227 2433 Semita
242 2377 307 2431 vlla
323 2392 413 2447 super
428 2376 588 2460 eruditum,
1029 2377 1057 2428 et
1071 2373 1120 2446 qui
1137 2373 1166 2429 in
1182 2372 1305 2431 Domino
1321 2382 1429 2449 sperat,
1441 2379 1544 2436 beatus
1558 2384 1616 2437 eet.

152 2452 184 2504 ut
199 2447 328 2504 declinet
343 2449 379 2504 de
392 2448 505 2505 interno
521 2445 692 2503 novissimo.
992 2444 1046 2510 Oui
1059 2444 1177 2517 sapiens
1193 2447 1280 2503 corde
1293 2454 1348 2513 eet,
1364 2449 1563 2521 appellabitur
1579 2454 1736 2525 prudens:

116 2518 244 2577 Domum
259 2520 454 2592 superborum
471 2517 648 2576 demolietur
660 2517 821 2577 Dominus:
1029 2515 1121 2588 etqui
1138 2516 1234 2573 dulcis
1249 2518 1374 2591 eloquio,
1391 2522 1503 2591 majora
1516 2526 1672 2598 percipiet.

151 2595 180 2647 et
195 2590 297 2648 firmos
312 2590 399 2647 locist
413 2593 556 2648 terminos
568 2589 673 2646 vidua.
994 2587 1070 2643 Fons
1085 2588 1148 2643 vitm
1163 2589 1289 2646 eruditio
1304 2591 1493 2665 possidentis,

113 2662 298 2720 Abominatio
314 2663 429 2719 Domini
444 2661 636 2735 cogitationes
651 2660 745 2735 malae,
1029 2658 1161 2715 doctriua
1176 2660 1334 2717 stultorum
1350 2663 1479 2720 fatuitas.

149 2740 179 2791 et
194 2751 287 2808 purus
302 2750 398 2792 sermo
413 2734 631 2808 pulcherrimus
646 2735 666 2788 ³.
993 2731 1202 2802 concupientis
1217 2733 1330 2789 erudiet
1344 2750 1376 2790 os
1391 2736 1474 2807 ojus:

113 2805 275 2863 conturbat
290 2806 411 2863 domum
428 2818 512 2863 suam
530 2806 579 2879 qui
608 2809 737 2863 sectatur
766 2805 940 2864 avaritiam:
1029 2806 1058 2856 et
1072 2801 1159 2859 labiis
1174 2803 1254 2860 illiue
1269 2805 1357 2861 addet
1371 2808 1507 2878 gratiam.

148 2878 199 2952 qui
214 2883 312 2934 autern
328 2878 390 2934 odit
405 2894 540 2943 munera,
554 2876 632 2934 vivet
642 2878 662 2945 ⁸,
994 2873 1086 2929 Favus
1101 2874 1208 2945 anellis,
1224 2876 1313 2932 verba
1327 2885 1509 2950 composita:

110 2949 191 3007 biens
211 2947 939 3022 ustimeotrabiturobedientiam[tlsapientiamtp
1028 2944 1152 3002 dulcedo
1168 2946 1283 3014 animo,
1300 2949 1412 3005 sunites
1426 2940 1552 3007 ossium.

148 3038 181 3077 os
208 3022 356 3093 mpiorum
372 3022 518 3078 redundat
533 3020 629 3077 malis.
952 3040 974 3110 c
993 3016 1045 3072 liat
1059 3017 1106 3072 via
1120 3034 1185 3100 quae
1199 3018 1314 3075 videtur
1329 3019 1441 3077 homini
1457 3028 1555 3079 recta:

113 3093 209 3165 Longo
224 3097 268 3148 est
283 3092 430 3149 Dominus
442 3093 478 3149 ab
494 3091 594 3164 impiis
608 3112 615 3160 ;
1034 3093 1062 3172 et
1077 3105 1237 3146 novrssrma
1249 3091 1314 3162 ejus
1329 3092 1442 3149 ducunt
1456 3094 1492 3149 ad
1510 3098 1648 3153 mortem.

147 3170 177 3220 et
192 3163 340 3221 orationes
352 3166 503 3236 justorum
520 3163 665 3221 exaudiet.
997 3163 1104 3242 Anima
1119 3159 1281 3218 laborantis
1296 3163 1410 3220 laborat
1424 3165 1492 3230 albi.

113 3239 175 3292 Lux
192 3241 344 3292 oculorum
361 3235 489 3293 letificat
504 3235 655 3292 animam:
1032 3248 1101 3302 qura
1116 3232 1336 3305 compuliteum
1352 3251 1385 3292 oa
1400 3252 1499 3294 saum.

149 3308 228 3362 fama
243 3307 319 3362 bona
334 3308 501 3380 impinguat
515 3323 593 3363 ossa.
996 3301 1045 3358 vir
1058 3303 1168 3375 impius
1186 3306 1258 3361 l'odit
1273 3305 1396 3374 malum,

115 3379 213 3446 Auris,
228 3392 292 3449 quaa
306 3378 388 3434 audit
403 3379 617 3449 increpationes
631 3376 707 3444 vlla,
1032 3377 1060 3429 et
1076 3374 1105 3430 in
1117 3375 1204 3431 labiis
1218 3378 1283 3448 ejus
1299 3378 1375 3450 ignis
1391 3378 1529 3436 ardescit.

147 3449 178 3504 in
195 3448 290 3504 medio
307 3449 487 3520 sapientium
504 3447 743 3506 commorabitur.
996 3445 1086 3502 llomo
1102 3462 1256 3519 perversus
1272 3450 1396 3506 suscitat
1408 3449 1494 3519 lites;

111 3520 166 3585 Qut
183 3519 285 3589 abjicit
300 3519 498 3592 disciplinam,
515 3518 639 3590 despicit
654 3520 783 3574 animam
799 3534 904 3576 auam:
1021 3522 1058 3598 'et
1073 3519 1214 3575 verbosus
1230 3526 1348 3593 separat
1363 3522 1521 3594 principes.

146 3591 197 3664 qui
213 3596 310 3648 summ
326 3591 488 3664 acquiescit
503 3590 765 3664 increpationibus,
782 3605 881 3649 sessor
896 3596 941 3649 est
993 3586 1045 3642 Vtr
1059 3587 1181 3662 iniquus
1195 3590 1283 3648 lactat
1296 3592 1424 3649 amicum
1440 3610 1548 3650 suurn:

182 3663 290 3720 cordis.
1028 3663 1058 3714 ot
1071 3661 1152 3717 ducit
1166 3679 1233 3719 eum
1249 3663 1388 3735 perviam
1404 3680 1461 3721 non
1477 3665 1597 3724 bonam.

19 3756 25 3765 ·
108 3732 209 3792 Timor
223 3733 350 3805 Domini,
367 3731 524 3804 disciplina
539 3732 708 3816 sapientia:
992 3729 1045 3794 Oui
1059 3734 1191 3790 attonitis
1206 3735 1299 3791 oeulis
1313 3736 1422 3808 cogitat
1437 3753 1536 3809 prava,

147 3809 175 3863 ot
188 3804 310 3879 gloriam
344 3806 461 3862 raecedit
475 3804 638 3861 humilitas.
1026 3804 1163 3861 mordens
1178 3805 1256 3862 labia
1266 3823 1318 3863 sun
1333 3807 1446 3880 perlicit
1460 3809 1586 3866 malam.

111 3878 190 3955 (Cap.
205 3877 289 3950 XVI.)
305 3822 439 3934 lidminis
453 3882 499 3934 est
513 3875 642 3933 animam
658 3893 841 3949 preparare:
990 3872 1103 3932 Corona
1118 3877 1268 3946 dignitatis
1283 3884 1428 3948 senectus,

144 3954 175 4006 et
188 3948 307 4005 Domini
319 3948 482 4021 gubernare
498 3947 642 4021 linguam,
1026 3963 1091 4018 quar
1103 3947 1133 4004 in
1146 3949 1201 4005 viis
1212 3950 1335 4020 justitio
1346 3967 1377 4007 re
1397 3950 1515 4008 erietur.

109 4021 218 4078 Omnes
233 4020 285 4076 viar
301 4020 430 4076 hominis
445 4023 547 4092 palent
561 4019 655 4077 oculis
670 4019 757 4090 ojus:
990 4018 1092 4074 Melior
1106 4024 1153 4076 ost
1168 4020 1283 4092 patiens
1298 4022 1361 4078 viro
1376 3967 1395 4077 i

145 4091 304 4165 spirituum
317 4092 494 4162 ponderator
508 4095 554 4148 eat
566 4091 721 4149 Dominus.
1025 4091 1113 4164 etqui
1125 4092 1796 4169 dominaturanimosuo,expuguatoreurbiuu:

109 4164 215 4223 Revela
229 4162 352 4220 Domino
367 4167 530 4235 operatua,
990 4161 1088 4217 Sortes
1104 4163 1263 4220 mittuntur
1276 4163 1306 4220 in
1320 4165 1428 4234 sinum,

144 4240 174 4292 et
188 4235 352 4307 dirigentur
365 4234 555 4308 cogitationes
570 4237 638 4290 tua.
1025 4234 1075 4288 sed
1092 4250 1109 4288 a
1124 4234 1248 4292 Domino
1258 4240 1471 4307 temperantur.

107 4306 247 4363 Universa
262 4310 381 4380 propter
395 4307 587 4379 semetipsum
603 4307 741 4377 operatua
761 4308 807 4361 est
834 4303 933 4361 Domi·
988 4302 1065 4376 (Cap.
1083 4304 1183 4378 XVII).
1200 4307 1303 4364 Melior
1317 4315 1360 4365 est
1375 4306 1507 4365 buccella
1521 4307 1682 4366 siecacum
1699 4305 1799 4385 gaudio,

181 4395 259 4446 nus;
1026 4378 1237 4446 quamdomus
1267 4379 1680 4465 lenavietimiscumjorgio.

145 4449 269 4520 impium
286 4463 401 4520 quoque
414 4449 450 4505 ad
464 4448 541 4504 diem
558 4446 682 4504 mulum.
950 4414 975 4478 D
991 4444 1098 4530 Servus
1111 4451 1229 4521 sapiens
1239 4396 1441 4507 dominabitur
1454 4449 1525 4507 tiliis
1540 4452 1656 4523 stultts,

108 4519 294 4577 Abominatio
306 4519 422 4576 Domini
438 4520 535 4576 omnis
548 4534 708 4591 arrogans:
1025 4523 1054 4574 et
1065 4522 1142 4575 rnter
1156 4522 1260 4578 fratres
1275 4521 1473 4579 hereditatem
1490 4523 1611 4580 dividet.

145 4593 231 4649 etiam
249 4591 378 4648 simona
395 4591 430 4646 ad
446 4607 567 4648 manum
585 4591 672 4647 luerit
692 4605 750 4646 non
779 4592 824 4644 eat
849 4588 935 4645 inno·
989 4588 1072 4646 Sicut
1087 4591 1154 4663 igne
1169 4593 1310 4664 probatur
1324 4599 1490 4667 argentum,
1504 4599 1534 4652 et
1546 4612 1657 4654 aurum
1682 4596 1800 4655 camino:

144 4678 215 4720 cens
226 4663 247 4718 ⁸.
1025 4660 1065 4717 ita
1080 4664 1167 4720 corda
1182 4667 1286 4736 probat
1299 4665 1452 4722 Dominus.

106 4731 307 4792 Misericordia
320 4736 350 4790 et
363 4733 484 4790 veritate
496 4731 650 4790 redimitur
664 4731 806 4804 iniquitas
820 4746 827 4785 :
989 4729 1085 4790 Malus
1099 4734 1199 4792 obedit
1212 4734 1320 4810 lingua
1335 4737 1443 4810 iniquo

1388 4022 1443 4078 orti
1456 4038 1463 4079 :

143 4971 152 5008 ¹
168 4966 239 5025 Plus
249 4965 339 5022 habet
350 4964 477 5093 Vulgata
488 4968 561 5024 emm
575 4965 651 5037 uita,
667 4964 745 5038 qaod
766 4967 865 5022 maran
881 4980 933 5038 po·
987 4969 1031 5021 ost
1044 4981 1165 5023 versus:
1181 4965 1229 5024 bio
1243 4982 1310 5025 vero
1323 4965 1413 5026 semel
1429 4968 1508 5041 apud
1522 4965 1604 5025 selca
1625 4970 1802 5046 Septuaginta

106 5045 252 5099 atremum
265 5038 386 5095 verbum
426 5036 537 5095 ebrauc
552 5055 610 5095 uon
626 5035 767 5111 agnoscit.
986 5035 1121 5093 babetur.

142 5131 153 5165 ¹
174 5129 219 5186 lta
232 5126 331 5183 omnia
346 5142 419 5183 mas.
432 5118 627 5199 exemplaria:
650 5124 720 5182 editi
736 5128 835 5181 autem
864 5124 932 5182 libri
1022 5126 1116 5183 ’blaa
1142 5126 1421 5185 San-Germaneusis
1443 5143 1526 5184 nura.
1567 5127 1613 5197 15,
1638 5132 1801 5191 meditabitur

109 5202 218 5260 babeat
228 5215 327 5255 vocem
342 5197 490 5270 passivam
505 5198 607 5266 vecari,
624 5203 717 5254 Mans.
985 5216 1162 5284 mmmm,
1194 5216 1226 5272 pn
1241 5217 1361 5273 gemo
1376 5217 1521 5290 scriptum
1536 5225 1593 5285 ω,
1618 5208 1709 5290 mg
1732 5230 1799 5287 mm,

141 5292 153 5327 ⁸
166 5289 355 5361 subiungant
370 5287 498 5360 Vulgata
513 5287 627 5343 cedices
641 5287 793 5357 truaaeria,
808 5286 930 5357 firmeti-
984 5288 1042 5359 depe
1058 5287 1181 5345 loonelb.
1195 5289 1421 5346 oreditobiturod
1434 5292 1673 5363 respondendum,
1687 5298 1771 5352 usar.

106 5369 152 5421 itt?
167 5363 204 5419 ab
218 5357 803 5445 0⁰‚q130110dm{Qiflssfflississiiftdrffld
817 5362 931 5415 eifliffl·
1019 5377 1097 5433 ⁸Hie
1112 5393 1229 5449 quoque
1244 5377 1326 5433 addit
1344 5378 1483 5450 vulgatus
1510 5380 1674 5459 interpres.
1702 5383 1799 5443 moira

108 5451 172 5519 ‚⁰¹¹⁸t
187 5449 220 5488 ⁸⁰
236 5431 368 5505 pleraque
383 5435 476 5487 [dmm
493 5429 561 5486 llbfl
577 5445 644 5486 cum
663 5430 745 5497 ⁰d¹i¹e
769 5438 832 5487 tum
856 5446 928 5488 ⁰¹⁸⁸·
983 5449 1035 5506 oia
1050 5450 1131 5506 boooe
1144 5449 1239 5520 secere
1249 5449 1411 5521 justitiam:
1425 5458 1541 5524 eccepto
1555 5465 1598 5512 ert
1617 5466 1714 5515 autent
1737 5450 1798 5527 opud

107 5508 255 5579 ¹8⁰⁰l⁸¹²i·
982 5520 1068 5575 Deum
1077 5523 1165 5593 mepte
1179 5537 1262 5604 quam
1277 5524 1427 5577 immolans
1441 5522 1577 5597 boetiam,
1593 5528 1718 5587 Hebraeo
1741 5538 1796 5583 cau

144 5592 268 5648 *Denuo
283 5590 365 5648 addit
374 5587 511 5661 Vulgata,
524 5587 802 5646 Permiserieordr'om
812 5593 839 5645 et
849 5588 930 5654 fidem
982 5591 1131 5665 plerisque
1143 5592 1210 5648 alias
1224 5591 1308 5649 libris
1320 5593 1494 5667 refragante.
1505 5595 1573 5671 Vrd,
1584 5614 1653 5675 cap.
1662 5618 1708 5673 xa,
1722 5599 1749 5654 7.

107 5669 395 5789 clientelae
409 5659 928 5806 ltetlleattmlultut
1017 5677 1176 5751 nn...
1269 5679 1376 5737 a...
1389 5678 1492 5754 a...
1506 5682 1620 5759 ...a
1633 5685 1738 5748 ...a
