3870 6120
50 410 53 419 Ι
153 339 208 399 lli
737 339 900 402 PATRUM
921 334 1273 398 Buusutcrtrtouhot
1799 348 1860 408 itt

59 520 66 527 .
150 469 323 533 creduntur
356 489 427 551 qua
465 469 598 531 iormam
641 470 817 534 litterarum
857 470 975 550 ubique
990 468 1127 545 Artatur
1163 468 1307 549 intelligi
1336 471 1420 549 quod
1446 468 1568 530 Elcauc
1603 490 1669 533 non
1708 474 1862 539 obtulerit

151 569 306 648 aequalem
334 572 471 629 servant.
506 569 622 630 Verum
658 588 880 650 quamcunque
917 568 976 629 ha·
1031 572 1094 626 tres
1121 567 1243 627 modios
1274 568 1387 635 turine
1414 587 1482 629 eum
1511 567 1615 629 trbius
1643 571 1773 655 vitulis,
1803 576 1860 637 sed

148 665 241 728 besm
256 665 287 726 in
303 683 408 727 errore
425 666 675 739 excusationem,
692 686 781 729 error
794 674 901 728 tamen
917 671 974 740 est,
1030 683 1134 723 nouem
1150 664 1298 738 decimas,
1313 665 1439 746 quibus,
1465 666 1634 729 secundum
1663 668 1857 736 Hebraieam

148 762 204 843 qui
219 761 312 825 modo
327 762 533 842 castigandus
549 763 628 825 mihi
654 765 743 829 venit
771 764 821 826 his
849 764 976 845 potIssi-
1030 781 1219 837 mensuram,
1259 782 1342 823 renus
1369 763 1513 840 efficitur
1539 762 1636 846 Epiri.
1665 768 1701 830 ln
1729 770 1858 834 scholiis

148 877 236 920 mum
251 860 519 940 consequentibus
533 863 744 941 argumentis.
1030 860 1165 921 Canonis
1188 866 1338 939 posuerat
1362 859 1445 922 idem
1474 867 1598 938 auctor,
1628 863 1660 925 lc.
1691 871 1723 929 et
1751 869 1857 930 modio

188 958 353 1019 Diversum
393 976 461 1020 esse
506 959 697 1021 scholiasten
739 958 877 1024 Canania
913 962 976 1022 He-
1029 959 1141 1024 farine
1168 975 1175 1032 ;
1204 959 1258 1020 sed
1287 960 1341 1039 qui
1370 959 1438 1022 baec
1467 960 1590 1023 scholia
1617 961 1783 1046 descripsit
1820 968 1854 1029 in

148 1054 264 1117 braiose
288 1055 429 1117 ueritatis
457 1074 476 1117 a
506 1063 616 1119 sancto
644 1057 837 1138 Hieronymo
865 1074 976 1120 omnes
1029 1056 1203 1136 exemplari
1244 1063 1353 1119 nostro
1382 1059 1674 1135 San-Germanensi,
1713 1066 1810 1127 erasit
1839 1086 1856 1129 e

147 1153 233 1215 docti
262 1153 457 1228 fatebuntur,
498 1152 552 1215 ubi
596 1153 735 1234 primum
773 1154 972 1235 exploratum
1029 1158 1116 1214 textu
1145 1171 1234 1216 sacro
1273 1172 1381 1216 vocem
1408 1154 1524 1229 tribus,
1554 1158 1855 1244 adnotationemque

146 1251 223 1332 ipsis
263 1251 332 1324 erit,
380 1269 477 1313 unum
521 1251 732 1333 eumdemque
769 1251 887 1313 habere
920 1270 973 1312 au·
1028 1251 1206 1330 incorpore
1235 1252 1414 1331 ponendam
1446 1254 1579 1332 putavit,
1609 1256 1718 1320 relicta
1747 1259 1855 1324 littera

144 1355 264 1411 ctorem
281 1348 403 1410 scholia
417 1349 554 1411 Canania
568 1355 599 1411 et
617 1350 812 1421 Quiestiones
839 1349 973 1410 Hebrai-
1027 1345 1093 1408 lriu
1112 1348 1264 1427 margine,
1282 1357 1315 1410 ut
1330 1367 1369 1410 ex
1397 1349 1564 1448 eaOleetor
1599 1358 1853 1420 commoneface-

37 1454 41 1464 '
148 1465 201 1508 cas
221 1446 253 1508 iu
268 1451 391 1525 Regum
407 1465 444 1508 ae
466 1447 733 1527 Paralipomenon
763 1447 871 1521 libros,
901 1466 972 1526 quae
1028 1445 1279 1507 rctHebraicum
1295 1445 1432 1508 habere:
1463 1446 1625 1511 Etmodio
1641 1453 1774 1527 farine.
1805 1459 1852 1518 Ex

147 1543 229 1606 inter
270 1560 367 1625 opera
407 1543 653 1625 Hieronymiana
696 1544 790 1607 editae
830 1543 972 1606 suntab
1025 1540 1064 1601 iis
1078 1542 1274 1622 apertissime
1296 1543 1532 1606 demonstratur
1559 1565 1657 1608 unum
1685 1550 1851 1613 eumdem·

148 1644 279 1704 Hrasmo
301 1660 338 1704 sc
364 1641 509 1704 Mariano
536 1641 686 1705 Victoria.
717 1646 902 1706 Nemeum
932 1641 973 1705 sit
1026 1655 1088 1717 que
1117 1638 1210 1701 iuisse
1251 1639 1436 1720 scriptorem
1479 1642 1670 1706 scholiorum
1714 1649 1849 1711 Oanonis

145 1739 274 1801 omnino
291 1738 490 1801 manifestum
507 1741 694 1803 exRabano
722 1740 845 1815 Mauro,
872 1739 971 1802 alium
1025 1752 1062 1795 ac
1104 1735 1325 1798 'Proditionem
1353 1737 1578 1800 Hebraicarum
1606 1740 1639 1801 in
1668 1741 1756 1804 libris
1783 1749 1848 1808 Re·

143 1856 211 1899 csse
248 1855 285 1898 ac
326 1837 420 1917 plane
460 1836 620 1899 diversum
650 1836 838 1918 scriptorem
876 1838 968 1910 Ques·
985 1847 1008 1914 Β
1024 1850 1120 1911 gum:
1138 1833 1312 1895 huncvero
1339 1833 1433 1914 plane
1461 1835 1620 1898 diversum
1656 1857 1847 1904 esseasan·

142 1936 281 1997 stionum
313 1952 366 1996 seu
396 1934 616 1997 'traditionum
645 1935 679 1996 in
708 1938 829 2015 Regum
859 1935 969 2012 libros,
1025 1936 1076 1993 eto
1115 1932 1318 2014 Hieronymo,
1360 1934 1416 2013 qui
1458 1936 1627 1998 Hebraeum
1650 1948 1728 2000 neta
1743 1938 1846 2022 Epire,

143 2034 184 2095 ab
212 2033 281 2113 ipso
309 2032 503 2112 Hieronymo
531 2033 587 2114 qui
616 2033 814 2096 Traditioues
842 2034 970 2096 Hebrai·
1022 2046 1148 2110 semper
1175 2030 1401 2111 iuterpretatur
1430 2038 1493 2093 tres
1521 2034 1656 2111 medios,
1686 2037 1845 2120 triasata,

143 2137 198 2192 eas
212 2129 244 2190 in
259 2129 405 2191 Genesim
430 2129 522 2191 nobis
537 2131 656 2193 edidit:
687 2131 882 2195 consectaria
909 2133 969 2194 erit
1022 2132 1096 2200 etc,
1114 2129 1160 2189 uti
1179 2129 1416 2209 liqueteversu
1446 2134 1483 2192 17
1512 2132 1624 2212 capitis
1638 2150 1659 2194 ιι
1675 2133 1730 2195 lib.
1745 2138 1844 2211 Ruth,

143 2227 260 2290 horum
297 2229 498 2309 scriptorum,
542 2229 576 2291 id
614 2236 662 2292 est
702 2230 887 2311 Hieronymi
935 2236 968 2294 et
1021 2229 1105 2285 etex
1119 2222 1200 2286 libro
1226 2242 1278 2287 xiv
1304 2226 1610 2290 Commentariorum
1640 2229 1672 2290 in
1700 2232 1845 2295 Ezechie-

140 2324 320 2388 scholiastis
362 2326 526 2406 anonymi,
568 2325 765 2402 diversitas3
808 2326 964 2407 siquidem
1020 2318 1357 2401 lemqmrumverba
1384 2322 1516 2386 inferius
1543 2326 1675 2388 recitavi
1699 2327 1731 2389 in
1760 2331 1844 2393 notis

140 2422 371 2485 ostenderimus
399 2422 501 2502 ipsum
542 2440 610 2485 esse
643 2424 834 2486 scholiasten
864 2428 963 2487 Gano-
1020 2419 1133 2481 nostrie
1148 2419 1188 2480 ad
1204 2420 1288 2480 hune
1302 2420 1458 2482 Samuelis
1472 2421 1589 2496 ¹00¹1ms
1606 2424 1667 2486 001·
1684 2427 1754 2488 ³27·
1786 2429 1843 2490 Ca·

138 2519 198 2598 nis,
229 2518 284 2600 qui
311 2525 344 2580 et
370 2519 569 2582 'traditiones
606 2522 777 2584 Hebraicaa
804 2522 964 2585 scribebat
1019 2514 1082 2594 pile
1109 2516 1260 2589 secundo,
1290 2515 1363 2578 libri
1390 2517 1465 2578 ilem
1495 2519 1608 2598 priOtir
1637 2525 1759 2600 Regum
1799 2525 1839 2586 ed

136 2615 169 2678 in
200 2619 319 2696 Regum
347 2616 520 2679 volumina.
538 2619 584 2679 Ad
601 2619 633 2680 id
662 2638 737 2681 vei-0
761 2620 961 2699 probandum
1017 2630 1098 2674 vers.
1128 2615 1147 2674 e
1175 2613 1320 2675 scholion
1347 2614 1432 2676 istud
1457 2617 1631 2695 marginata
1659 2617 1691 2679 i.
1720 2619 1839 2702 Septem

41 2770 44 2775 .
137 2713 206 2775 sola
234 2714 325 2775 nobis
347 2713 541 2776 instituenda
569 2720 617 2777 est
644 2717 840 2796 comparatio
869 2716 961 2778 sobo·
1016 2711 1153 2790 positum
1168 2718 1215 2773 est
1238 2730 1256 2774 e
1284 2711 1422 2790 regione,
1445 2714 1569 2794 peperit
1588 2715 1762 2796 plurimos.
1791 2720 1839 2781 Ad

135 2811 251 2872 tiorum
281 2829 352 2872 rum
383 2813 565 2874 memoratis
605 2817 719 2881 Quaest,
764 2813 958 2876 Hebraicis:
1014 2826 1138 2870 versum
1167 2808 1312 2871 similiter
1348 2816 1541 2872 octawme
1583 2812 1680 2874 latere
1721 2815 1835 2878 borum

138 2908 214 2986 quia
241 2907 410 2987 utrobique
439 2928 503 2970 una
532 2915 579 2970 est
612 2911 774 2990 scriptoris
809 2911 957 2988 eruditio,
1013 2906 1195 2979 verborum,
1223 2910 1298 2967 sunl
1318 2906 1464 2967 cardines
1480 2913 1580 2988 lrrree,
1608 2910 1654 2971 ita
1682 2913 1835 2993 seriptum

134 3006 254 3068 eadem
271 3005 412 3085 phrases,
429 3011 461 3067 et
473 3006 631 3086 ipsissima
644 3008 739 3070 rerba
763 3008 795 3068 in
810 3008 959 3071 observa·
1012 3003 1137 3082 legitur,
1156 3003 1187 3064 i.
1218 3003 1352 3065 Domini
1377 3004 1459 3065 enim
1487 3012 1562 3066 sunt
1589 3008 1711 3085 afflicti
1734 3016 1836 3072 terre.

135 3103 287 3178 tionibus,
304 3120 383 3183 quas
398 3102 605 3181 utiquebaud
635 3104 793 3167 immerito
819 3106 958 3169 credere·
1012 3100 1200 3180 Hujusmodi
1228 3101 1327 3180 igitur
1351 3102 1472 3164 scholia
1501 3105 1689 3183 marginalia
1704 3109 1835 3172 minime

135 3219 217 3276 mus,
232 3200 282 3262 vel
304 3200 343 3262 de
371 3201 605 3272 Quaestionibus
628 3201 792 3264 Hebraicis
805 3204 990 3280 transiisse
1011 3199 1155 3276 gentium
1170 3200 1347 3261 omittenda
1360 3200 1452 3262 duxit
1477 3208 1588 3264 auctor
1612 3205 1834 3269 'traditionum

131 3298 171 3359 ad
201 3298 361 3377 margines
385 3297 614 3378 exemplarium
644 3300 792 3373 denonis,
820 3306 877 3362 aut
913 3302 952 3362 de
1006 3297 1039 3358 in
1067 3297 1165 3359 libros
1194 3300 1343 3377 Regum:
1374 3299 1459 3360 unde
1487 3299 1556 3361 heac
1584 3303 1709 3364 monuit
1737 3305 1834 3367 lecto·

131 3395 329 3474 marginibus
357 3394 419 3456 illis
446 3395 479 3457 in
506 3395 605 3458 libros
633 3397 849 3469 Ouaestionum
890 3399 952 3460 He·
1005 3412 1073 3456 rem
1100 3395 1307 3456 studiosum:
1336 3394 1376 3456 In
1404 3394 1537 3459 Heeraeo
1574 3404 1604 3459 et
1633 3399 1666 3459 in
1696 3403 1833 3484 Septua-

128 3491 309 3554 braicarum
324 3491 605 3556 luissederivatas.
635 3494 705 3556 Nisi
721 3493 795 3556 huic
810 3494 953 3575 opinioni
1003 3491 1097 3572 ginta
1124 3490 1342 3566 translatione,
1372 3512 1433 3553 non
1453 3493 1605 3575 plurimi,
1633 3498 1688 3558 sed
1716 3506 1831 3580 septem

129 3590 274 3652 nonnihil
315 3590 474 3652 contraria
502 3595 583 3653 esset
610 3591 703 3670 copia
740 3592 950 3670 plurimorum
1004 3587 1157 3669 leguntur
1171 3589 1206 3669 (I
1217 3588 1299 3669 Reg.
1315 3607 1349 3660 11,
1368 3590 1415 3671 b.)
1430 3592 1468 3653 lit
1482 3592 1578 3671 paulo
1590 3594 1749 3657 iniratln
1761 3596 1833 3658 He-

125 3688 331 3762 scholiorum,
358 3706 429 3767 ques
452 3706 516 3747 non
539 3686 690 3767 leguntur
705 3690 736 3748 in
763 3689 951 3750 Traditioni·
1004 3683 1300 3765 breuitalmbetur‚
1320 3684 1453 3749 Domini
1481 3689 1563 3749 enim
1604 3696 1679 3751 sunt
1707 3693 1832 3768 cistlicti

125 3785 184 3845 bus
207 3784 378 3856 Hebraicis,
397 3803 467 3864 quae
495 3790 601 3845 tamen
627 3784 777 3863 leguntur
796 3784 827 3845 in
844 3803 950 3846 exem·
1004 3781 1203 3863 terraeilbid.
1220 3784 1266 3863 8.)
1289 3783 1445 3860 Afflictos
1474 3790 1576 3864 terre,
1611 3786 1744 3849 cheeei
1758 3799 1833 3872 paec-

126 3882 267 3963 plaribus
282 3881 593 3946 CanonisHebraicae
621 3882 774 3944 veritatis.
805 3883 948 3943 Primum
995 3887 1088 3960 peres
1116 3880 1245 3963 spiritu,
1274 3885 1304 3940 et
1331 3880 1466 3943 humiles
1501 3885 1595 3945 corde
1621 3885 1829 3969 intelligunt,

123 3980 223 4060 igitur
237 3982 322 4060 quod
337 4001 376 4044 ex
404 3980 536 4042 Hebraeo
559 3980 708 4042 observat
722 3986 834 4042 auctor
861 3982 949 4053 Ouoe·
1002 3986 1095 4059 super
1109 3998 1185 4059 quos
1199 3978 1372 4040 Dominum
1395 3979 1498 4041 orbem
1520 3982 1669 4063 posuisse
1695 3985 1829 4063 dicunt;

121 4079 262 4140 stionum
291 4098 346 4140 seu
375 4077 752 4140 Traditionumiulibroa
779 4078 945 4152 Samuelis,
1000 4080 1076 4160 quia
1103 4098 1208 4140 eorum
1237 4079 1358 4140 meritis
1387 4086 1502 4142 terram
1531 4087 1616 4143 stare
1643 4090 1827 4147 autumant.

122 4176 295 4239 variantem
326 4184 448 4256 spectat
476 4178 642 4240 lectionem
684 4178 739 4240 lib.
770 4181 781 4240 l
812 4181 944 4257 Regum,
999 4181 1069 4241 Non
1102 4179 1231 4260 ambigo
1273 4181 1525 4261 quamplurimos
1565 4185 1698 4264 reperiri
1727 4188 1784 4265 qui
1811 4207 1828 4248 e

122 4292 193 4354 cap.
223 4291 246 4348 1,
276 4292 357 4336 vers.
388 4277 425 4335 5:
454 4275 558 4336 Anne
582 4281 683 4336 autem
710 4277 799 4337 dedit
817 4280 943 4357 partem
999 4276 1115 4338 talibus
1143 4277 1273 4339 scholiis
1310 4278 1437 4340 Hebraei
1465 4281 1616 4360 anonymi
1648 4283 1825 4361 repreben-

10 4436 14 4443 ,
122 4392 215 4432 certam
232 4373 348 4433 tristis.
365 4372 404 4434 In
433 4371 577 4446 Hebraeo,
594 4373 708 4454 iuquit,
739 4375 783 4434 ira
799 4374 940 4455 iegitur:
996 4375 1133 4436 dandam
1159 4375 1341 4437 existiment
1367 4376 1552 4457 Hieronymi
1578 4379 1820 4444 translationem

120 4476 222 4535 Anne
249 4479 350 4534 autem
391 4474 480 4534 dedit
499 4479 624 4555 partem
655 4495 747 4535 unam
771 4474 939 4556 duplicem,
995 4472 1160 4546 Latinam
1178 4473 1273 4533 sedsi
1290 4472 1491 4535 meminerint
1517 4473 1600 4537 hano
1628 4494 1696 4538 esse
1724 4496 1820 4558 regu-

118 4573 193 4652 quia
220 4577 344 4634 Annam
374 4573 542 4655 diligebat.
573 4577 641 4636 Nou
673 4574 765 4636 aliter
794 4573 880 4654 legas
907 4568 1057 4646 inulam
1087 4569 1162 4630 boui
1188 4570 1419 4650 interpretisut
1441 4574 1579 4649 ἰδιώματα
1594 4572 1714 4650 linguae
1743 4577 1819 4637 altc-

118 4671 247 4734 scboliis
287 4673 434 4746 Canonis,
478 4691 550 4752 quae
594 4676 757 4752 ponuntur
789 4690 806 4732 a
842 4671 941 4735 latere
996 4667 1071 4741 rius,
1089 4686 1153 4727 suae
1170 4665 1288 4744 linguae
1303 4666 1464 4746 exprimat
1490 4669 1697 4748 proprietate,
1728 4673 1822 4734 mira·

117 4767 260 4847 ejusdem
288 4769 435 4832 versiculi
460 4769 521 4832 col.
553 4772 612 4830 326
636 4777 753 4830 nostrae
780 4768 937 4832 editionis.
994 4763 1112 4825 buntur
1126 4763 1232 4843 potius
1257 4764 1428 4825 maximum
1458 4766 1695 4845 scripturarum
1725 4771 1823 4831 inter·

116 4865 351 4947 Consequenter
378 4866 420 4928 ad
445 4884 525 4928 vers.
543 4870 582 4928 24
610 4865 706 4947 hujus
721 4865 851 4947 capituli
878 4866 938 4927 im·
992 4868 1115 4942 pretam
1144 4868 1287 4923 nostrum
1313 4879 1320 4934 ;
1350 4863 1407 4941 qui
1435 4881 1492 4942 pro
1535 4869 1658 4946 septem,
1703 4868 1820 4929 Latina

116 4971 240 5044 pugnat
266 4964 432 5026 lectionem
470 4963 614 5025 codicum
643 4964 839 5039 Latinorum,
877 4963 937 5025 boc
991 4960 1198 5040 proprietate,
1236 4958 1395 5040 plurimos
1423 4960 1573 5022 reddidit.
1612 4964 1820 5043 Septenarius

113 5068 161 5122 est
201 5061 385 5142 Hieronymi
426 5060 678 5135 translationem,
727 5062 936 5140 vitiosamque
991 5059 1075 5120 enim
1103 5073 1265 5130 numerus,
1295 5056 1399 5137 inquit
1418 5059 1593 5138 Procopius
1621 5062 1753 5123 Gazaeus
1780 5063 1813 5124 in

112 5163 246 5220 conatur
273 5159 450 5235 ostendere,
478 5159 523 5220 ita
564 5159 671 5219 dicens
696 5177 703 5219 :
732 5158 772 5219 In
801 5156 934 5219 Hebraeo
989 5157 1074 5218 huuc
1102 5155 1220 5228 locum,
1253 5153 1488 5216 multitudinem
1517 5157 1655 5220 denotat.
1696 5160 1818 5224 Deinde

110 5276 172 5317 nen
188 5255 421 5317 tribusmodiis
442 5256 575 5336 farine,
604 5257 660 5316 sed
688 5256 792 5317 modio
811 5255 933 5334 jarina
988 5253 1072 5334 quod
1098 5256 1218 5311 asserat
1245 5250 1396 5312 Hebraeus
1425 5260 1532 5315 noster
1559 5255 1748 5319 scholiastes
1764 5258 1818 5320 ha·

109 5355 253 5437 legitur:
283 5377 371 5438 quem
401 5355 503 5416 locum
532 5355 617 5437 apud
645 5356 774 5415 latinos
794 5356 931 5436 scripto·
984 5351 1052 5413 beri
1066 5350 1098 5410 iu
1113 5349 1210 5420 lente,
1226 5346 1360 5409 Domini
1373 5351 1454 5411 enim
1470 5357 1545 5411 sunt
1558 5353 1681 5431 afflicti
1709 5360 1815 5437 terret,

107 5471 178 5512 enm
193 5454 270 5514 vitio
297 5459 421 5515 constat
446 5473 513 5514 esse
540 5453 753 5534 depravatum.
782 5451 820 5512 Si
846 5452 928 5513 enim
984 5448 1089 5510 nescio
1103 5464 1143 5506 an
1171 5445 1309 5506 Hebraeae
1334 5465 1427 5509 voces
1466 5447 1544 5522 istae,
1562 5471 1626 5548 pne
1642 5471 1715 5550 spuo
1746 5474 1812 5514 sne·

106 5569 176 5609 cum
190 5551 300 5613 vitulis
325 5550 428 5612 tribus
457 5555 520 5611 tres
550 5549 671 5611 modios
690 5549 813 5627 farine
837 5548 927 5610 obtu·
982 5552 1067 5607 tsuce
1094 5558 1177 5622 eres,
1208 5543 1308 5623 magis
1334 5545 1473 5624 afflictos
1498 5552 1590 5608 terrie
1616 5549 1811 5629 significent,

107 5644 160 5725 iit,
201 5654 309 5709 contra
342 5654 532 5732 preceptum
569 5647 653 5729 tegis
683 5646 804 5725 fecii...
846 5647 927 5709 Inde
980 5662 1076 5728 quam
1090 5641 1303 5719 fundamenta
1330 5648 1360 5702 ei
1385 5644 1531 5706 cardines
1558 5652 1651 5708 terre
1679 5648 1811 5734 (leit).
