3870 6120
105 250 160 308 743
624 252 653 304 Β.
674 248 880 306 multorum
897 246 1027 305 brutus
1043 247 1294 306 umuornuca.
1759 250 1804 311 ill

110 385 142 437 tu
164 381 303 438 exaudias
327 380 357 435 in
381 378 453 436 coelo
468 379 499 434 in
524 377 586 434 loco
611 374 803 433 habitationis
819 377 884 441 tuae,
901 373 969 441 ειΑ
986 373 1098 443 fixerat,
1110 382 1139 432 et
1153 375 1627 450 manusaxpandsratadccelum.
1639 376 1800 454 Stetitargo,

112 469 393 542 repropitiaberis,et
402 467 489 525 facias
498 473 530 526 ut
540 468 591 524 dee
602 464 761 538 unicuique
771 463 933 521 secundum
986 467 1015 520 et
1029 462 1175 521 benedixit
1190 466 1270 522 omni
1284 466 1419 524 Ecclesia
1442 466 1534 525 lsrael
1548 482 1620 525 voce
1634 482 1755 541 magna,
1768 470 1803 527 dl-

113 574 216 614 omnas
245 559 308 615 vias
333 574 414 629 suas,
443 556 521 613 sicut
545 554 729 620 videristms.
753 552 936 625 videnslcor
986 555 1265 612 cens:Bensdictus
1280 556 1435 627 Dominus,
1450 557 1502 629 qui
1519 557 1601 615 dedit
1615 558 1804 632 requiempo·

28 636 31 643 '
110 647 192 720 (quia
203 652 232 702 tu
241 647 317 703 nosti
328 646 466 703 eoluscor
476 645 609 702 omnium
617 640 935 713 liliorumbominum)‚
986 643 1055 715 pulo
1070 660 1124 699 suo
1136 644 1235 714 lsrael,
1247 646 1335 718 juxta
1348 646 1449 703 omnia
1464 662 1528 719 qun
1542 645 1666 705 locutus
1677 652 1743 705 est:
1756 664 1803 707 nou

111 740 144 791 ut
159 735 284 791 timeant
301 740 329 791 to
344 736 461 793 cunctis
477 736 592 804 diebus,
608 732 717 806 quibus
731 733 832 789 vivunt
846 746 937 803 snper
986 732 1091 789 cecidit
1105 749 1142 789 ns
1156 751 1233 790 unus
1257 735 1376 807 quidem
1393 752 1500 808 sermo,
1522 753 1557 793 ex
1571 736 1717 794 omnibus
1730 736 1803 795 bouis

109 824 214 880 faciem
226 828 412 897 terra,quam
424 824 531 881 dedisti
542 823 675 896 patribus
685 821 936 892 nostrislnsupsr
987 837 1049 892 quas
1065 821 1182 879 locutus
1203 826 1249 879 est
1268 840 1319 895 par
1342 818 1446 881 blesen'
1465 840 1583 882 servum
1599 842 1690 882 suurn
1707 824 1748 897 (b.
1761 840 1803 899 par

110 917 140 970 et
154 913 383 987 alienigena,qui
399 931 458 971 non
473 918 517 971 eet
527 914 562 969 de
576 910 684 986 populo
696 919 744 967 tno
755 907 855 977 lsrael,
867 924 935 965 cum
987 928 1108 968 manum
1124 911 1214 985 Moysi
1230 911 1304 969 servi
1321 913 1388 984 sui).
1405 913 1449 970 Sit
1463 915 1607 972 Dominus
1623 915 1705 972 Deua
1717 920 1804 973 noster

108 1004 220 1060 venerit
243 1004 280 1060 de
305 1008 384 1060 terra
406 1003 566 1075 longinqua
588 1004 707 1074 propter
728 1015 834 1056 nomen
849 1001 934 1054 tuum
987 1000 1153 1073 nobiscum,
1165 1001 1385 1059 sicutfuitoum
1401 1003 1535 1076 patribus
1551 1004 1679 1074 nostris,
1695 1021 1753 1062 non
1766 1005 1803 1063 tle·

110 1093 261 1165 (audietur
282 1093 360 1150 enim
378 1108 485 1149 nomen
509 1096 595 1149 tuum
618 1105 770 1162 magnum,
785 1091 815 1145 et
829 1103 935 1143 manus
987 1088 1511 1165 relinquensnos,nequeprojioiens.
1523 1095 1581 1151 Sed
1595 1093 1802 1153 inclinetranir

111 1185 162 1239 tua
178 1182 273 1248 lortis,
289 1187 319 1239 at
327 1181 480 1239 brachium
492 1185 576 1237 tuum
592 1182 753 1245 extentum,
768 1177 877 1248 atique)
892 1175 934 1248 (b.
987 1183 1086 1235 nostra
1097 1180 1131 1236 ad
1147 1197 1189 1248 se,
1206 1184 1238 1237 ut
1252 1180 1441 1240 ambulemus
1454 1182 1486 1239 in
1500 1183 1650 1241 universis
1666 1182 1725 1241 viis
1738 1184 1801 1257 ejus,

110 1287 169 1327 non
186 1270 304 1344 babet);
319 1288 387 1327 curn
411 1270 523 1327 venerit
545 1284 624 1341 ergo,
643 1272 672 1324 et
686 1266 811 1324 oraverit
826 1266 856 1321 in
872 1264 935 1322 loco
986 1272 1014 1325 et
1029 1269 1229 1326 custodiamus
1245 1270 1383 1329 mandata
1405 1273 1481 1344 ejus,
1497 1276 1527 1329 et
1539 1273 1736 1330 ceremonias
1748 1274 1800 1347 einr

110 1359 164 1416 boc
175 1359 250 1432 (hein
263 1359 350 1416 domo
361 1359 437 1429 bar),
454 1363 485 1415 tu
502 1357 641 1414 exaudies
659 1357 689 1413 in
701 1355 772 1413 curlo
789 1355 819 1411 in
834 1355 934 1410 lirma·
987 1358 1050 1429 (ms.
1063 1361 1135 1416 tacet
1157 1360 1244 1432 ejus),
1271 1364 1300 1417 st
1316 1360 1431 1433 judicis
1455 1377 1640 1434 quecunque
1664 1362 1801 1421 mandarit

110 1453 209 1505 mento
224 1448 383 1505 habitaculi
406 1448 460 1517 tui,
476 1451 505 1504 et
528 1446 616 1504 iacies
636 1446 737 1503 omnia
759 1462 811 1518 pro
826 1444 934 1515 quibus
987 1447 1122 1519 patribus
1137 1449 1256 1507 nostris.
1273 1452 1307 1506 Ει
1321 1450 1383 1507 εἰει
1397 1467 1550 1509 sermones
1564 1452 1624 1509 mal
1638 1450 1800 1526 isti,quibns

110 1537 289 1594 invocaverit
307 1543 336 1594 te
356 1536 538 1611 alienigena:
555 1542 587 1593 ut
602 1536 720 1594 discant
736 1533 864 1590 universi
881 1548 934 1605 po·
986 1537 1160 1608 deprecatus
1175 1555 1242 1594 eum
1266 1554 1364 1595 coram
1382 1539 1515 1610 Domino,
1536 1540 1800 1616 appropinquantes

110 1625 172 1699 puli
186 1631 331 1682 terrarum
358 1642 463 1683 nornen
479 1631 563 1682 tuum
584 1625 697 1692 timore,
714 1624 791 1680 sicut
806 1621 933 1695 populus
984 1626 1107 1683 Domino
1120 1627 1178 1683 Deo
1194 1630 1296 1685 nostro
1311 1628 1357 1685 die
1373 1645 1406 1686 ao
1421 1630 1800 1703 nocts‚utiaciatjudiciuu

109 1721 181 1773 tuus
192 1717 326 1784 lsrael,et
336 1716 461 1788 probent
473 1715 543 1788 quia
554 1731 658 1771 nomen
670 1719 753 1769 tuum
764 1712 931 1768 invocatum
946 1744 970 1811 B
985 1714 1155 1786 (Vulpcddtt
1170 1716 1249 1787 cum)
1264 1733 1347 1773 servo
1361 1733 1428 1785 eno,
1443 1720 1472 1774 et
1495 1719 1604 1791 populo
1619 1736 1677 1777 suo
1692 1722 1752 1793 (ms.
1765 1724 1801 1776 ts·

108 1809 154 1863 est
165 1806 383 1878 superdomum
394 1804 480 1876 banc,
491 1821 579 1876 quam
590 1802 741 1860 aedificavi.
755 1802 784 1858 Si
796 1816 933 1874 egressus
984 1812 1027 1859 cet
1041 1806 1107 1872 suo)
1123 1803 1212 1860 lsrael
1228 1821 1280 1877 par
1293 1806 1427 1877 singulos
1452 1807 1535 1863 dies:
1554 1811 1584 1864 et
1597 1808 1697 1865 sciant
1710 1824 1801 1866 omnes

109 1895 198 1952 fuerit
208 1894 335 1968 populus
345 1900 414 1951 tuus
427 1895 462 1951 ad
475 1894 584 1950 bellum
596 1898 697 1950 contra
713 1891 850 1948 inimicos
862 1905 932 1946 suos
984 1892 1084 1965 populi
1097 1897 1190 1963 terrae,
1207 1894 1276 1966 quia
1301 1895 1443 1952 Dominus
1458 1896 1522 1969 ipse
1543 1902 1589 1953 εει
1603 1896 1696 1967 Deus,
1711 1903 1739 1955 et
1751 1914 1801 1955 non

109 1984 149 2055 (h.
162 1983 434 2053 inimicumsuum)‚
446 2000 497 2056 per
507 1983 595 2050 viam,
610 1983 805 2054 quocunque¹
819 1978 932 2035 miseris
984 1986 1029 2038 est
1045 1981 1122 2038 ultra
1136 1983 1248 2054 absque
1258 2000 1302 2040 eo.
1313 1985 1356 2040 alt
1368 2000 1486 2058 quoque
1501 2001 1552 2041 cor
1565 1989 1703 2044 nostrum
1718 1987 1802 2060 perla-

108 2090 169 2144 eos,
181 2073 307 2129 orabunt
317 2077 345 2128 te
355 2077 456 2129 contra
466 2072 544 2128 viam
559 2070 695 2140 civitatis,
706 2086 796 2142 quam
807 2068 931 2141 elegisti,
984 2074 1064 2127 ctum
1080 2088 1147 2128 cum
1162 2072 1287 2130 Domino
1310 2073 1369 2129 Deo
1393 2077 1503 2145 nostro,
1529 2077 1562 2130 ut
1576 2075 1763 2134 ambulemus
1775 2076 1802 2133 in

108 2166 137 2218 ει
151 2167 254 2219 contra
277 2162 410 2229 domum,
426 2178 515 2233 quam
539 2160 679 2216 adilioavi
698 2158 811 2215 nomini
827 2163 888 2228 tuo,
903 2162 933 2213 et
984 2160 1108 2217 decretis
1128 2162 1204 2231 aius,
1221 2166 1251 2217 et
1271 2162 1476 2220 custodiamus
1499 2163 1543 2235 (b.
1568 2163 1614 2219 Sit
1628 2181 1745 2239 quoquc
1758 2182 1802 2222 cor

109 2251 249 2308 exaudies
268 2250 298 2306 in
316 2250 931 2323 coelo(b.)orationemaoruru,etprecam
983 2255 1113 2306 vestrum
1136 2249 1296 2321 perlectum
1326 2266 1394 2308 cum
1423 2251 1622 2309 DominoDeo
1646 2254 1800 2322 nostrast

110 2357 223 2412 eorum,
239 2346 269 2396 et
284 2339 373 2396 iacies
382 2339 530 2412 judicium
545 2339 706 2410 eorum.('l‘.
720 2337 834 2405 Xlllll.)
849 2335 931 2401 Quod
984 2337 1196 2394 ambulandum
1211 2338 1241 2394 in
1270 2339 1396 2396 decretis
1423 2340 1499 2411 elus,
1525 2344 1554 2397 et
1569 2341 1801 2417 custodiendum)

111 2429 138 2487 si
153 2430 336 2501 peccaverint
363 2428 418 2484 tibi
446 2429 515 2500 (non
540 2431 585 2484 est
612 2427 688 2483 enim
705 2425 792 2482 homo
808 2424 858 2498 qui
874 2441 932 2480 non
984 2427 1122 2483 mandata
1137 2428 1213 2497 ejus,
1227 2428 1304 2484 siout
1318 2433 1348 2484 et
1370 2427 1467 2485 hodie.
1488 2428 1582 2502 Igitur
1602 2445 1654 2487 rex
1668 2435 1698 2487 et
1711 2432 1802 2489 omnir

109 2519 221 2591 peccet)
237 2521 265 2573 ει
291 2517 384 2574 iratus
411 2517 568 2573 tradideris
596 2532 646 2572 eos
671 2512 800 2570 inimicis
815 2512 889 2583 suis,
904 2516 934 2569 et
985 2515 1073 2573 lsrael
1087 2533 1196 2573 cumeo
1207 2516 1402 2575 immolabant
1416 2517 1551 2576 victimas
1560 2535 1661 2577 coram
1672 2520 1802 2579 Domino.

5 2618 9 2623 ·
110 2607 217 2679 captivi
233 2607 312 2663 ducti
330 2606 437 2663 luerint
452 2606 480 2661 in
496 2611 605 2662 terram
620 2603 806 2660 inimicorum
818 2602 860 2676 (h.
875 2602 932 2658 ini·
985 2605 1180 2677 Mactavitque
1202 2605 1340 2662 Salomon
1362 2606 1476 2664 hostias
1498 2607 1649 2681 pacificas,
1666 2626 1741 2683 quas
1754 2609 1802 2668 iu·

111 2697 193 2769 mici)
207 2697 294 2771 longe
316 2696 361 2754 vel
376 2713 477 2770 prope,
502 2701 530 2753 et
553 2695 667 2768 egerint
686 2693 885 2769 poenitentiam
901 2693 932 2748 in
985 2693 1104 2751 molavit
1119 2693 1254 2766 Domino,
1270 2694 1360 2751 boum
1375 2695 1479 2769 viginti
1494 2697 1552 2753 duo
1568 2696 1686 2756 millia:
1701 2700 1801 2769 ovium

110 2788 197 2844 corde
223 2804 277 2844 auo
299 2787 328 2842 in
353 2784 416 2843 loco
440 2785 616 2858 captivitatis
640 2784 682 2855 (h.
706 2785 734 2839 in
751 2788 827 2840 terra
841 2786 932 2855 capti·
986 2787 1104 2840 centum
1119 2783 1244 2855 vinginti
1259 2783 1373 2841 millia:
1396 2788 1425 2841 et
1439 2784 1651 2844 dedicaverunt
1670 2787 1800 2861 templum

108 2876 236 2933 vantium
251 2877 323 2948 eos),
335 2884 362 2932 et
376 2874 508 2932 conversi
524 2872 671 2946 deprecati
681 2877 711 2929 te
726 2875 788 2944 (nis.
804 2876 878 2929 tacet
892 2871 932 2944 te)
986 2872 1027 2943 (b.
1049 2873 1182 2944 domum)
1198 2871 1313 2929 Domini
1326 2889 1376 2929 rex
1388 2877 1417 2929 st
1427 2873 1480 2929 fllii
1492 2873 1592 2932 lsrael.
1609 2878 1650 2946 (T.
1666 2874 1798 2949 xxv.)1x

109 2965 220 3023 luerint
241 2966 271 3021 in
297 2964 463 3037 captivitate
479 2979 544 3031 sua,
568 2962 717 3019 dicentes:
733 2961 933 3027 Peccavimus,
987 2961 1033 3016 die
1048 2960 1099 3017 illa
1120 2961 1315 3018 sanctificavit
1339 2978 1388 3019 rex
1409 2963 1541 3020 medium
1560 2964 1639 3035 atrii,
1657 2966 1798 3039 quoderat

109 3054 211 3125 inique
225 3053 350 3126 egimus,
366 3051 455 3124 impie
479 3051 627 3123 gessimus
641 3068 648 3119 ;
662 3056 691 3107 et
703 3049 808 3106 reversi
824 3048 934 3105 luerint
987 3055 1054 3106 ante
1066 3051 1187 3107 domum
1199 3050 1315 3107 Domini
1328 3068 1336 3107 ι
1347 3051 1415 3109 fecit
1425 3051 1533 3125 quippe
1542 3052 1797 3123 ibibolocaustum,

110 3141 145 3198 ad
162 3146 190 3198 te
205 3141 235 3197 in
250 3141 385 3197 universo
406 3141 493 3196 corde
516 3156 582 3206 suo,
597 3145 626 3196 ει
644 3138 673 3195 in
688 3142 750 3194 tota
764 3138 863 3194 anima
878 3105 968 3195 suac
988 3144 1016 3196 et
1030 3139 1220 3207 sacrificium,
1249 3144 1278 3196 et
1292 3139 1408 3212 adipem
1435 3141 1625 3214 pacificorum
1644 3161 1651 3200 :
1669 3143 1794 3217 quonian

108 3230 139 3286 in
155 3234 233 3286 terra
243 3230 432 3287 inimicorum
447 3229 618 3295 suorum,ad
632 3245 720 3301 quam
733 3226 840 3298 captivi
851 3225 931 3282 ducti
986 3227 1079 3285 altare
1102 3243 1222 3295 areum,
1246 3229 1324 3301 quod
1352 3233 1415 3285 erat
1434 3245 1532 3285 coram
1556 3229 1695 3303 Domino,
1710 3232 1795 3288 minuc

109 3323 180 3375 sunt
203 3320 292 3390 (Vctq.
319 3318 456 3385 luerint):
483 3321 513 3374 st
527 3317 673 3373 oraverint
694 3321 722 3371 te
737 3320 839 3371 contra
853 3314 931 3371 viam
985 3320 1277 3388 crat,etcapercnon
1298 3322 1413 3389 poterat
1423 3317 1628 3376 holocaustum
1646 3321 1709 3394 (ma
1725 3319 1794 3377 bolo·

109 3412 192 3463 terrae
207 3424 278 3477 suos,
295 3423 383 3479 quam
406 3406 511 3462 dedisti
527 3405 659 3477 patribus
684 3420 797 3474 eorum,
818 3409 846 3459 st
861 3402 931 3459 civi·
986 3405 1111 3477 causta),
1127 3406 1354 3477 atsaerilicium,
1369 3410 1399 3463 et
1412 3406 1528 3477 adipem
1545 3408 1744 3480 pacificorum.
1756 3408 1794 3465 rs

110 3496 192 3566 tatis,
208 3512 297 3568 quam
324 3493 447 3567 elegisti,
469 3500 499 3551 st
521 3492 624 3565 templi
647 3493 689 3566 (b.
714 3492 831 3562 dumus)
853 3490 929 3561 quod
986 3495 1026 3550 cit
1040 3511 1108 3566 ergo
1124 3494 1262 3552 Salomon
1286 3496 1316 3551 in
1339 3500 1472 3568 tempore
1496 3495 1548 3554 illo
1564 3498 1794 3557 festivitatemcc·

108 3584 226 3641 radicavi
241 3583 354 3641 nomini
376 3589 448 3640 tuo:
472 3582 611 3639 exaudies
634 3581 663 3637 in
686 3580 769 3647 coslo,
787 3580 815 3635 in
831 3580 930 3636 firma·
985 3582 1107 3653 labrem,
1124 3588 1153 3640 et
1165 3585 1261 3640 omnis
1275 3584 1365 3640 lsrael
1382 3601 1447 3641 cum
1468 3601 1512 3654 eo,
1531 3585 1692 3644 multitudo
1706 3598 1794 3660 magu·

16 3746 19 3751 Ι
108 3678 208 3731 manto
224 3672 355 3743 sallitat,
370 3673 517 3729 orationes
544 3687 658 3740 eorum,
672 3675 702 3727 at
716 3684 815 3742 preces
829 3683 930 3725 eorum
986 3673 1022 3728 ab
1037 3672 1161 3728 introitu
1176 3672 1279 3728 Ematb
1296 3688 1391 3745 usque
1406 3674 1441 3729 ad
1459 3674 1555 3730 rivum
1571 3676 1701 3750 AEgypti,
1714 3688 1795 3733 cornu

108 3761 170 3835 (ms.
186 3768 257 3820 tecet
280 3763 404 3832 eorum),
429 3767 458 3818 at
484 3759 571 3817 iacies
591 3758 738 3830 judicium
764 3773 866 3814 eorum
879 3772 887 3813 ι
901 3760 931 3814 ει
986 3760 1110 3818 Domino
1125 3760 1306 3832 Deonostro,
1323 3765 1436 3835 septem
1452 3763 1568 3831 diebus,
1581 3769 1612 3821 at
1626 3773 1735 3839 septem
1748 3763 1796 3820 dit·

107 3850 313 3925 propitiaberis
337 3850 445 3924 populo
460 3854 511 3906 tuo
533 3849 584 3922 qui
600 3848 730 3921 peccavit
744 3845 809 3915 tibi,
826 3850 855 3902 et
868 3862 929 3902 om·
985 3850 1051 3919 bus,
1065 3849 1093 3905 id
1110 3854 1166 3920 est,
1182 3850 1407 3922 quatuordeeim
1431 3850 1546 3908 diebus.
1568 3854 1611 3924 (ι’.
1627 3850 1797 3927 xxxviiii

51 3942 54 3947 '
107 3941 196 3998 uibus
207 3939 414 4013 iniquitatibus
429 3938 654 4010 sorum,quibus
664 3934 844 4008 prevaricati
858 3938 929 3991 sunt
983 3950 1049 4022 (ms.
1064 3942 1134 3995 torst
1158 3939 1202 4007 ut)
1229 3939 1258 3994 in
1275 3939 1322 3995 die
1338 3943 1440 3997 octava
1454 3940 1568 3997 dimisit
1582 3943 1724 4016 populum
1738 3960 1744 3999 :
1757 3936 1797 4015 qul

107 4031 137 4086 in
153 4035 200 4088 te:
226 4035 255 4087 et
277 4029 361 4086 dabis
384 4028 613 4086 misericordiam
638 4042 735 4083 coram
756 4024 799 4082 eis
813 4024 865 4096 qui
879 4040 929 4082 sos
983 4028 1192 4084 benedicentes
1209 4027 1281 4099 regi,
1295 4028 1417 4100 proiecti
1436 4036 1504 4084 aunt
1517 4029 1744 4089 inlabernacula
1756 4042 1799 4087 sur

107 4120 237 4193 captivos
266 4120 432 4187 habuerint,
462 4123 495 4175 ut
519 4118 714 4173 misereantur
730 4115 783 4171 eis.
798 4115 929 4186 Populus
983 4114 1267 4185 laetantes,etalacri
1283 4116 1370 4173 corde
1386 4134 1475 4191 super
1491 4120 1628 4176 omnibus
1645 4120 1799 4192 bonisque

107 4208 184 4265 enirn
196 4214 266 4265 tuus
290 4215 343 4279 est,
358 4213 387 4264 ct
410 4207 564 4264 hareditas
585 4211 647 4276 tua,
663 4221 735 4277 quos
750 4204 878 4260 eduxisti
893 4204 930 4259 de
983 4211 1091 4270 fecerat
1105 4205 1249 4263 Dominus
1266 4205 1353 4263 David
1380 4223 1464 4264 servo
1482 4223 1536 4264 suo
1551 4213 1581 4265 et
1596 4210 1689 4267 lsrael
1705 4205 1799 4283 populo

107 4298 309 4370 terraAEgypti
322 4298 364 4370 (h.
380 4298 416 4353 de
431 4297 575 4370 AEgypto),
589 4296 625 4351 de
642 4295 738 4351 medio
754 4295 814 4363 (mr.
830 4293 928 4365 domo)
985 4312 1050 4352 suo.

108 4385 236 4441 fornacis
249 4386 357 4441 ferrea.
387 4385 425 4442 Ut
439 4387 499 4442 sint
513 4384 589 4441 oculi
609 4383 652 4440 tui
666 4382 759 4455 aperti
773 4382 809 4438 ad
825 4382 927 4454 depre·
1017 4384 1094 4457 (Cap.
1111 4384 1172 4457 ill.)
1188 4384 1307 4441 Factum
1320 4389 1365 4441 est
1380 4389 1479 4442 autem
1496 4402 1563 4442 cum
1576 4388 1750 4460 perfecisset
1760 4386 1803 4443 Sa·

110 4473 255 4529 ostionem
282 4474 426 4543 servitui,
455 4478 484 4530 ot
512 4472 613 4546 populi
640 4471 685 4529 tui
713 4472 775 4543 (me.
795 4475 866 4527 tecet
879 4469 932 4543 tui)
949 4474 1089 4539 Diomon
1104 4473 1260 4530 editicium
1275 4475 1382 4531 domus
1406 4474 1535 4543 Domini,
1551 4480 1581 4532 ot
1595 4477 1753 4534 aedilicium
1768 4490 1805 4533 ra

112 4560 246 4629 lsrael‚at
260 4562 401 4619 exaudias
416 4579 466 4619 eos
482 4563 512 4618 in
531 4561 675 4619 universis
695 4577 746 4633 pro
762 4560 872 4633 quibus
886 4559 934 4615 in·
988 4564 1034 4637 gis
1048 4563 1090 4631 (b.
1106 4568 1135 4619 et
1149 4563 1269 4619 domum
1299 4563 1400 4637 ragis),
1418 4568 1448 4620 et
1468 4580 1555 4621 omna
1572 4567 1650 4638 qaod
1668 4566 1806 4639 optaverat

109 4650 278 4707 vocaverint
292 4656 331 4708 ta.
347 4652 390 4707 Tu
406 4651 485 4707 enim
500 4650 645 4723 separasti
661 4665 711 4707 eos
726 4649 780 4706 tibi
795 4648 825 4705 in
841 4649 934 4707 boerc·
988 4658 1017 4709 st
1029 4651 1181 4711 voluerat¹
1196 4652 1300 4718 lacere,
1316 4653 1454 4725 apparuit
1469 4653 1613 4711 Dominus
1633 4655 1660 4711 ei
1676 4653 1806 4719 secundo,

110 4737 231 4794 ditatam
243 4738 279 4795 ds
290 4739 435 4797 universis
451 4740 567 4812 populis
580 4744 673 4811 terrae,
688 4738 764 4796 sicut
774 4737 890 4796 locutus
902 4752 935 4797 ss
988 4741 1066 4798 sicut
1080 4746 1257 4812 apparuerat
1277 4739 1304 4796 ai
1319 4739 1350 4795 in
1365 4739 1495 4797 Gabaon.
1519 4741 1659 4815 Dixitque
1672 4743 1806 4801 Domina!

111 4842 163 4900 psr
176 4826 276 4882 Mosen
287 4843 403 4883 servum
416 4832 498 4884 tuum
510 4828 551 4899 (b.
564 4845 615 4900 per
625 4845 746 4884 manum
759 4827 850 4900 Moysi
859 4823 935 4884 servi
988 4830 1023 4887 ad
1040 4847 1125 4886 eum:
1142 4828 1280 4884 llxaufflvi
1308 4829 1470 4886 orationem
1494 4837 1575 4887 tuam
1590 4824 1621 4887 st*
1635 4832 1808 4907 depracatio-

111 4916 177 4986 tui),
194 4918 311 4989 quando
337 4917 462 4973 eduxisti
483 4924 581 4990 patres
598 4923 713 4975 nostros
740 4918 777 4974 da
802 4918 935 4993 AEgypto,
989 4934 1056 4976 nem
1072 4923 1165 4987 tuam,
1180 4934 1268 4991 quam
1284 4917 1458 4991 deprecatus
1472 4934 1503 4975 es
1518 4934 1617 4977 coram
1628 4937 1677 4977 me
1688 4938 1696 4977 :
1709 4918 1808 4980 sancti·

112 5005 236 5063 Domine
250 5006 338 5063 Deus.
356 5007 400 5078 (T.
416 5008 533 5079 xxiv.)
548 5008 669 5064 Factum
684 5012 730 5065 est
744 5010 854 5073 autem,
867 5023 934 5063 cum
989 5007 1072 5065 licavi
1088 5008 1210 5063 domum
1237 5005 1323 5074 banc,
1339 5023 1429 5078 qnam
1444 5007 1609 5075 aedificasti,
1626 5014 1661 5067 ut
1675 5024 1806 5084 ponerem

112 5095 290 5169 complesset
300 5093 438 5151 Salomon
454 5111 542 5151 orans
563 5095 718 5151 Dominum
734 5110 852 5150 ornnem
869 5111 935 5152 ora·
988 5110 1095 5152 nornen
1112 5112 1210 5151 nxaum
1225 5094 1266 5151 ibi
1282 5096 1507 5169 sempiternum,
1523 5104 1550 5154 at
1565 5106 1652 5155 erunt
1667 5096 1809 5157 oeulimei

112 5183 226 5242 tionem
236 5182 508 5257 etdeprecutionem
526 5182 613 5253 banc,
624 5182 750 5240 surrexit
767 5184 803 5238 de
813 5198 935 5255 conspe·
989 5188 1017 5240 et
1032 5198 1194 5239 cormeum
1210 5183 1251 5239 ibi
1266 5185 1381 5241 cunctis
1395 5184 1510 5243 diebus.
1521 5189 1563 5242 Tu
1574 5202 1696 5261 quoque
1712 5189 1739 5247 si
1751 5204 1810 5247 am·

113 5278 162 5331 ctu
174 5273 276 5332 altaris
292 5271 405 5331 Domini
419 5288 426 5341 ;
438 5277 598 5343 utrumque
609 5270 688 5329 enlm
701 5287 778 5345 genu
789 5270 936 5330 interram
992 5270 1139 5329 bulavaris
1152 5288 1251 5347 coram
1262 5272 1402 5346 me,sicut
1416 5274 1577 5333 ambulavit
1591 5280 1676 5348 pater
1690 5276 1813 5351 tuus,in

149 5511 158 5546 ¹
174 5511 256 5569 Idem
270 5526 313 5569 m.
331 5526 382 5583 per
396 5507 471 5566 uiam
485 5518 689 5579 quemcunque.

152 5580 163 5615 ²
179 5580 234 5640 Me.
249 5581 412 5641 Veronens.
436 5586 556 5652 vovorst,
571 5589 658 5649 qnam
672 5576 744 5650 puto
757 5573 945 5648 exscriptoris
961 5573 1079 5649 lapsum
1094 5594 1102 5648 ;
1117 5578 1161 5635 eat
1172 5575 1251 5636 anim
1266 5575 1299 5637 in
1312 5576 1433 5637 Habrao
1447 5587 1524 5672 part.
