3878 6150
110 251 182 308 soei
674 248 782 306 amaa
799 249 1011 308 uzacaianrs
1029 254 1240 314 rnornara.
1279 296 1281 301 .
1748 232 1827 318 lose
1927 302 1931 311 .

148 383 178 435 et
190 370 347 431 latitudine
359 369 463 444 viginti
479 370 610 443 quinque
622 372 789 431 cubitorum
804 375 858 445 (li.
873 373 902 430 ia
955 380 982 446 Α
1033 395 1121 452 super
1141 396 1259 439 mem„
1274 385 1373 438 quiem
1389 381 1556 442 oblationis·

186 463 246 520 qua
260 448 324 500 erat
337 443 372 498 50
387 444 554 500 cubitorum
571 444 733 519 longitudo,
748 450 778 503 et
790 445 915 504 latitudo
996 449 1032 507 lit
1047 457 1129 507 extra
1144 461 1259 526 portam
1272 453 1453 527 interiorem,

185 519 233 588 25,
248 518 349 599 ‘'⁶3⁰¹“
364 515 554 582 ⁰⁰bst0l¹¹ml
1029 523 1236 606 gazophylacia
1251 529 1403 583 cantoruni
1418 526 1449 583 in
1462 527 1537 585 atrio
1551 527 1694 599 interiori,
1709 533 1787 604 quod

111 594 149 651 El
164 591 193 647 in
210 588 352 672 ssftdlbm
365 591 477 660 ³0le
493 588 708 671 ascendebatur
722 589 759 645 ad
775 604 839 646 eam
856 605 864 644 ε
1065 599 1128 651 erat
1143 611 1172 650 in
1188 596 1278 653 latere
1290 602 1379 669 porta
1391 598 1575 671 respicientis
1586 601 1622 656 ad
1635 601 1816 674 aquilonem:

150 669 179 720 εἰ
193 657 373 718 νθθῑὼῦιυω
390 664 457 715 ⁸⁰¹⁶
473 658 548 714 f⁰l0⁸
563 675 628 731 ⁰1⁰⁸
644 676 651 715 ἓ
993 664 1029 721 ut
1043 665 1131 721 iacies
1144 681 1246 725 eorum
1262 672 1363 726 eontra
1378 669 1455 725 viam
1471 671 1642 743 australem,

149 742 178 792 et
193 733 300 789 raelam
315 732 420 802 palma
434 734 527 799 erant,
544 746 603 787 une
615 731 695 798 binc,
711 735 740 789 et
760 729 852 789 altera
873 731 942 788 inde
1029 753 1087 792 une
1097 738 1231 796 exlatere
1246 744 1338 822 portas
1349 740 1578 816 orientalisque
1594 742 1769 817 respiciebat
1779 745 1817 801 ad
1916 776 1920 781 ·

185 806 214 861 1¹¹
229 804 326 860 fi⁰¹¹¹⁰
340 803 415 874 ⁰J¹¹⁸·
1064 809 1141 864 viam
1157 810 1314 882 aquilonia.

111 880 148 938 ut
163 881 248 952 porta
260 874 327 930 atrii
341 872 488 931 interioris
502 872 532 928 in
547 872 594 929 via
607 873 731 932 australi
747 890 754 930 :
992 878 1027 935 fla
1041 878 1114 935 dixit
1128 881 1164 936 gd
1182 897 1249 936 mg:

149 959 178 1007 et
193 962 313 1004 mensus
328 950 373 1002 est
387 962 404 1001 a
419 949 502 1017 portu
517 961 610 1018 usque
626 946 662 1002 ed
678 950 793 1019 portani
808 945 838 1001 in
855 944 902 1002 iia
1026 951 1087 1007 Hoc
1101 957 1147 1007 est
1159 951 1494 1026 gazophylacium,quod
1506 956 1714 1031 respicitviam
1728 957 1817 1015 merl·

185 1018 320 1088 australi,
333 1022 450 1074 centurn
466 1017 592 1074 cubitos.
1064 1023 1201 1092 dianam

112 1095 149 1151 lit
164 1088 325 1148 introduxit
341 1104 387 1145 me
402 1088 432 1144 in
448 1088 557 1145 atrium
572 1088 698 1146 interius
712 1088 749 1145 ad
761 1093 873 1165 portem
887 1105 940 1146 au·
1027 1095 1214 1151 sacerdotum
1230 1095 1286 1151 erit
1303 1096 1356 1164 (lt.
1373 1095 1445 1153 locet
1460 1097 1537 1173 erit),
1552 1099 1602 1171 qui
1617 1101 1763 1158 excubant
1785 1101 1815 1158 ia

185 1161 307 1220 stralem
325 1176 331 1216 :
1063 1166 1207 1223 custodiis
1221 1168 1335 1240 templi.

149 1240 179 1292 et
189 1249 310 1291 mensus
322 1235 366 1288 est
375 1234 489 1304 portem
498 1231 583 1303 juxta
596 1248 751 1291 mensuras
761 1233 939 1309 superiores.
991 1236 1080 1294 Porro
1090 1237 1425 1312 gazophylaciumquod
1438 1240 1556 1314 respicit
1567 1243 1601 1299 ad
1616 1241 1691 1300 uiam
1704 1242 1817 1316 aquilo·

111 1306 291 1365 'thalamum
307 1304 384 1376 elus,
397 1307 425 1359 et
438 1302 562 1359 trentam
578 1305 654 1376 ejus,
1063 1311 1122 1374 nis,
1136 1309 1322 1366 sacerdotum
1337 1313 1405 1381 erit,

149 1384 180 1436 et
194 1376 374 1434 vestibulum
389 1375 453 1446 eiua
467 1375 577 1432 eisdem
595 1377 742 1434 mensuris
758 1394 765 1432 :
1028 1381 1078 1462 qui
1094 1382 1236 1437 excubant
1252 1382 1287 1438 ad
1305 1382 1503 1440 ministerium
1516 1383 1630 1443 altaris.

150 1456 181 1508 et
194 1451 337 1506 fenestrae
352 1447 427 1517 ejus,
439 1450 467 1501 et
481 1446 661 1505 vestibulum
676 1449 741 1521 ejus
757 1450 785 1506 in
801 1447 939 1520 circuitu,
994 1451 1045 1507 lati
1062 1457 1132 1508 sunt
1146 1451 1199 1507 lilii
1215 1451 1321 1523 Sudor,

149 1519 366 1646 quinquaginta
381 1518 495 1603 cubitos
508 1519 715 1605 longitudinis,
1028 1524 1079 1596 qui
1095 1527 1238 1607 accedqnt
1253 1524 1289 1581 de
1304 1523 1373 1581 liliis
1389 1524 1454 1582 Laui
1469 1527 1505 1582 ad
1523 1528 1680 1586 Dominum
1691 1535 1722 1586 ut
1733 1528 1820 1586 mini·

149 1601 179 1650 et
192 1593 276 1649 latitu
301 1607 358 1647 inis
373 1594 475 1662 viginti
492 1606 624 1663 quinque
639 1592 764 1649 cubitos.
1065 1598 1160 1651 strent
1175 1612 1213 1653 ci.

113 1667 151 1722 Et
167 1661 343 1722 vestibulum
359 1677 529 1734 pergyrum
543 1660 938 1736 longitudinsvigintiqain·
993 1665 1818 1743 litmensusestatriumlongitudiaecentumcubitorum,
1891 1666 1936 1679 ''

186 1734 441 1809 quacubitorum,
571 1804 576 1816 ⁸
954 1752 978 1818 g
1028 1741 1057 1794 ct
1072 1738 1229 1795 latitudine
1243 1743 1363 1795 centum
1379 1740 1547 1799 cubitorum
1563 1758 1616 1817 par
1631 1746 1804 1818 quadrum:
1907 1740 1910 1745 ’

150 1813 181 1865 et
195 1806 352 1864 latitudine
367 1805 499 1878 quinque
512 1803 689 1862 cubitorum.
1028 1814 1058 1867 et
1073 1810 1248 1867 altercante
1263 1810 1366 1867 taciem
1382 1814 1441 1867 tem
1464 1812 1497 1869 ti.

150 1881 187 1936 Et
201 1877 379 1934 vestibulum
394 1877 458 1959 ejus
472 1876 506 1932 ad
524 1877 631 1933 atrium
647 1876 786 1948 exterius,
992 1882 1027 1936 Et
1041 1881 1203 1938 introduxit
1218 1897 1264 1938 me
1279 1880 1309 1937 in
1324 1828 1501 1940 restibufiim
1515 1885 1617 1959 templi
1632 1901 1640 1942 τ

150 1961 179 2008 et
193 1949 307 2023 palmas
322 1951 385 2019 eius
398 1964 429 2004 in
444 1947 550 2013 trente,
1029 1957 1058 2009 et
1072 1969 1194 2010 mensus
1205 1953 1437 2010 eatuestibulum
1449 1955 1578 2030 quinque
1588 1957 1696 2016 cubitis
1707 1957 1819 2033 hinc‚et

151 2027 259 2080 etooto
292 2019 732 2094 raduserantllladdejus).
757 2020 867 2092 quibus
891 2035 940 2075 as·
1087 2024 1426 2096 uinquecubitisinde:
1901 2080 1904 2085 .

166 2037 367 2178 'condebatur
382 2107 433 2176 per
448 2091 502 2175 pit:
518 2091 655 2175 adl-eam
792 2161 800 2175 ·
1030 2042 1258 2152 etffatitudinem
1275 2100 1364 2169 porta
1380 2096 1469 2153 trium
1494 2099 1661 2158 cubitorum
1683 2100 1764 2171 bine,
1788 2106 1819 2159 et

114 2167 151 2224 Et
165 2166 327 2222 introduxit
343 2179 390 2220 me
402 2179 432 2220 in
448 2168 555 2219 atrium
571 2167 694 2227 interius
709 2178 760 2236 per
774 2178 851 2219 uiam
1067 2167 1156 2223 trium
1172 2167 1339 2224 cubitorum
1354 2168 1433 2225 inde.

188 2234 359 2292 orientalem
376 2253 382 2290 :
996 2238 1221 2312 longitudinem
1236 2242 1334 2296 autem
1350 2239 1487 2296 vestibuli
1502 2240 1603 2313 viginti
1620 2243 1799 2314 cubitorum,

151 2314 182 2366 et
196 2323 316 2364 mensus
329 2310 374 2363 est
388 2310 501 2379 portam
517 2306 677 2363 secundum
689 2321 843 2363 mensuras
853 2320 940 2378 supe·
1030 2314 1059 2367 at
1073 2309 1261 2367 latitudinem
1277 2311 1411 2368 undecim
1427 2311 1607 2382 cubitorum,

189 2381 292 2436 riores.
994 2381 1060 2446 :fiet
1075 2387 1139 2439 octo
1154 2382 1296 2454 gradibus
1310 2383 1526 2440 ascendebatur
1540 2384 1576 2440 ad
1591 2401 1656 2442 eam
1673 2388 1694 2443 ¹.

113 2452 294 2510 'thalamum
307 2449 383 2520 ejus,
397 2450 426 2504 et
441 2447 566 2533 frontem
579 2448 655 2520 ejus,
996 2454 1031 2510 Et
1045 2454 1189 2510 column·
1204 2458 1289 2510 erant
1304 2454 1357 2526 (li.
1374 2455 1487 2528 earum)
1502 2455 1532 2512 iu
1547 2456 1712 2514 lrontibus:

149 2528 178 2580 et
194 2520 371 2579 vestibulum
389 2519 465 2590 elus,
481 2525 557 2576 sicut
571 2537 662 2592 supra
679 2538 685 2575 :
1031 2541 1090 2581 nno
1105 2525 1184 2593 hinc,
1198 2530 1226 2580 et
1242 2525 1334 2582 altera
1348 2525 1429 2583 inde.

150 2600 180 2652 et
194 2596 339 2651 fenestras
353 2592 429 2662 ejus,
445 2596 474 2647 et
486 2592 633 2649 vestibula
647 2607 711 2664 ejus
727 2608 756 2648 in
772 2595 908 2663 circuitu,
996 2596 1074 2670 (Cap.
1091 2597 1176 2662 XLI.)
1193 2597 1228 2652 Et
1241 2596 1403 2653 introduxit
1419 2613 1466 2654 me
1480 2596 1511 2654 ln
1526 2598 1683 2671 templum,

151 2665 338 2739 longitudine
353 2663 568 2737 quinquaginta
583 2665 762 2733 cubitorum,
1031 2674 1060 2725 et
1073 2683 1194 2724 mensus
1211 2672 1256 2724 est
1271 2669 1393 2738 lrontas,
1408 2685 1458 2725 sex
1473 2668 1588 2726 cubitos
1604 2668 1772 2727 latitudinis

151 2744 182 2795 et
197 2736 351 2794 latitudine
366 2733 468 2818 viginti
484 2736 616 2808 quinque
631 2734 812 2792 cubitorum.
1068 2739 1145 2807 binc,
1160 2744 1190 2794 et
1204 2756 1254 2796 aex
1269 2741 1384 2797 cubitos
1399 2738 1564 2798 latitudinis
1580 2740 1656 2809 inde,

115 2811 152 2868 Et
167 2809 346 2866 vestibulum
363 2807 436 2877 ejus,
453 2806 481 2862 id
496 2811 541 2863 est
555 2807 622 2863 atrii
636 2807 787 2864 exterioris
802 2821 810 2863 τ
1032 2810 1219 2867 latitudinem
1236 2809 1430 2867 tabernaculi.

152 2886 182 2938 et
195 2881 299 2964 palmae
315 2877 422 2936 caelatae
439 2877 469 2932 in
485 2876 579 2934 lronte
594 2879 659 2950 ejus
672 2877 741 2934 bine
755 2886 783 2936 et
795 2876 864 2934 inde
880 2891 888 2932 τ
997 2883 1032 2940 Et
1046 2880 1170 2939 latitudo
1187 2886 1286 2953 porta,
1302 2882 1403 2939 decem
1419 2882 1584 2939 cubitorum
1601 2885 1663 2939 erat
1680 2899 1687 2936 :

154 2957 184 3009 et
199 2970 228 3008 in
242 2956 306 3008 octo
322 2949 463 3023 gradibus
478 2965 634 3007 ascensum
648 2951 723 3022 ejus.
1032 2958 1061 3010 et
1072 2952 1165 3011 latera
1180 2957 1279 3026 ports,
1296 2953 1428 3027 quinque
1442 2953 1550 3011 cubitia
1565 2953 1678 3026 hinc‚et
1692 2951 1823 3026 quinqua

115 3030 153 3081 at
167 3022 330 3080 introduxit
345 3038 391 3078 me
405 3021 441 3077 ad
454 3026 566 3094 portam
584 3038 647 3094 quo
662 3020 838 3095 respiciebat
851 3020 888 3077 ad
1068 3024 1176 3082 cubitis
1191 3025 1258 3082 inde
1276 3042 1282 3080 :

191 3095 357 3165 aquilonem
376 3110 383 3149 :
824 3161 831 3176 ⁶
957 3116 980 3187 ο
999 3098 1165 3154 lltmensus
1175 3095 1443 3170 eatlongitudinem
1453 3096 1519 3170 ejus
1531 3096 1727 3171 quadraginta
1739 3093 1823 3154 cubi·

152 3172 183 3224 ct
198 3182 317 3224 mensus
332 3172 375 3222 est
389 3164 552 3221 secundum
566 3180 721 3221 mensuras
733 3179 909 3237 superiores,
1069 3174 1179 3235 torum,

116 3237 297 3297 'thalamum
311 3237 388 3309 ejus,
401 3237 525 3293 frontem
541 3236 616 3308 ejus,
1033 3244 1063 3297 et
1078 3239 1264 3296 latitudinem
1281 3239 1385 3313 viginti
1401 3239 1580 3297 cubitorum.

153 3315 183 3367 at
197 3308 377 3366 vestibulum
393 3308 468 3379 ejus,
919 3351 929 3368 .
998 3311 1119 3368 Etintro
1142 3310 1641 3370 essueintrinsecnsmcnauaestln
1653 3310 1824 3385 irontepnr·
1929 3380 1932 3385 Ι

158 3387 188 3439 el
203 3382 345 3438 fenestras
357 3381 422 3452 ejus
437 3395 489 3452 par
502 3377 670 3444 circuitum,
1070 3388 1107 3440 tia
1121 3328 1196 3439 gnos
1211 3383 1327 3441 cubitos
1343 3401 1350 3440 :

158 3453 342 3526 longitudine
358 3449 573 3523 quinquaginta
587 3450 767 3520 cubitorum,
998 3457 1027 3512 et
1043 3460 1169 3528 portam,
1185 3470 1236 3511 sex
1250 3454 1417 3512 cubitorum
1436 3469 1443 3509 τ

155 3530 188 3582 et
203 3524 358 3580 latitudine
372 3522 475 3594 uiginti
492 3521 623 3593 quinque
637 3522 815 3578 cubitorum.
1034 3532 1062 3583 et
1077 3526 1263 3583 latitudinem
1280 3532 1379 3598 porto.
1396 3529 1508 3597 septem
1525 3525 1703 3582 cubitorum.

119 3598 156 3654 Et
172 3595 351 3652 vestibulum
366 3595 431 3667 ejus
447 3593 622 3665 respiciebat
632 3594 668 3650 ad
680 3595 788 3650 atrium
804 3589 943 3650 exterius:
998 3598 1034 3654 ut
1046 3614 1168 3655 mensus
1178 3603 1222 3654 est
1232 3598 1416 3680 longitudine
1426 3597 1633 3669 mejusviglnti
1644 3596 1824 3663 cubitorum,

156 3673 186 3724 et
196 3667 334 3724 celatura
344 3664 525 3738 psalmarum
537 3664 566 3719 in
579 3666 672 3721 trente
682 3667 747 3736 ejus
757 3664 942 3721 bincetlnde:
998 3676 1027 3725 et
1038 3669 1222 3725 latitudinem.
1234 3670 1335 3742 viginti
1343 3666 1824 3739 cubitorum,antelaoiemtempli:

119 3745 149 3797 et
165 3740 195 3796 in
213 3746 277 3795 octo
290 3738 431 3811 gradibus
446 3751 587 3794 aseensus
602 3739 677 3808 ejus·
999 3741 1035 3796 ut
1047 3741 1122 3796 dixit
1137 3741 1172 3796 ad
1192 3755 1258 3796 me:

118 3814 154 3869 Et
171 3827 222 3884 per
237 3808 353 3883 singula
391 3807 577 3881 azophylaoia
592 3809 700 3865 ostium
717 3808 745 3864 in
763 3807 909 3864 frontibus
1037 3812 1094 3867 lloc
1109 3816 1154 3867 est
1169 3811 1310 3867 Sanctum
1324 3814 1503 3867 sanctorum.

193 3882 246 3954 (ill.
263 3825 388 3953 roribus}
421 3886 550 3936 ortanum
568 3896 575 3935 τ
999 3886 1034 3938 at
1049 3897 1170 3938 mensus
1186 3887 1231 3937 est
1245 3882 1387 3954 parietem
1404 3883 1510 3937 domus
1526 3896 1576 3936 sex
1591 3878 1759 3935 cubitorum
1777 3892 1784 3932 :

155 3954 195 4010 ibi
211 3952 348 4009 lavabant
362 3897 578 4009 bofocaustum.
1035 3952 1258 4010 ellatitudinem
1268 3952 1369 4010 lateris
1381 3958 1508 4025 quatuor
1516 3951 1683 4007 cubitorum
1696 3949 1827 4021 undique
1927 4012 1932 4021 Ι

119 4027 156 4084 ui
169 4028 198 4082 ln
215 4023 359 4082 vestibulo
374 4028 474 4097 porte,
489 4024 554 4080 dure
569 4039 676 4079 mensa
691 4022 770 4090 binc,
786 4028 813 4080 et
829 4022 892 4078 dum
1072 4041 1123 4096 per
1137 4025 1292 4081 circuitam
1309 4026 1426 4081 domus.

195 4113 303 4153 mense
318 4096 387 4152 inde
403 4112 411 4150 t
1000 4098 1103 4154 Latera
1117 4102 1227 4161 autem,
1244 4097 1322 4153 letus
1336 4096 1371 4153 ed
1388 4095 1477 4162 latus,
1492 4094 1540 4151 bis
1555 4093 1677 4166 triginta
1689 4092 1745 4148 tria
1761 4107 1769 4148 τ
1789 4161 1795 4175 ι

156 4173 191 4226 ut
205 4165 372 4224 immolelur
385 4182 474 4238 super
487 4182 538 4224 eas
553 4166 757 4223 holocaustum
773 4169 803 4222 et
813 4181 864 4238 pro
879 4180 947 4238 peo-
1037 4173 1065 4224 et
1079 4173 1163 4225 arant
1175 4168 1411 4239 eminentiaque
1427 4167 1653 4239 ingrederentur
1667 4179 1718 4237 per
1734 4175 1826 4236 paria·

192 4244 268 4309 cato,
283 4243 311 4297 et
327 4254 380 4312 pro
395 4237 511 4295 delicto.
1071 4245 1131 4296 tem
1147 4240 1266 4309 domus,
1281 4239 1311 4296 in
1327 4239 1470 4296 lateribus
1485 4254 1536 4310 per
1548 4235 1715 4303 circuitum,

119 4317 156 4370 st
171 4312 206 4370 ad
223 4311 301 4368 latus
316 4309 539 4382 exterius,qund
556 4310 689 4366 ascendit
703 4310 738 4364 nd
755 4309 864 4366 ostium
877 4323 947 4380 por·
1037 4312 1303 4382 utcontinerent‚et
1314 4312 1554 4383 nonattingcreut
1582 4306 1701 4364 arietem
1711 4302 1826 4377 templi.
1929 4366 1932 4371 ,

194 4389 230 4438 ta
268 4399 311 4437 usi
327 4381 422 4454 pergit
437 4382 473 4437 ed
489 4381 669 4453 aquilonem,
685 4381 749 4436 dne
766 4396 896 4437 mensa:
1002 4383 1037 4442 ut
1052 4382 1148 4457 platea
1162 4388 1225 4440 erat
1239 4383 1269 4439 in
1286 4385 1547 4453 rotundummscen
1571 4395 1624 4435 ens
1639 4392 1759 4435 sarsum
1774 4392 1827 4450 per
1886 4432 1889 4437 .

157 4459 186 4511 et
199 4455 235 4510 ad
247 4399 330 4510 (fetus
346 4454 471 4510 alterum
488 4459 555 4511 ante
570 4453 749 4510 vestibulum
766 4457 866 4525 porta,
883 4451 987 4556 duan
1073 4452 1235 4521 cochleam,

195 4542 303 4582 menam
321 4541 329 4587 z
1038 4530 1066 4583 et
1081 4525 1111 4583 in
1126 4524 1310 4583 cenaculum
1327 4530 1386 4582 tem
1411 4523 1431 4580 li
1446 4523 1596 4581 deierebet
1610 4535 1776 4597 pergyrum
1791 4533 1799 4576 r

120 4601 254 4666 Quatuor
270 4612 374 4652 measa
389 4594 469 4661 hinc,
485 4599 515 4652 et
530 4600 656 4668 quatuor
671 4611 779 4651 mensa
794 4594 880 4667 inde3
1001 4599 1114 4656 Idcirco
1130 4598 1218 4654 latius
1233 4603 1293 4654 erat
1311 4542 1455 4670 templum
1470 4595 1499 4651 in
1515 4593 1719 4667 superioribus
1736 4608 1744 4650 τ
1765 4663 1771 4675 ⁸

159 4686 212 4743 per
225 4668 318 4724 latera
333 4672 422 4741 portas
437 4671 501 4724 octo
516 4683 624 4724 mensae
639 4672 734 4736 erant,
748 4683 839 4740 super
1038 4670 1124 4727 etsie
1139 4669 1175 4726 de
1189 4668 1377 4726 interioribus
1391 4668 1607 4725 ascendebatur
1620 4665 1656 4722 sd
1672 4678 1828 4738 superiora

195 4756 271 4813 quas
287 4739 484 4796 immolabant
500 4755 506 4795 :
1074 4741 1103 4797 in
1120 4740 1260 4797 medium.

120 4807 949 4884 Ouatuorautemmensasadholocaustum,delapidibus
1003 4813 1038 4870 at
1052 4812 1110 4868 vidi
1126 4814 1154 4868 in
1171 4813 1258 4869 domo
1274 4811 1460 4869 altitudinem
1476 4827 1528 4883 per
1542 4807 1710 4874 circuitum,
1773 4877 1779 4888 ι

160 4957 168 5011 ¹
195 4883 318 5010 ‘imai'
333 4886 487 5011 exstgutclm
503 4898 517 4966 i·
588 4955 642 5010 td·
678 4953 727 5009 'd‘'
1039 4884 1162 4942 lundata
1183 4884 1274 4968 latera
1289 4885 1325 4940 ad
1341 4898 1511 4940 mensuram
1527 4879 1633 4938 calami
1649 4896 1698 4937 sex
1713 4875 1826 4934 cubito·

159 4961 614 5109 effigitilurffiaeguliiiiustillrisseet
627 4969 765 5082 fflidlii':
1003 5028 1039 5085 Εἰ
1048 4960 1298 5099 laiiltffdiggirlioper
1310 5026 1451 5098 parietem
1462 5024 1563 5082 lateris
1574 5023 1737 5080 lorinsecus
1746 5017 1830 5092 quln-

159 5103 188 5156 et
202 5097 357 5156 altitudine
370 5097 462 5155 cubiti
478 5099 568 5154 unius
585 5112 592 5153 :
1096 5116 1131 5156 ue
1146 5098 1312 5155 cubitorum
1329 5115 1335 5153 :

159 5186 249 5256 super
264 5185 340 5297 ῳῗεΐ
354 5172 466 5297 polpelnt
480 5170 537 5296 (lli
552 5169 765 5296 ponepthsssa,
789 5167 819 5224 in
839 5168 950 5239 quibus
1003 5174 1068 5299 Etet
1081 5170 1206 5298 {nterior
1221 5170 1327 5297 zoilum
1342 5166 1529 5296 ilntlatitqiribgis
1545 5168 1828 5293 dirirffi.cubuomm

120 5314 158 5370 n
171 5256 900 5385 illustri?diutilisillitana.
1048 5255 1593 5382 ”nit-tittilttilltldv⁸

197 5402 249 5458 lter
263 5385 441 5443 circuitum:
1039 5390 1068 5442 ct
1082 5385 1191 5443 ostiuin
1207 5385 1307 5442 lateris
1323 5385 1358 5441 ed
1374 5383 1536 5440 orationem
1554 5395 1561 5434 :

158 5529 166 5563 ¹
183 5528 239 5584 Pro
252 5527 308 5585 hoc
322 5543 445 5584 numero
460 5527 489 5583 in
507 5527 625 5584 llebraeo
649 5531 694 5584 eat
718 5542 878 5600 pronomen
903 5543 951 5584 re·
1003 5527 1357 5602 macbum.atquealinex
1369 5533 1448 5599 parte
1459 5523 1568 5597 Aquila
1584 5520 1713 5579 secunda
1727 5516 1827 5589 editio,

121 5598 246 5658 latlvum
259 5612 337 5661 amit.
360 5601 421 5672 qui,
445 5600 524 5670 quod
549 5615 617 5683 cum
642 5595 716 5665 itae,
741 5598 831 5657 decem
857 5599 949 5656 inter·
1003 5617 1037 5658 ac
1051 5600 1219 5668 theodotio,
1236 5601 1287 5672 qui
1302 5598 1430 5656 undecim
1444 5600 1572 5680 uertunt.
1588 5593 1672 5650 aliter
1685 5608 1716 5649 se
1738 5595 1827 5674 atque

122 5676 277 5745 proteritur
292 5671 376 5742 LXX,
390 5671 499 5727 lectum
516 5671 552 5727 ab
568 5687 612 5727 eia
626 5683 691 5734 itit
707 5688 758 5744 pro
782 5683 858 5735 aaa.
882 5687 949 5744 per·
1004 5672 1089 5729 aliter
1104 5672 1211 5745 legisse
1226 5671 1368 5740 indicant,
1383 5676 1412 5727 et
1438 5670 1523 5726 obvia
1547 5666 1598 5722 illa
1620 5663 1826 5751 emendations

121 5743 261 5828 spicuam
272 5746 426 5826 animaque
437 5744 557 5827 deinum
570 5742 686 5800 videtur
695 5759 836 5817 germana
850 5743 949 5800 lectio.
1005 5744 1113 5802 llebraei
1130 5743 1238 5802 codicis
1253 5744 1365 5801 saluam
1381 5758 1443 5800 rem
1458 5755 1524 5798 essa
1538 5754 1599 5795 noa
1612 5739 1730 5794 sinunt.

120 5816 310 5889 inquinato
324 5814 518 5888 Hieronymus
541 5819 750 5888 interpretatur
773 5820 840 5888 post
862 5818 948 5887 Sym·
