3870 6120
105 166 186 229 love
634 169 665 223 Β.
685 167 890 223 niuuouviii
908 164 1036 225 utvitta
1052 162 1303 225 BIBUOE'HECA.
1372 194 1376 201 ·

141 301 170 352 et
185 296 249 352 sino
264 292 370 365 ephod,
386 297 414 348 et
429 291 493 348 sine
508 289 685 362 theraphim.
947 290 974 359 Α
992 285 1023 345 Si
1039 285 1191 368 fornicaris
1207 289 1249 352 tu,
1266 286 1368 358 lsrael,

106 369 142 425 Et
156 372 222 441 post
235 366 296 421 hac
311 368 492 421 revertentur
507 361 560 417 filii
576 361 677 429 lsrael,
690 367 720 418 et
734 363 865 433 querant
879 360 933 417 lio·
1028 374 1086 415 oon
1102 357 1255 430 delinquat
1269 358 1373 416 saltem
1392 360 1469 419 tuda
1485 377 1494 423 t

181 439 295 494 minum
311 441 401 493 Deum
418 449 517 515 suum,
530 433 618 489 David
635 449 734 506 regem
749 450 836 491 suum
854 449 861 488 :
989 430 1025 486 Et
1040 429 1130 486 nolite
1146 430 1259 501 ingredi
1267 429 1303 513 ‚55¹
1319 430 1446 561 Galhm’

144 515 174 566 et
193 509 338 582 pavebunt
359 507 395 562 ad
419 506 590 571 Dominum,
611 510 639 561 et
663 507 700 562 ad
724 506 835 563 bouum
858 505 934 576 ejus,
1026 504 1055 557 et
1070 518 1107 556 ue
1123 500 1313 557 ascendemus
1329 505 1359 559 in
1395 504 1547 575 eth-aven,

147 583 176 637 in
193 580 353 636 novissimo
369 577 494 632 dierum.
1026 588 1121 657 neque
1133 573 1302 644 juraveritis
1319 591 1326 629 :
1342 575 1419 631 Vivit
1434 575 1589 633 Dominus.

112 654 190 726 (Cup.
208 652 267 723 lV.)
284 649 389 705 Audite
404 650 525 704 verbum
542 646 671 711 Domini,
686 646 739 703 filii
755 646 856 714 lsrael,
992 644 1134 709 Quoniam
1150 645 1227 700 sicut
1242 661 1328 701 vacca
1342 644 1499 704 lasciviens
1513 643 1677 703 declinavit
1692 642 1799 710 iareah

150 724 219 796 quia
229 721 374 793 judicium
391 721 514 777 Domino
525 735 592 774 com
604 719 818 775 habitatoribus
829 723 913 774 terres
929 730 939 779 t
1028 732 1107 772 nunc
1122 720 1222 786 pascet
1235 731 1285 774 ees
1304 719 1458 787 Dominus,
1470 718 1556 791 quasi
1580 731 1695 791 egnum
1713 715 1744 771 io
1757 714 1819 771 loti·

114 801 177 854 Non
192 800 237 850 est
252 794 331 849 enim
347 793 465 853 veritas.
480 795 509 847 et
523 807 581 846 non
597 794 643 846 est
656 790 870 857 misericordia,
1063 787 1175 843 tudine.

150 871 179 922 et
194 882 251 921 non
267 870 312 920 est
325 865 446 918 scientia
461 863 510 918 Dei
527 860 556 916 in
572 865 659 916 terra.
992 859 1144 931 particeps
1158 859 1303 916 idolorum
1319 859 1469 933 Ephraim,

115 937 312 1004 Maledictum,
323 941 351 991 et
367 936 563 1002 mendacium,
575 937 602 987 et
618 931 823 1000 homicidium,
834 934 863 987 et
879 930 938 987 ior·
1029 931 1146 986 dimitte
1160 946 1237 986 eum.

187 1013 262 1076 tum,
278 1013 307 1063 et
321 1005 496 1063 adulterium
514 1004 743 1070 inundaverunt,
994 1003 1029 1059 Se
1052 1007 1166 1058 aratum
1178 1005 1224 1058 est
1239 1003 1406 1061 convivium
1420 1018 1534 1074 eorum,

150 1085 179 1136 et
193 1098 245 1136 san
270 1080 316 1135 uis
330 1079 504 1149 sanguinein
519 1075 624 1147 tetigit.
1032 1019 1224 1130 fornicatione
1238 1073 1373 1134 fornicati
1389 1078 1460 1132 sunt
1475 1090 1483 1131 ε

116 1096 312 1224 Propterhoo
327 1150 440 1221 lugebit
454 1155 543 1205 terra.
651 1216 656 1227 ι
1032 1145 1198 1201 dilsierunt
1213 1145 1315 1226 ailerre
1336 1145 1529 1220 ignominiam
1549 1148 1734 1218 protectores
1750 1142 1819 1214 eiua.

151 1228 180 1279 et
194 1221 394 1277 infirmabitur
409 1220 507 1276 omnis
522 1219 573 1291 qui
589 1216 704 1273 habitat
719 1216 749 1272 io
772 1233 816 1288 aa,
997 1217 1111 1290 Ligavit
1125 1233 1189 1272 eam
1205 1219 1327 1289 spiritus
1342 1221 1371 1275 in
1387 1218 1441 1290 (Al.
1456 1218 1536 1290 cuni)
1552 1216 1608 1274 alis
1623 1214 1701 1286 suis,

152 1294 181 1348 in
197 1293 291 1349 bestia
306 1293 380 1364 agri,
395 1297 423 1347 et
439 1292 469 1347 in
482 1291 600 1346 volucre
614 1287 678 1345 omli
692 1306 699 1344 :
1033 1295 1062 1344 et
1076 1289 1293 1347 confundentur
1307 1307 1324 1346 a
1338 1288 1492 1347 saciillciis
1507 1289 1582 1347 suis.

150 1367 202 1422 sed
217 1369 246 1420 st
257 1365 352 1437 pisces
365 1363 455 1420 maris
469 1361 736 1435 congregabuntur.
999 1360 1077 1433 (Cap.
1090 1359 1137 1428 V.)
1153 1359 1259 1417 Audite
1273 1360 1340 1433 hoc,
1356 1360 1523 1418 sacerdotes
1540 1376 1547 1417 :

114 1437 314 1493 Veruntamen
332 1435 523 1507 unusquique
538 1431 721 1503 conjudicat
743 1448 750 1487 ι
1035 1437 1063 1488 et
1077 1431 1229 1501 attendito,
1242 1433 1349 1490 domus
1364 1430 1464 1502 lsrael,

153 1513 182 1565 et
198 1523 255 1563 non
271 1511 414 1578 arguatur
428 1506 472 1563 vir
488 1523 495 1561 ι
1034 1508 1065 1561 et
1078 1503 1184 1560 domus
1200 1503 1276 1575 regis
1291 1506 1346 1576 (it.
1358 1503 1422 1561 adit.
1436 1502 1569 1576 auribus)
1584 1500 1773 1561 auscultate:

120 1578 249 1652 Populus
263 1578 341 1635 enlm
357 1582 437 1646 tuus,
1000 1572 1073 1638 Quia
1087 1575 1171 1631 vobis
1182 1575 1331 1645 jndicium
1346 1579 1402 1659 est,

156 1652 233 1707 sicut
247 1650 289 1720 bi,
305 1649 356 1722 qui
372 1647 577 1706 contradicunt
592 1647 747 1706 sacerdoti.
958 1662 984 1729 g
1036 1645 1175 1719 quoniam
1190 1644 1315 1718 laqueus
1330 1646 1399 1704 tacti
1414 1646 1487 1702 estis
1501 1643 1714 1718 speculationi,

156 1723 252 1781 Etiam
269 1720 411 1795 propheta
425 1727 522 1778 tecum
540 1737 547 1776 :
1035 1725 1063 1774 et
1078 1722 1138 1774 rete
1152 1733 1316 1790 expansum
1331 1734 1422 1791 super
1434 1717 1562 1775 Thabor.

123 1796 157 1852 Et
172 1811 290 1850 corrues
301 1793 397 1859 hodie,
409 1798 437 1848 ct
447 1796 564 1849 corruet
574 1791 659 1848 etiam
673 1789 815 1864 propheta
826 1795 921 1847 tecum
937 1806 943 1845 :
999 1793 1034 1844 Et
1048 1790 1181 1846 victimas
1197 1789 1371 1849 declinastis
1384 1789 1414 1847 in
1429 1788 1608 1861 protundum
1623 1803 1631 1844 t

159 1871 242 1922 nocte
257 1869 352 1920 tacere
367 1864 420 1920 leci
438 1868 560 1920 matrem
576 1869 669 1920 tuam.
1036 1866 1065 1917 et
1079 1876 1132 1933 ego
1147 1861 1278 1918 eruditor
1295 1862 1427 1919 omnium
1443 1863 1565 1919 eorum¹
1583 1859 1638 1932 (dl.
1655 1857 1805 1929 vestrum).

122 1937 272 1995 Conticuit
287 1936 413 2009 populus
429 1951 525 2001 meus,
1001 1936 1060 2006 Ego
1074 1934 1135 1989 scio
1150 1932 1298 2005 Ephraim,

159 2025 193 2065 eo
208 2009 284 2080 quod
304 2025 362 2064 non
376 2007 513 2064 hebuerit
527 2005 681 2063 scientiam
699 2021 706 2059 :
1038 2009 1068 2061 et
1082 2003 1170 2060 lsrael
1186 2020 1243 2060 non
1259 2009 1305 2061 est
1320 2003 1513 2061 absconditus
1527 2019 1544 2061 a
1558 2017 1606 2059 me
1624 2019 1631 2060 :

124 2080 198 2148 Quia
213 2086 242 2167 tu
255 2080 409 2134 scientiam
425 2077 572 2161 repulisti,
584 2075 723 2158 repellam
737 2078 764 2132 ts
780 2076 834 2147 (iil.
845 2075 907 2133 add.
919 2080 949 2135 et
1003 2078 1076 2142 Quia
1091 2091 1169 2160 nunc
1185 2075 1346 2133 fornicatus
1360 2081 1406 2133 est
1419 2075 1569 2149 Ephraim,

126 2151 467 2303 ..ttetttttttttt
478 2151 616 2286 1¹3in
631 2146 703 2203 ...a
721 2188 727 2201 ·
1005 2146 1521 2291 ..tttttitttttttttt....‚
1538 2220 1570 2272 ..r
1593 2214 1820 2277 ...aneae

163 2292 320 2349 obliviscar
335 2291 460 2347 filiorum
477 2296 596 2347 tuorum
611 2293 641 2345 et
655 2304 719 2361 ego.
1076 2296 1166 2348 Deum
1183 2306 1270 2347 suum
1286 2307 1293 2344 :

128 2364 296 2422 Secundum
313 2362 534 2419 multitudinem
549 2376 663 2427 eorum,
1042 2363 1112 2434 qnia
1126 2361 1251 2434 spiritus
1265 2360 1492 2418 fornicationum
1507 2361 1538 2418 in
1554 2359 1654 2417 medio
1669 2374 1779 2429 eorum,

164 2435 207 2493 sic
222 2438 415 2506 peccaverunt
429 2432 502 2489 mihi
517 2448 524 2488 ε
1043 2440 1073 2491 et
1085 2433 1244 2491 Dominum
1260 2449 1317 2490 non
1333 2437 1543 2506 cognoverunt.

166 2504 288 2580 gloriam
304 2521 405 2562 eorum
421 2503 615 2590 ignominiam
628 2503 827 2561 commutabo.
1007 2511 1042 2563 ut
1056 2503 1244 2579 respondebit
1258 2503 1425 2587 arrogantia
1437 2503 1525 2560 lsrael
1541 2502 1572 2559 iii
1589 2502 1663 2560 lacis
1677 2503 1742 2575 ejus
1757 2518 1765 2558 :

132 2580 253 2636 Peccata
267 2576 365 2648 populi
383 2592 439 2632 mei
455 2575 618 2642 comedent,
1044 2583 1072 2634 et
1089 2577 1175 2633 lsrael
1191 2581 1220 2632 et
1233 2576 1372 2645 Ephraim
1388 2580 1475 2633 ruent
1489 2577 1519 2632 iii
1533 2574 1692 2647 iniquitate
1706 2590 1767 2644 sua,

167 2655 198 2706 st
224 2650 260 2705 ad
289 2649 473 2720 iniquitatem
497 2664 600 2704 eorum
623 2644 819 2705 sublevabunt
839 2647 955 2705 animas
1045 2654 1111 2705 ruet
1125 2649 1212 2706 etiam
1226 2647 1302 2704 lude
1317 2663 1385 2704 oum
1400 2647 1453 2704 eis.

204 2736 315 2777 eorum.
1010 2723 1042 2776 lu
1058 2721 1196 2793 gregibus
1218 2718 1282 2776 suis
1313 2722 1343 2774 et
1364 2718 1396 2774 in
1419 2718 1559 2776 armentis
1583 2717 1648 2776 suis
1673 2715 1815 2775 vadeutad

133 2793 169 2850 Et
184 2792 240 2848 erit
254 2792 332 2848 siout
346 2789 483 2863 populus,
1082 2791 1273 2863 quarendum
1312 2790 1457 2860 ominum,

171 2863 215 2920 sic
231 2863 368 2920 sacerdos
384 2878 392 2918 ε
1046 2868 1075 2920 et
1089 2880 1147 2920 non
1159 2861 1328 2920 invenient:

134 2935 171 2991 Et
184 2935 310 2991 visitabo
324 2948 413 3005 super
427 2948 494 2989 eum
510 2931 588 2989 viam
601 2931 678 3003 elus,
1047 2934 1164 2991 ablatus
1179 2939 1224 2991 est
1238 2935 1275 2990 ab
1290 2932 1343 2989 eis.

167 3010 196 3063 et
211 3005 405 3077 cogitationes
421 3005 486 3076 ejus
503 3004 625 3060 reddam
640 3004 678 3075 si,
973 3030 995 3098 c
1013 3010 1046 3063 lo
1064 3006 1219 3062 Dominum
1234 3002 1414 3078 prevaricati
1429 3008 1509 3072 suut,

137 3076 172 3133 Et
188 3078 352 3145 comedent,
1051 3078 1119 3150 quia
1134 3077 1212 3134 illios
1227 3076 1339 3134 alienos
1358 3080 1524 3149 genuerunt
1540 3091 1547 3131 :

168 3150 198 3203 et
212 3164 272 3203 non
289 3145 503 3203 saturabuntur
519 3162 526 3200 ε
1049 3166 1127 3204 nunc
1142 3148 1295 3205 devorabit
1308 3163 1358 3204 eos
1372 3147 1483 3205 mensis
1501 3162 1568 3205 cum
1590 3148 1726 3222 partibus
1740 3143 1815 3204 suis·-

133 3218 282 3275 Eornicati
296 3223 376 3287 aunt,
1012 3219 1143 3291 Glangite
1157 3220 1282 3278 buccina
1296 3220 1326 3275 iii
1341 3218 1451 3289 Gabra,

171 3294 201 3346 et
215 3306 274 3346 non
288 3291 497 3347 cessaverunt:
1049 3294 1121 3348 tuba
1135 3294 1165 3348 in
1181 3293 1293 3348 Raama
1310 3307 1317 3346 t

173 3363 313 3433 quoniam
335 3359 490 3418 Dominum
506 3358 728 3432 dereliquerunt
743 3362 773 3419 in
789 3380 847 3421 non
862 3370 960 3423 eusto-
1015 3362 1131 3421 Ululate
1144 3363 1175 3418 in
1202 3360 1397 3425 Beth-avent

210 3432 326 3488 diendo.
1015 3509 1036 3564 Ε
1051 3440 1118 3562 zost
1131 3439 1246 3506 tergum
1262 3436 1356 3503 tuum,
1372 3428 1535 3503 Beniamin.

143 3501 319 3569 Fornicatio,
334 3506 361 3559 et
376 3502 490 3569 vinum,
506 3503 535 3558 et
549 3500 675 3559 ebrietas
689 3503 786 3562 aulert
800 3523 858 3563 cor.
1040 3525 1050 3579 r
1080 3507 1154 3562 raim
1170 3507 1200 3561 in
1215 3504 1396 3563 desolatione
1407 3503 1463 3560 erit
1475 3501 1505 3559 iii
1521 3500 1569 3557 die
1584 3497 1772 3572 correptionis
1785 3512 1792 3554 t

143 3573 272 3645 Populus
288 3590 371 3630 meus
386 3574 415 3628 in
433 3573 509 3643 ligno
525 3588 579 3628 suo
594 3572 793 3648 interrogavit,
1052 3580 1082 3634 in
1096 3578 1234 3635 tribubus
1248 3576 1337 3634 lsrael
1351 3573 1467 3634 ostendi
1481 3573 1580 3631 fldem.

181 3650 209 3701 et
222 3642 345 3701 baculus
359 3645 424 3715 ejus
439 3644 625 3700 annuntiavit
639 3645 666 3701 ei
682 3664 689 3703 ε
1016 3649 1094 3705 Facti
1115 3654 1185 3704 sunt
1208 3647 1352 3721 principes
1366 3647 1444 3704 luda
1467 3644 1552 3719 quasi
1576 3646 1759 3701 assumentes
1771 3645 1812 3696 ter·

143 3715 271 3788 Spiritus
286 3716 363 3773 enim
381 3716 607 3772 fornicationum
623 3717 738 3791 decepit
751 3734 812 3786 sos,
1107 3722 1218 3776 minum
1238 3737 1244 3774 ε

180 3791 209 3844 et
224 3788 357 3845 fornicati
372 3791 443 3845 sunt
457 3804 474 3843 a
488 3793 546 3843 Deo
562 3804 626 3844 suo.
1053 3808 1141 3864 super
1154 3808 1204 3849 eos
1219 3790 1366 3847 effundam
1383 3789 1466 3862 quasi
1481 3802 1590 3859 aquam
1604 3785 1681 3843 iram
1696 3800 1790 3843 meam.

144 3859 239 3932 Super
254 3861 350 3932 capita
366 3858 509 3916 montium
526 3859 742 3929 sacrificabant,
1017 3862 1203 3919 calumniam
1219 3863 1333 3935 patiens
1347 3867 1393 3918 est
1407 3859 1556 3932 Ephraim,
1574 3853 1796 3930 transactionis
1810 3866 1815 3903 τ

178 3938 208 3987 et
222 3947 312 4004 super
325 3931 415 3988 colles
429 3931 629 3987 accendebant
643 3931 807 4004 thymiama
823 3951 830 3992 :
1054 3936 1193 4006 quoniam
1207 3934 1294 4015 coepit
1305 3932 1385 3989 abire
1401 3936 1467 4003 post
1478 3931 1608 3987 sordem.

143 4002 253 4058 Subtus
267 4018 421 4076 quereum,
436 4008 465 4059 et
499 4001 632 4074 epulum,
646 4009 675 4061 et
690 4006 900 4079 terebinthum,
1018 4004 1053 4062 Et
1067 4023 1117 4078 ego
1133 4005 1217 4078 quasi
1235 4010 1314 4061 tinea
1328 4003 1465 4074 Ephraim
1483 4019 1490 4059 z

179 4074 248 4145 quia
260 4075 337 4131 bona
351 4081 413 4131 erat
429 4019 533 4130 umhra
548 4075 613 4145 ejus
630 4091 637 4129 :
1054 4082 1084 4134 et
1119 4077 1182 4133 nasi
1219 4078 1322 4133 utredo
1336 4074 1436 4132 domui
1450 4073 1536 4130 Jude.

144 4143 212 4202 ideo
229 4145 452 4202 fornicabuntur
467 4145 532 4200 tilia
548 4151 662 4211 vestrm,
1018 4152 1051 4204 at
1065 4094 1138 4205 vigit
1152 4093 1290 4220 Ephraim
1303 4147 1475 4218 languorem
1489 4158 1591 4211 suum,

178 4221 207 4272 et
223 4234 337 4299 sponsa
352 4223 454 4274 vestra
469 4216 609 4274 adulteres
623 4222 719 4275 erunt.
1054 4225 1082 4276 et
1095 4220 1174 4276 luda
1187 4218 1336 4275 vinculum
1351 4234 1439 4274 suom
1458 4233 1465 4272 ι

143 4284 206 4343 Nori
221 4289 346 4346 visitabo
362 4305 451 4363 super
474 4288 551 4346 illias
565 4293 678 4347 vestras
693 4306 760 4347 cuin
783 4291 893 4350 luerint
906 4293 964 4351 ior·
1017 4290 1051 4347 Et
1065 4292 1137 4348 abiit
1150 4291 1289 4363 Ephraim
1305 4290 1341 4346 ad
1354 4291 1457 4355 Assur,

213 4359 325 4426 nicetas,
1053 4368 1082 4419 et
1097 4363 1179 4418 misit
1191 4363 1227 4417 ad
1243 4377 1339 4433 regem
1357 4360 1480 4416 ultorem
1496 4374 1505 4413 z

178 4433 207 4484 et
223 4446 311 4514 super
327 4447 451 4501 sponsas
465 4437 576 4488 vestras
591 4448 658 4488 cum
673 4433 909 4494 adulteraverint.
978 4399 1002 4464 D
1018 4434 1052 4490 Et
1067 4435 1130 4507 ipse
1145 4451 1202 4489 non
1218 4433 1325 4505 poterit
1339 4446 1518 4513 sanarevos,

142 4500 285 4564 Quoniam
299 4504 355 4574 ipsi
372 4519 439 4559 cum
458 4502 659 4560 meretricibus
674 4509 877 4565 versabantur.
1054 4523 1106 4560 nec
1120 4504 1230 4560 solvere
1246 4503 1350 4576 poterit
1365 4521 1381 4559 a
1396 4502 1479 4560 vobis
1493 4499 1655 4556 vinculum.

177 4576 284 4627 etcum
300 4574 476 4631 effeminatis
491 4576 706 4643 sacriticabant,
1017 4576 1160 4643 Quoniam
1176 4593 1229 4650 ego
1242 4576 1326 4648 quasi
1342 4574 1433 4631 leena
1447 4572 1600 4645 Ephraim,

176 4646 204 4697 et
219 4643 345 4714 populus
362 4662 418 4701 non
434 4645 602 4719 intelligens
617 4648 776 4720 vapulabit.
1053 4653 1081 4705 et
1096 4649 1180 4721 quasi
1194 4646 1311 4706 catulus
1325 4645 1419 4704 leonis
1433 4642 1534 4703 domui
1548 4643 1626 4703 Juda
1642 4659 1649 4697 :

133 4783 280 4841 laieorum
298 4785 454 4842 nominum
470 4787 705 4857 desuetudinem,
721 4791 806 4861 quasi
821 4793 979 4865 gravissi,
1016 4795 1071 4848 est.
1086 4795 1180 4847 Esar.
1663 4855 1669 4867 ,

138 4872 221 4914 nium
237 4856 385 4939 quoddam
405 4858 583 4917 calamitatis
598 4876 702 4931 genus,
718 4862 891 4934 prophetam
908 4882 961 4939 pe·
1051 4893 1086 4904 -
1100 4860 1262 4927 Palatinus,
1278 4863 1310 4915 ut
1331 4862 1360 4916 et
1383 4858 1459 4915 atius
1480 4855 1558 4928 apud
1582 4856 1721 4914 liertiae.
1749 4868 1823 4915 mast

138 4928 207 5001 pulo
223 4928 363 4983 minitari.
378 4928 520 4986 Caeterum
536 4938 565 4987 ot
581 4932 658 4991 Lxx
672 4939 740 4991 ante
751 4933 960 5009 Hieronymum
1015 4938 1121 5000 messia,
1136 4933 1241 4988 vitiose
1255 4934 1365 4986 minen.
1382 4931 1462 4997 Quod
1486 4944 1553 4985 vero
1569 4928 1698 4985 miratur
1710 4932 1741 4985 at.
1755 4929 1825 5005 Pater

137 5000 238 5057 eodem
267 5003 355 5072 atque
382 4998 431 5056 ille
459 5004 545 5058 modo
580 5003 711 5076 legerant
743 5023 811 5064 oum
843 5013 962 5068 vertunt
1013 5005 1223 5065 inCommeut.
1240 5020 1292 5060 cur
1311 5002 1561 5072 Liiilrebi‘piaem
1587 4992 1825 5067 maurotus-int

136 5069 340 5181 ⁰⁰2²“wa'
464 5141 469 5152 ι
764 5150 769 5162 Ι
1014 5099 1069 5161 est,
1086 5085 1198 5166 tpueldq
1215 5107 1280 5165 quae
1298 5074 1479 5151 sterilitati
1495 5086 1826 5165 liebraiceappcllaturt

195 5144 314 5218 h¹¹tl¹¹⁰i
328 5158 400 5200 ΜΒ·
417 5147 544 5198 mmm
557 5158 593 5200 ‘¹
605 5146 677 5203 LXX
692 5164 817 5206 mmm
827 5154 958 5223 Wlfflin,
1014 5167 1124 5221 iactum
1140 5181 1194 5237 ego
1207 5163 1312 5236 opinor
1325 5177 1359 5219 ea
1380 5162 1416 5218 de
1437 5176 1535 5228 causa,
1552 5160 1631 5232 quod
1647 5159 1772 5217 inediam
1788 5157 1826 5212 iit·

134 5230 187 5288 pm
201 5217 329 5273 mm
342 5229 450 5272 ‘mm'
468 5212 561 5271 ΜΝ·
1013 5261 1107 5311 teram
1123 5252 1203 5310 vocis
1222 5264 1299 5321 mitt,
1316 5267 1367 5323 pio
1381 5234 1408 5318 h,
1424 5266 1488 5321 que
1511 5265 1614 5322 parum
1632 5248 1670 5305 ab
1682 5265 1718 5305 ea
1733 5246 1826 5309 dilicit.

135 5287 959 5430 ..iltuittilltttttittitliittliltuit
1014 5325 1191 5397 acceperint,
1204 5341 1237 5380 ..
1253 5339 1338 5397 norro
1353 5322 1471 5378 aar...
1485 5334 1513 5381 v
1528 5336 1580 5394 ev
1595 5334 1616 5380 ⁸
1634 5336 1641 5375 ³
1658 5319 1828 5395 egaeae

135 5431 305 5489 cessonensi
320 5429 465 5503 scriptum
480 5434 526 5485 est
542 5429 639 5486 :vane
651 5431 793 5490 oneratis
810 5451 854 5491 coe
872 5435 958 5492 liem-
1014 5400 1086 5477 ⁸55¹·
1110 5415 1192 5498 900‘1
1219 5412 1389 5487 rumim·
1417 5410 1488 5495 flil'fl.
1500 5408 1654 5494 hrudim
1681 5414 1779 5477 ’Μ’
1804 5408 1830 5462 ¹¹²

133 5502 193 5570 ΡΜ,
207 5519 271 5559 cum
286 5505 413 5574 pam-gg,
426 5502 493 5557 ,mg
511 5502 541 5557 1„
563 5506 662 5557 „ogero
678 5502 957 5579 sgnggrmgngmj,
1013 5486 1145 5544 Ezechiel
1162 5503 1250 5555 invii,
1266 5486 1294 5556 6)
1311 5491 1400 5556 atquc
1420 5483 1489 5539 alibi
1504 5485 1625 5554 ipsimet
1645 5486 1829 5575 interpretas:

135 5577 240 5629 mensis
254 5590 316 5629 cum
327 5573 511 5646 participibus
519 5573 587 5629 auia.
598 5572 783 5633 colbertinus
793 5578 959 5636 Anioienais
1013 5581 1071 5632 tur.
1089 5575 1257 5632 Econtrario
1269 5590 1323 5628 vox
1336 5556 1408 5635 ‘ituri
1424 5588 1474 5644 pro
1483 5582 1549 5634 utr't
1565 5570 1622 5644 legi
1634 5575 1726 5645 atque
1741 5570 1830 5629 haben

135 5643 225 5698 codex
238 5643 317 5715 legit,
333 5647 431 5703 mearet
444 5661 507 5701 cum
525 5645 649 5716 patribus
662 5645 721 5702 suia
736 5663 746 5702 .·
761 5653 861 5705 noster
875 5666 957 5709 num.
1013 5647 1131 5705 omnino
1145 5663 1203 5704 non
1220 5644 1324 5719 potuit.

136 5711 171 5765 td
185 5719 284 5769 messit
299 5732 361 5772 cum
375 5717 504 5786 patribus
519 5719 588 5777 suis.
604 5716 713 5792 Regius
727 5717 849 5776 omnino
864 5734 958 5791 purus
