3870 6120
705 229 868 303 PATHUbi
891 239 1241 305 euusulcrluouuu

663 465 1180 580 PROLEGOMENON
1214 485 1290 580 IV.

426 661 470 721 Do
484 655 596 721 Titulis
610 661 642 719 ot
656 655 819 736 Capitulis,
836 653 985 719 Versibus
995 660 1027 717 ct
1040 654 1149 718 Matris
1164 672 1328 719 sacrorum
1341 655 1526 718 Bibliorum.

126 902 151 960 I.
169 897 279 990 Bibiia
293 917 385 991 sacra
400 897 433 991 iu
448 903 548 991 certas
555 901 666 979 partes
681 894 864 957 dividebant
878 895 1046 1038 sfrippores
1066 897 1201 978 antiqui,
1218 897 1274 991 sed
1296 895 1407 958 multis
1430 895 1626 977 diversisque
1648 895 1762 989 modis.
1773 899 1828 989 ll.

166 978 324 1039 Seetwnes
338 978 405 1039 elles
419 978 640 1059 sndffrenter
652 975 842 1038 uocabantur
867 975 895 1038 T
892 982 939 1039 ctu
955 997 978 1055 s,
990 974 1106 1038 Breues
1119 984 1150 1040 et
1168 977 1331 1059 Capituia.
1340 976 1684 1056 HLQuamamfiserint
1697 976 1833 1038 distinc-

166 1060 266 1121 tiones
278 1079 422 1121 uersuum
435 1057 474 1120 ab
488 1058 629 1138 antiquis
645 1063 801 1140 usurpatae
816 1056 850 1116 in
865 1057 1033 1140 Scriptura
1047 1077 1149 1121 sacra.
1166 1061 1219 1122 IV.
1234 1059 1290 1120 An
1305 1058 1371 1120 sint
1394 1064 1492 1120 metra
1514 1058 1547 1118 in
1562 1056 1657 1120 libris
1671 1057 1786 1134 sacris,
1801 1062 1832 1117 et

166 1140 361 1299 ffitssr‘fflm
372 1139 405 1200 iu
419 1137 561 1201 Psalmis
575 1137 725 1201 Doridis.
742 1139 778 1200 V.
796 1136 986 1211 Hieronymi
1000 1137 1153 1233 sententia
1168 1138 1207 1198 de
1220 1136 1329 1202 metris
1341 1136 1578 1221 Scripturarum
1594 1134 1769 1223 explicatur
1801 1142 1832 1198 et

190 1240 257 1280 een
283 1240 293 1279 s
310 1240 359 1281 ur.

167 1358 193 1419 1.
221 1357 290 1416 Nou
319 1359 367 1417 est
382 1353 544 1435 praesentis
570 1353 643 1429 loci,
673 1371 732 1417 uec
772 1352 870 1416 animi
896 1370 954 1416 no·
970 1352 996 1418 t
1012 1350 1077 1416 ium
1095 1353 1270 1433 factitatis
1297 1353 1362 1417 sibi
1389 1354 1554 1436 utriusque
1577 1353 1692 1434 tingue
1721 1350 1835 1414 babere

128 1452 196 1527 stri,
213 1451 253 1514 de
281 1452 427 1515 omnibus
453 1470 615 1518 sacrorum
641 1451 816 1517 Bibliorum
839 1451 952 1515 sectio·
1008 1449 1182 1533 uidebatur,
1207 1473 1304 1515 ausus
1331 1459 1378 1516 est
1403 1452 1614 1536 interpretari.
1643 1450 1694 1515 Ab
1720 1449 1760 1513 iis
1787 1450 1835 1512 in-

128 1550 222 1615 uibus
250 1568 287 1613 ac
314 1550 568 1615 distinctionibus
594 1551 781 1631 perlongum
808 1549 954 1612 institue·
1009 1552 1209 1631 terpretibus,
1225 1570 1362 1632 quorum
1384 1551 1544 1633 imperitia
1572 1568 1681 1614 carere
1705 1547 1834 1613 uolebat

128 1666 163 1712 re
193 1648 450 1729 disputationem.
479 1648 562 1712 Satis
589 1648 630 1711 sit
655 1667 770 1713 munus
797 1647 954 1713 editorum
1006 1650 1203 1729 Augustinus
1229 1650 1372 1714 subsidio
1400 1649 1642 1713 translationum
1680 1647 1835 1728 Hierony·

129 1745 316 1827 Hieronymi
354 1746 416 1810 hoc
456 1747 685 1826 Prolegomeuo
730 1747 883 1828 explesse,
923 1751 955 1810 ot
1008 1747 1200 1825 mianarnm,
1215 1749 1382 1824 habemus,
1402 1748 1435 1811 ui
1449 1747 1553 1826 lallcr,
1569 1751 1617 1811 tot
1631 1745 1834 1809 modosdisi-

128 1845 315 1909 munorum
346 1845 489 1909 codicum
518 1847 623 1909 uarias
650 1864 687 1908 ac
702 1845 892 1926 multiplices
906 1844 954 1908 di·
1007 1846 1132 1910 sionum
1146 1852 1180 1911 et
1205 1847 1468 1928 capitulationum
1493 1846 1527 1910 iu
1555 1845 1658 1911 Veteri
1687 1850 1719 1909 st
1746 1847 1835 1909 Novo

128 1943 275 2020 visiones,
304 1962 377 2006 cum
405 1943 552 2024 majores,
568 1949 636 2007 tum
664 1943 812 2017 minores,
828 1962 891 2006 nou
904 1942 953 2005 in·
1007 1949 1209 2010 'testamento
1239 1963 1247 2008 :
1291 1964 1393 2026 nequa
1420 1964 1494 2008 vero
1532 1943 1721 2025 persuadere
1756 1942 1836 2007 mibi

131 2042 253 2104 curiose
278 2041 461 2121 explicasse.
477 2046 592 2104 Actum
619 2043 705 2105 enim
733 2060 817 2106 nunc
844 2059 954 2123 agere·
1008 2061 1138 2124 possum
1166 2043 1208 2106 ab
1235 2043 1304 2107 aliis
1332 2042 1550 2123 scriptoribus,
1580 2061 1676 2122 quam
1704 2040 1837 2105 abillis

133 2158 215 2215 mus,
244 2141 271 2202 si
298 2140 383 2219 quod
411 2145 532 2221 spectat
554 2140 758 2205 Hebruorum
785 2147 841 2203 aut
867 2145 955 2202 Gra·
1008 2141 1163 2221 imperitis
1219 2141 1463 2206 translatoribus
1508 2140 1638 2217 Latinis,
1694 2138 1838 2203 derivata

133 2255 242 2302 corum
285 2238 549 2319 exemplariorum
591 2239 769 2316 divisiones,
816 2239 957 2319 capitula
1010 2239 1180 2303 iuiseettot
1206 2240 1316 2320 inepta
1342 2239 1503 2317 lemmata,
1533 2256 1604 2319 quea
1631 2237 1778 2317 leguntur
1804 2236 1838 2299 in

132 2341 164 2399 et
191 2354 300 2399 versus
336 2337 595 2415 pertractandum
637 2337 689 2401 bic
725 2338 916 2418 susciperem
946 2356 954 2402 ε
1011 2338 1171 2402 codicibus
1199 2356 1274 2401 mse.
1316 2336 1534 2401 vetustissimis
1581 2353 1742 2399 sacrorum
1783 2334 1837 2397 Bi·

132 2434 208 2514 quia
234 2434 267 2497 in
298 2433 358 2497 hoc
384 2434 489 2499 studio
517 2435 608 2498 nobis
636 2442 872 2501 antevertorunt
898 2436 957 2499 viri
1011 2436 1159 2501 blicrusu.
1176 2436 1328 2501 solebant
1355 2454 1494 2516 namque
1517 2434 1641 2515 subqui
1667 2433 1839 2513 scriptores

104 2551 197 2594 *nou
212 2532 307 2612 pauci
333 2533 509 2596 eruditione
528 2534 679 2598 celebres.
704 2536 749 2598 Dc
772 2535 957 2599 Latinorum
1010 2534 1045 2597 iu
1069 2534 1257 2614 interpretes
1283 2533 1373 2597 libris
1400 2533 1465 2595 suis
1505 2532 1642 2595 iudicem
1685 2531 1840 2612 capitulo·

22 2674 37 2696 -.
133 2649 209 2710 ergo
234 2629 410 2694 Bibliorum
452 2631 653 2706 sectionibus,
694 2638 791 2712 atque
819 2632 958 2713 antiquis
1012 2651 1083 2695 rum
1099 2633 1272 2712 praeiigere,
1302 2638 1339 2695 ut
1362 2632 1496 2696 lectores
1523 2630 1660 2711 quidliu
1688 2635 1838 2693 contextu

133 2728 387 2791 distinctionibus
419 2735 483 2793 tam
512 2729 734 2810 capitulorum,
764 2749 861 2811 quam
889 2749 959 2794 ver·
975 2725 998 2790 B
1013 2731 1166 2795 librorum
1209 2735 1410 2807 tractaretur,
1460 2747 1524 2793 uuo
1576 2729 1667 2808 quasi
1720 2727 1838 2790 intuitu

134 2827 318 2901 siculorum,
347 2826 573 2908 disputandum
602 2829 695 2892 nobis
721 2830 887 2905 incumbit,
922 2835 957 2891 ut
1011 2834 1228 2911 agnoscerent.
1258 2827 1404 2892 Pluribus
1431 2833 1537 2890 autem
1566 2825 1668 2890 modis
1695 2825 1728 2889 id
1753 2843 1836 2905 pra·

27 2934 30 2939 '
70 2935 73 2941 '
125 2926 215 2989 nibil
241 2932 388 2991 occurrat
410 2925 442 2987 in
472 2926 609 2991 editions
645 2928 759 2993 divina
787 2929 882 3008 bajus
911 2928 958 2991 ei·
1011 2933 1095 2991 stara
1137 2930 1367 2990 consueverant
1407 2930 1474 2988 tum
1517 2923 1733 2996 ecclesiastici,
1768 2928 1837 2987 tum

134 3023 313 3099 bliotheccc,
330 3025 413 3087 unda
428 3025 548 3088 tructus
574 3024 686 3090 uberes
713 3027 875 3107 percipere
894 3045 957 3090 non
1012 3025 1127 3089 exotici
1154 3025 1322 3104 scriptores
1352 3041 1360 3086 ε
1389 3042 1464 3087 nam
1492 3028 1548 3086 aut
1574 3022 1715 3085 omnium
1741 3019 1837 3084 simul

134 3121 233 3202 possit
246 3120 346 3184 lector
359 3122 529 3187 studiosus.
1011 3124 1165 3187 librorum
1194 3123 1335 3202 capitula
1359 3123 1391 3186 iu
1427 3125 1532 3186 lronte
1567 3118 1706 3185 universi
1734 3117 1841 3198 operis

142 3283 144 3287 .
176 3222 339 3298 integrum
361 3237 456 3299 porro
485 3221 631 3285 volumen
660 3222 700 3285 de
727 3223 885 3287 veteribus
907 3241 957 3286 sa·
1013 3220 1250 3303 preponebant,
1267 3220 1349 3283 sicut
1373 3239 1393 3282 a
1416 3219 1519 3285 Plinio
1548 3217 1693 3281 Secundo
1721 3216 1840 3280 iactum

136 3335 262 3382 crorum
291 3318 465 3382 Bibliorum
494 3320 605 3400 titulis,
631 3321 696 3386 sive
723 3323 881 3403 capitulis,
910 3341 960 3386 se·
1014 3327 1061 3384 ost
1092 3319 1125 3382 iu
1159 3318 1248 3381 libris
1276 3319 1423 3382 Historia
1439 3316 1608 3391 Naturalis,
1638 3320 1669 3377 et
1697 3314 1843 3377 similiter

136 3414 305 3491 odonibus,
336 3423 368 3479 ct
394 3417 623 3494 sticbometria,
666 3421 828 3484 conditam
866 3421 961 3484 tuisse
1015 3418 1054 3481 ab
1083 3416 1301 3480 ecclesiasticis
1329 3416 1415 3490 viris,
1445 3415 1500 3494 qui
1530 3413 1670 3494 capitula
1704 3417 1845 3491 quatuor

138 3512 178 3575 ab
192 3513 395 3576 eruditcios.
411 3516 453 3577 bl.
469 3517 560 3590 Oaro,
590 3518 775 3598 presbytero
799 3518 961 3598 theologo,
1015 3515 1258 3595 Evangeliorum
1304 3533 1369 3577 uua
1408 3513 1503 3577 simul
1551 3510 1756 3592 praefixerunt
1807 3509 1841 3571 in

138 3617 249 3674 notum
278 3618 325 3675 est
352 3613 524 3688 omnibus;
553 3620 586 3677 at
614 3633 686 3678 cum
716 3616 816 3679 multa
839 3617 963 3680 divisio·
1015 3612 1290 3688 ironteMattbaei,
1314 3612 1395 3674 sicut
1423 3611 1526 3691 positu
1548 3610 1697 3689 leguntur
1724 3609 1758 3670 in
1785 3625 1843 3669 vc-

32 3708 35 3717 '
140 3710 264 3775 numid
291 3729 391 3791 genus
419 3714 565 3793 exempla
589 3717 835 3795 praetermisedt,
860 3722 903 3792 ct,
929 3721 963 3779 ut
1016 3712 1190 3775 iustissimo
1216 3729 1274 3773 ms.
1304 3709 1591 3774 San-Germanenei
1619 3713 1729 3771 nostro
1752 3723 1841 3769 uum.

35 3804 63 3841 7
138 3808 206 3888 ipse
220 3808 347 3884 fatetur,
364 3816 501 3891 anguste
515 3813 739 3893 antiquitatem
764 3814 878 3879 harum
901 3815 963 3876 dis-
1018 3813 1056 3874 15
1086 3829 1094 3886 ;
1124 3816 1179 3873 aut
1207 3809 1339 3889 singulis
1367 3807 1455 3871 libris
1484 3806 1593 3870 titulos
1630 3803 1845 3884 capitulorum

139 3906 326 3970 tinctiouum
355 3915 539 3986 prosecutus
568 3911 634 3986 sit;
678 3931 742 3974 non
771 3931 873 3991 pauca
887 3932 963 3993 sup·
1018 3907 1181 3989 preeligere
1195 3905 1394 3986 satagebant,
1411 3910 1447 3966 ut
1469 3904 1502 3965 in
1526 3901 1663 3966 Historia
1690 3899 1846 3963 Ecclesia·

140 4005 226 4085 plcre
242 4006 434 4084 curabimus,
450 4027 521 4088 qum
546 4009 616 4089 ejus
641 4009 838 4088 diligentiam
866 4011 963 4090 iugis-
1018 4008 1097 4069 stica
1124 4006 1197 4068 iecit
1225 4003 1379 4067 Eusebius
1407 4001 1615 4074 cesariensis,
1659 3999 1715 4079 qui
1756 3997 1847 4060 libris

139 4121 173 4165 se
200 4103 357 4184 perspexi.
388 4105 467 4167 lllnd
496 4113 602 4169 sutem
629 4108 768 4188 primum
804 4091 1002 4173 observarit}
1020 4103 1228 4168 Historiarum
1248 4120 1377 4164 suarum
1401 4101 1520 4164 indices
1547 4117 1601 4161 seu
1636 4097 1746 4161 titulos
1761 4115 1846 4176 pras·

140 4200 248 4276 velim,
275 4201 359 4263 idem
389 4200 611 4267 affirmandum
641 4224 707 4269 esee
747 4207 787 4270 ds
827 4207 966 4288 antiquis
1020 4201 1151 4275 notavit,
1182 4200 1262 4263 sicut
1304 4198 1398 4261 hodie
1444 4197 1593 4276 leguntur
1629 4197 1660 4257 in
1704 4194 1847 4274 ejusdem

143 4316 304 4361 sacrorum
332 4300 505 4365 Bibliorum
531 4304 677 4382 capitulis
704 4310 736 4367 et
762 4305 964 4382 sectionibus,
1019 4299 1179 4381 operibus.
1194 4303 1257 4361 Aut
1271 4304 1355 4362 corta
1379 4315 1418 4360 ex
1446 4295 1545 4358 latere
1572 4295 1605 4356 iu
1632 4292 1751 4373 pagina
1779 4292 1849 4354 bre·

143 4397 229 4476 quod
258 4395 298 4458 de
326 4398 586 4462 translationibus
628 4402 745 4466 Latinis
786 4404 966 4485 Scriptura·
1019 4397 1099 4460 viter
1125 4396 1332 4470 adnotabant,
1362 4412 1457 4474 quem
1494 4392 1682 4455 intrinsecus
1719 4406 1846 4452 sensum

142 4511 213 4556 rom
242 4494 419 4557 docuerunt
445 4498 655 4578 Hieronymus
683 4505 715 4563 et
737 4502 963 4582 Augustinus:
1019 4495 1145 4575 singula
1168 4492 1309 4574 capitula
1335 4491 1554 4562 conuncrcnt;
1583 4489 1668 4569 quod
1695 4487 1849 4564 Hierony·

142 4608 257 4671 nempe
271 4595 319 4652 tot
333 4609 400 4653 cese
414 4611 531 4671 genera
554 4594 738 4675 hujusmodi
763 4599 963 4674 divisionum,
1020 4613 1091 4656 mus
1118 4592 1192 4655 iecit
1218 4592 1250 4653 in
1279 4589 1485 4652 translatione
1527 4586 1668 4667 epistole
1706 4586 1738 4646 S.
1777 4584 1851 4663 Epi·

142 4707 199 4751 seu
239 4688 511 4770 capitulationum,
550 4700 629 4772 quot
676 4701 749 4757 sunt
790 4696 914 4760 codices
957 4713 965 4759 ε
1020 4691 1131 4772 phanii
1158 4690 1197 4753 ad
1228 4692 1384 4752 Jounnem
1407 4687 1590 4766 episcopum
1620 4681 1851 4760 Hierosolymi-

144 4788 411 4867 quemadmodum
455 4795 502 4851 tot
538 4796 631 4854 erant
671 4793 966 4873 interpretationum
1021 4797 1144 4863 tanum,
1160 4787 1321 4865 utiliquct
1343 4805 1382 4847 ex
1411 4783 1545 4864 epistola
1571 4781 1713 4862 ejusdam
1737 4779 1851 4843 Hiero·

145 4885 339 4965 exemplaria
363 4887 475 4949 Latina
499 4889 623 4953 diversa
644 4895 785 4971 tempore
813 4892 968 4974 Hierony·
1022 4886 1165 4968 nymiad
1193 4883 1445 4962 pammachium,
1475 4881 1626 4960 inscripta
1653 4881 1698 4940 De
1726 4875 1852 4956 optimc

44 4978 51 4991 '
145 4984 188 5045 mi
216 4989 248 5045 et
285 4986 464 5064 Augustini,
496 4994 574 5067 quot
614 4988 815 5052 habebantur
846 4991 969 5053 codices
1023 5003 1138 5066 genere
1174 4980 1414 5062 interpretandi.
1456 4981 1503 5041 lix
1544 4977 1606 5039 hoc
1646 4975 1852 5053 antiquorum

144 5082 249 5144 seori:
270 5081 338 5159 Qui
356 5084 449 5159 enim,
477 5085 581 5165 inquit
610 5087 641 5148 S.
684 5093 764 5167 Aug.
794 5088 850 5150 lib.
880 5107 902 5150 ιι
931 5088 970 5151 da
1023 5104 1081 5145 usu
1111 5083 1143 5144 in
1169 5079 1370 5162 praefigendis
1398 5076 1545 5156 capitulis
1573 5074 1613 5135 ad
1651 5073 1786 5133 irontem
1819 5070 1853 5131 li-

145 5180 295 5242 D⁰⁰ffl¹¹⁸
322 5179 510 5257 Chiitfitffla,
541 5201 611 5264 cup.
636 5188 686 5261 lb,
724 5185 907 5269 Scripturas
934 5206 971 5247 ex
1023 5181 1165 5255 brorum,
1198 5178 1298 5240 salicis
1326 5181 1374 5237 est
1407 5174 1601 5254 conjectura,
1640 5183 1853 5250 unumquem-

145 5276 404 5356 Hebreealinguo
432 5280 466 5339 in
498 5279 643 5342 Grecum
671 5289 838 5364 uerterunt,
869 5305 970 5345 nieme·
1025 5298 1087 5361 que
1104 5279 1248 5339 Latinum
1277 5277 1482 5353 interpretem
1511 5270 1633 5336 Veteris
1657 5273 1855 5330 Instrumen-

147 5377 218 5437 rari
224 5383 386 5459 possunt:
411 5378 521 5438 Latini
548 5385 649 5440 aretem
673 5382 854 5464 interpretes
883 5383 972 5446 nullo
1027 5379 1061 5454 ti,
1077 5376 1178 5438 Libris
1194 5374 1290 5435 sacris
1305 5371 1423 5432 indices
1446 5389 1500 5432 eeu
1530 5367 1639 5430 titulos
1666 5383 1740 5426 suos
1768 5380 1852 5442 prae·

148 5473 249 5534 inodo.
270 5473 312 5535 Ut
326 5474 406 5535 enim
423 5477 658 5558 cuiqueprimis
673 5481 763 5558 fidei
783 5481 971 5564 temporibus
988 5467 1177 5559 Dposnisse,
1208 5479 1244 5536 ut
1271 5473 1404 5533 lectores
1431 5468 1678 5530 admonerentur
1713 5460 1789 5542 quid
1819 5461 1853 5521 iu

148 5571 181 5629 in
197 5590 307 5633 marcus
335 5574 418 5634 venit
437 5574 532 5634 codex
564 5574 706 5655 Gracus,
732 5587 761 5640 et
786 5581 971 5662 aliquantu·
1025 5577 1106 5638 libro
1134 5571 1271 5647 Genesis,
1313 5570 1368 5650 qui
1394 5567 1427 5629 in
1463 5565 1586 5640 Exodo,
1610 5561 1688 5643 quid
1723 5558 1759 5622 iu
1791 5561 1853 5621 Le·
