3878 6150
619 296 981 355 ursaasuamcmu.
1601 308 1660 373 ,3⁸

90 436 147 507 aet
160 434 288 511 sculpsit
299 434 331 491 in
345 431 389 491 sis
403 430 549 505 picturam
564 421 729 491 aberubim,
742 422 771 476 et
785 421 811 489 Α
827 435 918 493 usque
943 424 978 480 ad
1003 426 1204 485 summitatem
1228 431 1385 505 parietum,
1406 441 1437 494 et
1459 441 1643 502 extrinsecus

90 540 115 583 m
137 526 241 599 species
271 524 314 597 (b.
338 538 397 579 non
422 517 532 589 babet),
556 519 585 571 et
608 509 774 584 anaglypha
829 510 1098 587 (maintrinsecus)
1118 520 1266 591 usquead
1290 523 1396 581 atrium
1415 529 1521 600 majus.
1538 531 1655 590 Funda-

93 618 196 675 oturas
216 614 325 686 varias)
349 609 510 682 valde(ma.
527 602 633 675 valida)
663 599 774 673 promi·
830 604 928 656 menta
951 607 1061 672 autem,
1089 605 1125 661 de
1157 606 1305 680 lapidibus
1332 616 1480 686 pretiosis,
1502 618 1653 691 lapidibus

90 705 244 763 traxiles
266 718 350 772 auro,
370 704 399 757 et
416 695 532 771 aperuit
546 698 606 750 tam
623 688 775 748 cherubim
831 690 947 762 magnis
973 692 1074 750 decem
1095 696 1156 753 sive
1181 702 1246 754 octo
1270 703 1447 761 cubitorum.
1476 708 1512 764 ut
1527 709 1655 783 desuper

90 794 218 866 ummo
231 798 329 852 actm
344 791 385 862 (b.
401 805 461 847 non
477 785 574 858 babet)
590 799 671 839 sura.
683 779 776 837 Fecit·
828 777 942 850 lapides
953 782 1072 852 pretiosi
1083 785 1356 858 aqualismonsura
1368 794 1439 851 secti
1449 799 1653 869 erant‚simili·

90 884 197 943 atroitu
216 882 318 957 templi
343 885 440 955 pastea
461 878 497 934 de
520 873 609 949 lignis
633 871 776 928 olivarum
832 874 935 942 terque
951 872 985 928 de
1000 874 1086 929 cedro
1114 876 1155 947 (b.
1180 882 1208 934 ct
1230 881 1332 954 cedri).
1360 884 1395 940 Et
1419 887 1530 944 atrium
1557 892 1655 963 majus

90 972 222 1048 galatas,
248 976 279 1029 et
301 973 359 1029 duo
380 968 456 1027 ostia
470 967 506 1023 de
529 964 618 1036 lignis
643 959 777 1032 abiegnis
833 960 1006 1031 rotundum,
1022 964 1112 1022 trium
1129 968 1266 1025 ordinum
1288 973 1324 1028 de
1340 971 1488 1046 lapidibus
1511 980 1609 1050 sectis,
1626 984 1656 1037 st

90 1078 147 1133 tua,
161 1067 191 1120 et
204 1068 364 1135 utrumque
377 1058 486 1116 ostium
501 1052 608 1126 duplex
624 1053 735 1118 erut,ct
749 1062 779 1104 se
833 1049 923 1107 unius
947 1052 1059 1111 ordinis
1084 1055 1120 1112 de
1144 1056 1241 1115 dolato
1267 1060 1328 1132 (ms.
1355 1063 1463 1139 dolatu)
1478 1069 1564 1125 cedro
1581 1086 1588 1125 :
1604 1085 1656 1128 uec

95 1156 202 1209 moene
216 1150 402 1226 aperiebatur
415 1147 474 1202 tut
489 1141 614 1216 sculpsit
623 1136 778 1198 cherubim
834 1155 892 1196 uon
908 1140 938 1195 in
955 1141 1027 1199 atrio
1043 1145 1149 1201 domus
1164 1145 1278 1204 Domini
1298 1150 1442 1221 interiori,
1459 1156 1528 1212 etin
1544 1157 1659 1229 porticu

90 1245 159 1313 ιι,οῑ
172 1238 375 1311 caelaturasib.
391 1241 420 1294 et
435 1235 565 1309 picturas
581 1225 780 1301 variasivalde
835 1229 952 1287 domus.
969 1230 1050 1289 llieit
1064 1250 1181 1307 quaque
1196 1253 1246 1294 rer
1262 1238 1413 1314 Salomon,
1424 1248 1453 1301 ot
1474 1245 1543 1302 tulit
1555 1247 1657 1306 Hiram

90 1321 781 1406 aazoperuitqueomnlalaminisaureisopere
836 1319 872 1374 de
887 1320 974 1392 Tyro,
990 1321 1082 1380 illium
1098 1325 1232 1383 mulieris
1247 1329 1339 1386 vidue
1355 1333 1390 1387 ds
1406 1334 1483 1391 tribu
1512 1336 1661 1409 Nepblall,

90 1421 122 1479 ad
136 1420 267 1490 regulam
284 1419 326 1492 (b.
343 1417 514 1491 operuitque
536 1429 607 1469 auro
630 1408 782 1481 aequaliter
836 1412 919 1479 patre
933 1410 1030 1483 Tyrio,
1047 1412 1188 1470 artillccm
1205 1419 1351 1492 aerarium,
1368 1426 1396 1477 et
1411 1421 1531 1495 plenum
1547 1425 1661 1497 sapien·

90 1509 265 1585 sulpturae).
291 1509 326 1565 Idt
348 1506 502 1565 aedificavit
526 1501 634 1561 atrium
657 1498 782 1556 interius
837 1497 880 1553 tia
893 1502 920 1554 et
936 1499 1139 1572 intelligentia,
1154 1509 1182 1559 et
1197 1506 1331 1565 doctrina
1341 1510 1376 1566 ad
1393 1513 1556 1570 iaciendum
1573 1532 1661 1573 omno

90 1600 227 1658 rdinibus
242 1598 374 1673 lapidum
389 1594 592 1670 politorum,et
607 1607 666 1647 uuo
682 1589 783 1644 ordine
838 1603 912 1658 opus
928 1604 962 1644 er
977 1606 1043 1647 ore.
1055 1593 1109 1656 Qui
1127 1609 1194 1648 cum
1210 1596 1338 1653 venisset
1354 1600 1389 1654 ad
1405 1617 1502 1674 regem
1527 1603 1662 1662 Salomo-

90 1706 110 1747 n
124 1690 216 1747 cedri.
241 1689 285 1761 (T.
303 1687 405 1758 xvll.)
428 1687 509 1742 tuno
534 1685 636 1754 quarto
661 1678 784 1735 lundata
838 1692 917 1748 nem,
928 1678 996 1734 lecit
1010 1694 1097 1735 omne
1112 1697 1186 1753 opus
1197 1684 1308 1753 ejusdlt
1323 1686 1406 1744 tinxit
1420 1689 1494 1746 duas
1509 1692 1664 1751 columnae

93 1795 127 1837 aa
143 1778 260 1837 Domini
274 1778 305 1834 in
321 1792 422 1834 mense
436 1775 495 1840 Zia,
511 1781 537 1828 ot
553 1772 582 1826 in
599 1785 675 1825 anuo
691 1768 783 1824 unde·
800 1799 824 1864 B
839 1768 1044 1834 areas,decem
1061 1773 1089 1825 et
1104 1775 1169 1826 octa
1185 1773 1351 1832 cubitorum
1366 1775 1663 1838 altitudinisaolum·

90 1884 155 1926 ensa
170 1866 223 1924 Bul
240 1869 313 1940 (ipae
328 1869 373 1923 est
388 1863 500 1921 mensis
515 1858 786 1933 octavustperieata
841 1871 908 1911 uam
928 1864 1060 1923 uosmet
1073 1856 1152 1914 linas
1167 1860 1320 1919 duodecim
1331 1864 1495 1923 cubitorum
1512 1868 1665 1927 ambiebat

90 1974 122 2016 us
133 1957 253 2015 inomni
268 1972 355 2030 opere
366 1957 462 2025 suo,et
476 1952 506 2009 in
518 1950 663 2008 universis
674 1947 784 2004 utensi·
839 1944 1009 2002 columnam
1022 1950 1188 2020 utramque.
1207 1951 1266 2007 [luo
1282 1970 1397 2027 quoquo
1420 1956 1556 2027 capitella
1581 1958 1662 2026 iecit,

90 2048 119 2108 ia
133 2050 195 2123 (ma.
211 2056 281 2105 tacet
302 2047 376 2118 suia)
390 2041 604 2114 aedificavitque
618 2055 682 2097 eam
699 2036 786 2095 annis
841 2049 904 2105 qua!
919 2042 1097 2106 ponerentur
1111 2054 1198 2110 super
1212 2040 1307 2112 capita
1331 2042 1545 2115 columnarum,
1562 2047 1664 2107 lusilia

840 2138 874 2179 ex
889 2138 945 2179 cre
960 2124 1129 2198 ¹:quinquo
1140 2127 1306 2186 cubitorum
1316 2131 1481 2190 altitudinis
1493 2135 1665 2210 capitolium

98 2227 317 2301 malcomum
335 2229 431 2283 autem
454 2239 538 2280 suam
565 2218 719 2277 aedificavit
734 2218 786 2274 Sa·
842 2216 976 2280 unum,et
990 2212 1121 2287 quinque
1136 2218 1302 2276 cubitorum
1314 2221 1478 2281 altitudinis
1494 2225 1665 2298 capitellum

90 2316 231 2375 tredecim
257 2315 355 2386 aunis,
379 2318 408 2370 et
435 2312 470 2369 ad
506 2311 668 2384 perlectum
694 2322 788 2379 usque
841 2301 967 2357 alterum
985 2306 1034 2359 :et
1049 2304 1134 2376 quasi
1149 2305 1179 2361 in
1204 2310 1326 2365 modum
1350 2311 1418 2368 retis
1440 2318 1469 2370 et
1493 2327 1666 2373 catenarum

91 2410 113 2463 t.
126 2404 292 2463 AEdillcavit
307 2419 425 2477 quoque
439 2402 561 2459 domum
576 2397 670 2456 saltus
685 2395 787 2454 Libani
843 2390 897 2447 sivi
913 2390 1038 2448 invicem
1055 2393 1129 2450 miro
1143 2396 1236 2468 [opere
1250 2398 1261 2432 ³
1274 2405 1485 2461 contextarum.
1503 2409 1667 2479 Utrumque

100 2494 269 2553 cubitorum
291 2491 494 2567 longitudinis,
519 2494 548 2546 et
571 2487 789 2562 quinquaginta
843 2479 1014 2552 capitellum
1030 2480 1235 2541 columnarum
1259 2488 1346 2545 fusile
1362 2496 1425 2547 crat
1441 2508 1447 2546 :
1465 2499 1586 2566 septena
1600 2512 1667 2551 ver·

90 2600 135 2641 sm
149 2582 359 2653 latitudinie,et
372 2580 496 2654 triginta
509 2576 789 2646 cubitorumaltitu·
844 2586 932 2626 suum
944 2570 1122 2629 retinculain
1138 2574 1273 2647 capitello
1283 2584 1513 2654 uno,etsopteua
1526 2583 1667 2641 retiacula

90 2675 240 2746 tquatuor
253 2669 461 2727 deambulacra
476 2670 554 2724 luter
568 2666 722 2723 columnae
743 2679 789 2720 ce·
843 2659 874 2715 in
891 2658 1026 2732 capitella
1041 2660 1142 2719 altera.
1165 2665 1199 2720 Et
1224 2667 1343 2737 perlecil
1369 2669 1534 2743 columnas,
1549 2677 1578 2729 et
1593 2673 1669 2730 duos

104 2760 185 2835 ligna
195 2755 624 2833 quippecedrinaexoideratin
636 2754 790 2812 columnas
845 2749 963 2805 ordines
978 2764 1029 2822 per
1043 2749 1199 2809 circuitum
1216 2755 1423 2814 retiaculorum
1435 2760 1670 2833 singulorum,ut

90 2865 118 2906 er
131 2852 259 2921 quatuor
276 2846 480 2904 columnarum
505 2843 628 2915 ordines,
651 2841 791 2916 lignaque
845 2841 977 2910 tegerent
991 2838 1136 2911 capitella,
1152 2858 1217 2914 quae
1232 2848 1316 2900 erant
1339 2863 1429 2919 super
1452 2849 1667 2909 summitatem.

102 2953 192 3011 super
207 2937 382 3009 columnas).
400 2936 432 2992 ur
447 2933 589 2992 tabulatis
600 2931 728 2990 cedrinis
743 2946 790 2988 ve·
846 2926 1114 2998 malogranatorum
1131 2946 1138 2985 :
1155 2932 1257 2988 codem
1278 2935 1364 2991 modo
1388 2935 1456 2992 iecit
1479 2942 1508 2993 at
1530 2937 1667 3011 capitello

90 3030 157 3085 rum
179 3042 337 3094 cameram,
358 3041 422 3097 qua
442 3022 639 3097 quadraginta
661 3021 792 3094 quinque
846 3015 986 3073 secunda.
1001 3017 1141 3089 capitella
1155 3024 1252 3077 autam
1277 3038 1341 3095 quae
1366 3029 1448 3081 erant
1471 3043 1558 3099 super
1571 3026 1669 3099 capita

90 3114 117 3174 is
140 3115 363 3173 sustentabatur
385 3115 447 3186 (ms.
464 3112 690 3183 sustinebatur).
717 3112 791 3168 Unus
848 3103 1064 3171 columnarum,
1083 3108 1165 3178 quasi
1190 3125 1277 3182 opere
1303 3110 1356 3168 lilii
1381 3113 1523 3172 fabricata
1537 3119 1621 3173 eraut
1635 3116 1667 3172 in

90 3221 114 3261 ι.
127 3220 186 3263 uon
202 3204 301 3277 habet)
311 3205 382 3261 ordo
398 3203 524 3259 babebat
536 3203 688 3258 columnas
704 3200 790 3271 quin·
805 3174 827 3238 fl
846 3193 959 3267 porticu
974 3198 1099 3269 quatuor
1114 3198 1330 3257 cubitorumbt
1340 3205 1521 3261 rursamalia
1532 3205 1669 3280 capitella

90 3298 226 3351 mutrase
241 3291 362 3348 invicem
387 3291 508 3365 positas,
534 3295 563 3347 et
587 3307 603 3347 e
629 3289 747 3361 regione
762 3301 794 3345 se
847 3283 1667 3365 iusummitatecolumnarumdesuperjuxtamsnsuram

90 3381 283 3456 ‚ntaefflqnali
299 3381 393 3455 spatio
409 3381 485 3437 inter
499 3378 695 3447 columnaa,et
706 3392 795 3450 super
849 3372 991 3430 columna
1006 3378 1108 3431 contra
1118 3377 1258 3435 retiacula
1272 3378 1556 3451 :malogranatorum
1570 3391 1669 3442 autem

94 3488 127 3530 as
141 3470 374 3545 quadrangulata
389 3470 470 3542 ligna
484 3469 514 3525 in
529 3468 644 3526 cunctis
660 3466 793 3540 aqualia.
850 3462 967 3519 ducenti
983 3465 1101 3524 ordinas
1116 3467 1238 3524 erantiu
1250 3468 1373 3526 circuitu
1389 3471 1518 3545 capitelli
1535 3473 1668 3530 secundi.

90 3562 166 3618 icum
177 3560 382 3618 columnarum
395 3559 462 3616 iecit
480 3557 697 3632 quinquaginta
716 3556 797 3613 cubi·
851 3552 884 3607 ut
896 3554 1396 3630 statuitduascolumnasinporticu
1408 3561 1528 3630 templi:
1543 3578 1671 3636 cumque

90 3649 293 3724 longitudinis,
309 3653 337 3706 ot
352 3648 470 3722 triginta
485 3648 650 3705 cubitorum
666 3646 796 3702 latitudi·
850 3641 1002 3700 statuisset
1011 3643 1180 3702 columnam
1191 3647 1467 3717 dexteram,vocuvit
1477 3667 1541 3708 eam
1553 3653 1671 3710 nomine

90 3738 213 3798 alteram
230 3738 372 3812 particum
387 3737 417 3793 in
434 3738 506 3794 lacis
518 3736 638 3810 majoris
654 3736 796 3808 porticus,
849 3730 954 3787 lachin
970 3749 978 3788 ι
994 3733 1132 3790 similiter
1144 3736 1236 3791 erexit
1251 3738 1418 3795 columnam
1434 3742 1594 3798 secundam
1605 3744 1627 3812 ⁴,
1643 3745 1672 3799 et

90 3833 213 3897 muas,et
227 3827 363 3901 epistylia
378 3843 468 3899 super
482 3825 797 3883 columnasporticum
850 3821 964 3877 vocarit
977 3837 1083 3878 nomen
1099 3824 1164 3895 ejus
1178 3824 1299 3881 Bnoz.Et
1314 3843 1402 3899 super
1412 3829 1508 3901 capita
1518 3829 1673 3888 columna·

103 3917 181 3986 solii,
196 3918 227 3973 in
243 3934 301 3990 qua
316 3915 446 3973 tribunal
461 3919 506 3972 est
521 3914 596 3988 (hin
614 3931 672 3987 qua
686 3914 797 3985 judica·
852 3925 916 3965 rum
932 3911 1045 3983 opusiu
1062 3912 1244 3968 modumlilii
1255 3915 1356 3985 posuit
1372 3934 1379 3973 :
1395 3918 1673 3992 perlectumqucest

90 4008 118 4064 rit
132 4012 161 4064 st
175 4006 248 4063 texit
258 4005 347 4080 lignis
359 4004 513 4062 cedrinisa
528 4004 696 4077 pavimento
706 4019 797 4074 usque
851 4014 926 4071 opus
941 3996 1239 4058 columnarum.Feoit
1250 4019 1366 4076 quoque
1378 4021 1459 4062 mare
1474 4006 1559 4064 tasilo
1573 4008 1673 4065 decem

90 4094 240 4153 mitatem.
256 4094 290 4150 Et
304 4091 484 4150 domuncula
498 4092 541 4165 (b.
556 4090 726 4163 damus),in
738 4107 797 4163 qua
852 4087 1042 4145 cubitorums
1058 4088 1274 4161 labiousquead
1285 4091 1569 4164 labium,rotundum
1581 4097 1610 4153 in
1621 4097 1675 4154 cir·

90 4202 125 4242 ur
150 4186 213 4257 (ms.
236 4184 367 4255 sedetur)
396 4182 432 4238 cd
451 4180 637 4254 judicandum
670 4180 711 4252 (h.
738 4196 796 4237 uon
852 4176 1674 4256 cuitu:quinquecubilorumaltitudoejue,stresticula

101 4278 164 4331 orat
178 4272 311 4329 inmedis
321 4271 434 4345 porticu
451 4270 492 4343 (b.
508 4270 610 4327 eratin
626 4270 700 4326 atrio
716 4268 797 4338 alio),
852 4265 973 4338 triginta
986 4264 1154 4323 cubitorum
1169 4269 1304 4342 cingebat
1319 4270 1390 4327 iilud
1407 4289 1459 4343 per
1470 4274 1676 4333 circuitumdt

90 4377 177 4437 apere.
195 4354 320 4419 Domum
337 4377 455 4433 quoque
470 4360 538 4416 lecit
553 4358 619 4414 filia
638 4357 798 4415 Pharaonis
851 4354 1675 4434 sculpturasubterius.sculpturasuper)labiumcircum·

90 4464 211 4509 morem
226 4452 350 4507 duxerat
363 4446 511 4520 Salomon)
525 4447 578 4504 tuli
602 4463 699 4520 opere,
716 4445 797 4519 quali
853 4443 996 4500 ibatillud
1009 4444 1107 4501 decem
1118 4445 1225 4505 cubitis
1236 4448 1369 4506 ambiens
1384 4452 1545 4509 mare:duo
1556 4452 1675 4511 ordines

90 4556 97 4597 a
118 4539 278 4615 particum.
303 4537 388 4594 Omia
411 4535 561 4609 lapidibus
585 4535 735 4609 pretiosis,
750 4534 800 4607 qui
816 4541 838 4606 [J
854 4531 1073 4606 sculpturarum
1096 4534 1288 4593 striatarum⁸
1302 4544 1386 4595 erant
1402 4540 1515 4597 fusiles.
1532 4542 1567 4597 ut
1578 4542 1677 4599 stabat

90 4644 163 4687 mam
174 4627 334 4703 quamdam
345 4634 430 4698 atque
441 4642 610 4682 mensuram
623 4630 683 4681 tam
694 4624 799 4682 intrin·
852 4637 940 4694 super
951 4623 1106 4680 duodecim
1117 4624 1240 4696 boves‚e
1255 4628 1364 4699 quibus
1377 4632 1435 4685 tras
1444 4630 1627 4702 aspiciebant
1637 4631 1675 4688 ad

93 4733 161 4776 uam
170 4717 353 4774 extrinsecus
367 4714 456 4771 serati
468 4717 596 4771 mantra
607 4713 799 4771 fundamento
854 4710 1032 4784 aquilonem,
1048 4718 1076 4770 et
1092 4718 1152 4770 tres
1164 4714 1201 4771 ad
1217 4717 1447 4788 accidentem,st
1461 4723 1520 4777 tres
1535 4721 1572 4777 ad
1588 4721 1677 4778 meri·

90 4840 172 4899 trium
187 4856 310 4898 numero
326 4839 414 4896 babet
431 4839 589 4897 veronens.
606 4855 662 4895 ms.
678 4841 801 4896 tenantur
855 4854 936 4895 uum.
952 4837 996 4908 13,
1007 4838 1084 4909 quad
1101 4839 1138 4896 ob
1149 4839 1249 4897 oculos
1263 4840 1379 4898 lectoris
1391 4860 1502 4926 ponera
1516 4844 1676 4903 voluimus.

90 4916 184 4981 catur,
201 4912 312 4970 scilicet
324 4917 423 4983 postea.
855 4915 889 4967 ut
903 4907 1086 4991 exploratum
1101 4911 1218 4982 habeat,
1233 4912 1327 4970 multa
1347 4914 1550 4988 hujuscemodi
1564 4917 1677 4973 sobolis

90 4986 146 5055 pus
169 4985 260 5041 codex
294 5000 349 5039 ms.
374 4987 403 5039 ct
426 4983 524 5039 Canon
559 4980 631 5037 ch.
657 4980 801 5048 veritatis,
856 4979 1031 5052 marginalia
1046 4983 1075 5037 in
1092 4987 1260 5040 contextum
1280 5001 1396 5042 sacrum
1419 4987 1511 5044 tuisse
1534 4988 1678 5044 translata

90 5055 497 5115 naiman-uernacum
513 5052 802 5110 Martisnoeicanune
857 5052 1043 5109 librariorum
1057 5059 1109 5110 aut
1123 5057 1347 5114 emendatorum
1372 5057 1564 5133 incogitantia
1582 5066 1611 5116 st
1630 5075 1677 5115 er·
1723 5080 1727 5086 ·

90 5129 497 5273 {ardgssgstsvagzrtfflem
519 5211 570 5266 pra
593 5210 682 5277 opere,
699 5195 729 5251 iu
745 5196 803 5253 He·
858 5125 1086 5278 roffldlgimffrms.
1111 5197 1307 5281 historiarum,
1322 5200 1401 5284 quod
1423 5201 1547 5284 perinde
1575 5204 1621 5283 est
1645 5214 1678 5280 aa

90 5271 152 5329 nim
162 5275 279 5328 tantum
289 5276 334 5329 est
346 5281 441 5337 nuum
451 5285 550 5341 opere:
587 5282 623 5321 uo
635 5271 704 5323 rtem
716 5268 803 5325 verbo
858 5276 994 5324 striarum
1010 5285 1017 5325 :
1033 5268 1165 5325 solemne
1178 5275 1310 5327 estenrm
1326 5288 1355 5327 ru
1369 5274 1501 5346 antiquis
1515 5271 1600 5328 libris
1610 5270 1680 5326 addi

90 5344 157 5402 ima
171 5359 243 5401 usus
259 5346 315 5470 ml
328 5342 379 5399 ubi
396 5341 518 5398 tatinus
533 5284 622 5396 babet
635 5340 666 5394 ia
680 5339 802 5397 madum:
860 5340 889 5396 aa·
905 5343 956 5396 aut
969 5357 986 5412 y
1000 5341 1401 5416 verbis,quiabat.incipiunt
1416 5361 1423 5399 ε
1439 5361 1472 5401 ac
1485 5342 1681 5399 lalliturLuca

90 5413 197 5474 anihil
212 5414 261 5472 hio
276 5432 304 5471 m
318 5430 384 5471 rum
397 5412 454 5471 dici
470 5413 501 5468 in
516 5412 613 5468 Hebro
628 5414 719 5466 textu.
859 5411 1018 5484 brugensis
1035 5412 1085 5486 qui
1100 5414 1259 5470 bestiolam
1272 5420 1357 5487 putat
1379 5432 1442 5472 csse
1456 5416 1549 5472 striati
1562 5412 1681 5486 opposi-

90 5489 228 5549 twa'team
248 5488 362 5544 nomine
382 5485 481 5544 laabin
508 5483 537 5539 id
556 5493 605 5550 est,
624 5482 746 5555 firmitas
749 5522 803 5539 .....
859 5482 1043 5540 tumNotum
1058 5500 1146 5558 porro
1159 5484 1259 5543 atrium
1270 5502 1334 5544 ease
1349 5491 1462 5560 partem
1472 5486 1678 5543 columnarum

90 5560 282 5620 ritamaeac
350 5560 434 5626 Boos,
455 5528 492 5612 td
508 5558 558 5626 art,
582 5555 616 5612 in
636 5554 743 5613 robora.
760 5554 806 5612 lta
860 5554 1032 5614 eminulam.

94 5630 265 5695 mustum
304 5623 805 5701 ms.duooodlces,iisglusetcorb.
