3870 6120
111 298 150 358 sn
319 291 321 295 ’
789 286 1098 352 ononooounus.
1754 306 1794 368 ³⁸

112 423 270 489 estieiureo
298 419 407 482 Latine
435 438 635 496 conversum,
664 422 710 484 ito
738 423 778 484 nd
805 421 909 502 ipsum
924 421 951 488 A
965 418 1211 501 explanationem
1219 425 1368 508 priorum
1382 427 1467 489 edita
1496 437 1596 494 sunt:
1626 440 1661 495 ut
1689 436 1793 500 sicubi

114 520 299 602 sophronium
328 517 469 580 scribens
498 537 506 579 :
549 519 636 599 Quia
676 519 781 601 igitur
814 527 911 600 nrqber
965 516 1102 579 illanon
1118 520 1357 604 intelligantur,
1373 528 1542 588 eanostris
1571 532 1791 602 manifestiora
1872 546 1876 551 '

116 642 165 681 eon
176 617 302 680 Hebreo
316 617 495 698 disputans,
525 618 665 700 quadam
683 627 747 701 pro
772 618 910 679 Domino
956 614 1059 691 fiant.
1091 617 1259 698 Rescripsit
1286 621 1320 682 S.
1348 624 1543 701 Augustinus
1572 628 1610 687 ad
1641 631 1793 713 Hierony.

115 719 143 778 de
159 717 292 778 Psalmis
320 715 499 776 testimonia
522 715 703 798 protulisti,
748 715 911 796 valensque
966 731 1064 787 mum,
1082 733 1211 794 prorsus
1237 718 1282 779 itu
1308 737 1376 782 osse
1404 739 1589 800 persuasus:
1617 725 1667 786 De
1689 728 1791 789 inter-

111 815 199 877 silete
225 813 373 888 illudere,
381 821 443 895 per
478 834 635 874 sermones
654 813 909 895 penesingulos,
960 812 1136 891 pretatione
1148 818 1213 893 tna,
1243 816 1358 895 inquit,
1379 818 1450 897 jam
1480 818 1560 880 mihi
1579 827 1788 905 persuasisti,

104 917 241 978 asserebat
267 935 329 976 non
357 916 402 975 ito
431 914 541 976 haberi
568 916 601 976 in
630 914 779 996 Hebraeo,
815 922 849 976 ut
877 921 911 976 tu
965 927 1026 988 qua
1055 909 1193 970 utilitate
1218 912 1401 996 Scripturas
1442 914 1578 977 volneris
1616 925 1791 1000 transferre

99 1017 132 1077 de
175 1013 384 1096 Septuaginta
428 1012 656 1096 Interpretibus
706 1013 908 1096 opponebas:
964 1004 1003 1064 do
1043 1005 1187 1079 Hebraeo,
1219 1015 1254 1069 ut
1281 1011 1403 1072 scilicet
1430 1032 1477 1086 eo,
1509 1034 1576 1095 qua
1617 1038 1635 1076 a
1671 1017 1790 1086 luderis

95 1114 318 1174 studiosissime
325 1110 514 1193 postulasti,
531 1117 566 1171 nt
586 1116 660 1193 post
687 1111 853 1191 Aquilam,
883 1116 912 1170 et
960 1104 1176 1182 praetermissa
1205 1106 1252 1167 vel
1279 1114 1425 1190 correpta
1453 1117 1538 1191 sunt,
1560 1121 1723 1195 prorerres
1758 1117 1791 1177 in
1895 1174 1901 1183 .

88 1208 315 1288 Symmachum,
337 1215 367 1268 et
396 1207 645 1289 theodotionem,
671 1229 780 1270 novam
802 1209 911 1270 editio·
965 1202 1113 1263 medium·
1136 1207 1255 1266 Caetero
1290 1206 1359 1268 vido
1385 1208 1477 1287 epist.
1505 1211 1542 1270 97
1570 1212 1652 1273 inter
1680 1215 1789 1276 Hiero·

85 1331 152 1370 nem
193 1307 307 1369 Latino
344 1326 484 1367 sermone
522 1310 738 1384 transferrem,
779 1309 825 1368 Ex
862 1307 912 1369 his
966 1299 1142 1378 nyminnss.
1174 1305 1282 1364 Restat
1303 1304 1399 1384 igitur
1427 1324 1444 1366 e
1468 1325 1564 1387 supra
1589 1308 1789 1388 jsmaliutis,

82 1407 286 1468 manifestum
327 1405 418 1467 nubis
459 1410 506 1465 est
537 1405 679 1484 ingratos
719 1423 847 1486 prorsus
875 1423 912 1468 ao
968 1399 1193 1479 Hieronymum
1221 1421 1285 1469 non
1309 1403 1342 1464 in
1365 1404 1620 1484 suggillationem
1657 1413 1813 1491 Septen-y

83 1505 213 1584 iniquos
254 1502 349 1564 fuisse
386 1502 578 1583 Hieronymo
621 1522 675 1565 eos
708 1521 829 1579 omnes,
857 1503 913 1583 qui
966 1497 1054 1576 ginta
1082 1501 1305 1579 interpretum,
1346 1502 1400 1563 sed
1428 1504 1467 1564 ad
1494 1522 1603 1568 omnes
1643 1509 1792 1572 Ecclesiae
1903 1519 1906 1524 '

78 1601 277 1681 objiciebant
306 1608 451 1663 sanetum
499 1602 601 1662 virum
633 1601 666 1662 in
703 1602 913 1681 Septuaginta
966 1595 1120 1657 utilitates
1133 1615 1247 1659 novam
1263 1617 1301 1660 ex
1315 1600 1447 1664 Hebraeo
1458 1603 1544 1666 tonte
1559 1605 1694 1670 edidisse
1723 1626 1793 1672 ver-

78 1700 384 1763 eoudemnutionem
425 1700 606 1780 Scripturas
648 1705 773 1762 sanctas
816 1700 913 1762 inter·
966 1693 1099 1754 sionem.

76 1804 278 1879 pestutum:
319 1815 423 1877 nequo
460 1816 536 1858 vero
576 1797 609 1858 in
644 1796 770 1878 culpam
804 1799 950 1872 vocariB
1006 1792 1064 1854 III·
1084 1795 1161 1854 Cum
1177 1800 1282 1856 autem
1306 1796 1399 1858 sciret
1426 1799 1637 1881 Hieronymus
1664 1824 1697 1867 so
1726 1825 1791 1870 non
1830 1876 1834 1885 ,

79 1895 212 1974 meruit,
243 1894 327 1974 quud
370 1912 459 1955 orma
502 1893 654 1955 adversus
690 1894 797 1955 hostes
837 1893 912 1955 fidei
972 1908 1063 1969 posse
1077 1890 1291 1971 interpretari,
1307 1894 1368 1955 nisi
1396 1897 1482 1974 quod
1508 1904 1603 1962 untes
1629 1902 1794 1967 intellexe-

85 1992 278 2055 Christinnae
305 2011 363 2053 sna
390 1992 533 2054 versione
561 1992 812 2054 subministraret
856 1995 917 2054 Eo·
973 1989 1392 2062 rut‚0mnibusGraeoorum
1408 2012 1445 2055 eo
1473 1996 1658 2060 Latinorum
1683 2002 1792 2064 exent-

85 2090 203 2151 olesiis,
234 2093 325 2151 June
353 2108 429 2168 ergo
465 2089 526 2151 hoe
554 2091 698 2170 queritur
742 2091 783 2151 ad
821 2089 916 2152 finem
972 2090 1022 2146 tus
1064 2085 1249 2165 disciplinis,
1301 2090 1518 2153 Haebraeorum
1570 2097 1793 2176 magistrorum
1894 2086 1897 2091 ⁵

87 2187 221 2248 mundi
250 2186 323 2247 ΗΜ
355 2187 518 2266 Apologpae
545 2206 610 2248 3„ae
651 2187 802 2249 adversus
827 2189 916 2249 Rufi.
971 2181 1082 2244 limine
1121 2190 1234 2258 terere,
1280 2204 1454 2268 eorumque
1497 2191 1618 2255 litteras
1668 2197 1795 2260 studere

86 2302 186 2345 num:
221 2283 313 2346 Unde
342 2304 388 2344 me
411 2284 566 2366 putabam
610 2285 683 2346 bene
724 2286 837 2347 mereri
878 2286 918 2346 cte
972 2281 1078 2360 coepit·
1108 2281 1142 2342 td
1171 2283 1297 2345 abunde
1325 2292 1458 2348 ῑθθῑᾶῐΰὸ
1486 2296 1532 2350 Oti
1572 2292 1663 2371 epiti·
1693 2297 1712 2354 i
1753 2296 1796 2356 dd

86 2381 215 2443 Latinis
257 2383 346 2452 meis,
385 2388 414 2441 et
454 2387 632 2443 nostrorum
658 2383 701 2443 ad
732 2383 917 2444 discendum
971 2376 1137 2440 Rusticum
1154 2383 1358 2458 monachum,
1375 2384 1614 2450 doconsomore
1641 2391 1793 2455 virtutum

87 2480 213 2540 animos
228 2480 385 2540 concitare
410 2479 508 2560 (quod
534 2480 627 2540 etiarn
659 2479 768 2542 Graeci
795 2501 917 2542 versum
971 2477 1259 2556 vitiueuperonda:
1277 2479 1363 2541 Dum
1389 2494 1485 2544 essem
1507 2485 1649 2564 juvenis,
1678 2489 1794 2570 inquit,

86 2579 128 2639 de
140 2578 256 2639 Latino
279 2583 353 2660 post
381 2584 486 2639 tantos
513 2578 715 2666 Interpretes¹
731 2600 791 2640 non
820 2581 917 2648 fasti·
971 2579 1001 2633 et
1014 2573 1202 2636 solitudinis
1225 2597 1272 2637 me
1300 2579 1422 2640 deserta
1448 2580 1615 2664 vallarent,
1640 2586 1795 2649 incentiva

85 2677 208 2757 diunt),
250 2676 325 2737 inde
354 2677 388 2737 in
413 2676 535 2759 cuipiam
565 2698 666 2750 vocor,
691 2684 721 2738 et
752 2677 918 2739 nauseanti
972 2673 1119 2734 vitiorum
1148 2675 1351 2758 ardoremque
1378 2684 1499 2742 natura
1514 2686 1605 2756 serre
1632 2705 1694 2747 nan
1712 2693 1798 2769 pote-

86 2772 250 2834 stomacho
278 2772 364 2835 cibos
389 2774 511 2854 ingero·
553 2773 680 2856 Ecquid
719 2776 753 2836 in
795 2775 917 2836 homine
971 2790 1050 2831 ram.
1081 2768 1185 2848 Quam
1214 2791 1282 2832 cum
1313 2772 1414 2834 crebis
1435 2775 1576 2855 jejuniis
1606 2782 1797 2861 frangerem,

87 2870 686 2949 ,otumsit,,pinnmnpqacrpminosa
715 2873 790 2933 5512
822 2873 916 2934 Dent.
974 2886 1060 2926 mens
1075 2872 1175 2926 tamen
1190 2868 1440 2947 cogitationibus
1459 2873 1631 2934 estuabat:
1648 2876 1796 2957 adquam
1859 2932 1863 2945 .

84 2988 150 3048 que
172 2969 314 3030 studium
343 2987 434 3030 suum
465 2968 525 3031 hoc
554 2977 743 3049 argumento
773 2971 917 3049 malignis
971 2963 1186 3038 edomandam,
1220 2965 1345 3026 cuidam
1360 2968 1481 3047 jratri,
1506 2969 1562 3050 qui
1583 2992 1620 3031 ex
1650 2971 1797 3035 Hebraeis
1903 3030 1908 3042 ,

84 3068 184 3128 etiam
216 3066 388 3128 lectoribus
417 3085 603 3147 persuasum
646 3069 776 3130 votuit:
821 3068 918 3146 Quod
971 3061 1161 3140 crediderat,
1185 3081 1232 3121 me
1260 3062 1293 3121 iu
1319 3063 1524 3145 disciplinam
1551 3066 1638 3148 dedi,
1664 3075 1699 3130 ut
1722 3076 1796 3152 post

83 3166 116 3225 si
130 3165 219 3246 apud
237 3163 380 3243 Grecos,
399 3170 475 3245 post
500 3164 708 3248 Septuaginta
737 3166 954 3246 editionem,c
976 3157 1177 3236 Quintiliani
1199 3161 1355 3241 acumina,
1383 3160 1550 3225 Ciceronis
1568 3167 1699 3241 fluvios,
1714 3188 1797 3249 gra-

78 3263 155 3342 jam
187 3260 319 3322 Christi
347 3260 525 3342 Evangelio
554 3268 747 3338 coruscante,
784 3263 918 3332 Judoeus
974 3256 1158 3336 vitalemque
1189 3254 1372 3331 Frontonis,
1411 3265 1440 3319 et
1481 3260 1640 3323 lenitatem
1675 3264 1794 3345 Plinii,
1901 3318 1905 3327 .

84 3361 225 3441 Aquila,
242 3365 273 3420 et
294 3360 512 3440 Symmachus,
542 3383 579 3423 ac
613 3362 781 3423 Theodotio
801 3362 919 3443 judai·
973 3352 1169 3435 alphabetum
1199 3354 1361 3434 discerem,
1388 3362 1417 3415 et
1444 3359 1615 3419 stridentia
1643 3361 1797 3430 anhelare·
1908 3370 1912 3377 '

83 3463 196 3538 {antes
212 3457 371 3518 haerectici
385 3463 460 3518 sunt
487 3460 611 3541 recepti,
641 3460 698 3541 qui
724 3458 823 3520 multa
851 3480 919 3530 my.
974 3450 1184 3532 itaquettet'ba
1199 3452 1379 3514 meditarer.
1410 3453 1501 3532 Quid
1529 3456 1575 3518 tbi
1597 3457 1718 3521 laboris
1746 3460 1796 3521 in-

85 3556 190 3616 steria
246 3554 425 3616 Salvatoris
476 3556 609 3617 subdola
666 3557 920 3639 interpretatione
974 3549 1169 3628 sumpserim,
1204 3550 1283 3631 quid
1329 3552 1534 3614 sustinuerim
1572 3556 1795 3639 difficultatis,

84 3655 236 3715 celarunt
264 3675 273 3714 .·
300 3660 330 3713 et
370 3660 472 3714 tamen
515 3656 548 3715 in
586 3651 731 3726 Ἐξαπλοῑς
767 3655 920 3717 hahentur
973 3647 1094 3727 quoties
1118 3646 1356 3729 desperaverim,
1384 3650 1564 3730 quotiesque
1597 3656 1794 3735 cessaverim,

86 3753 175 3835 apud
202 3751 377 3824 Ecclesias,
409 3758 439 3812 et
465 3752 675 3835 explanantur
706 3753 744 3815 ab
772 3755 920 3816 ecclesia.
973 3750 1003 3803 et
1039 3745 1232 3805 contentione
1272 3746 1418 3808 discendi
1456 3768 1569 3810 rursus
1618 3751 1796 3833 inceperim,

86 3850 182 3909 sticis
198 3849 298 3909 viris:
326 3855 442 3929 quanto
471 3852 576 3931 magis
605 3872 663 3932 ego
696 3850 917 3927 Christianus,
974 3845 1064 3905 ttStiS
1091 3851 1138 3905 tSt
1165 3845 1355 3906 conscientia
1379 3852 1442 3908 tum
1480 3869 1546 3909 meu
1589 3852 1644 3931 qui
1682 3860 1796 3918 passus
1903 3892 1906 3897 ·

85 3953 117 4006 et
132 3947 172 4006 de
178 3946 370 4028 parentibus
403 3946 603 4010 Christianis
629 3955 733 4030 natus,
763 3957 792 4011 et
820 3950 919 4012 vexil·
973 3961 1054 4021 Sum,
1078 3962 1285 4022 duumuirum
1296 3944 1352 4024 qui
1372 3964 1488 4005 mecum
1516 3947 1667 4007 duxerint
1689 3948 1797 4008 vitum.

86 4044 156 4104 lum
171 4044 276 4104 crucis
302 4044 334 4103 in
360 4047 544 4122 measronte
562 4053 708 4128 portans,
737 4047 829 4128 cujus
850 4053 920 4108 stu·
973 4037 1017 4100 Et
1025 4041 1153 4121 gratias
1168 4061 1231 4121 ago
1244 4041 1395 4121 Domino,
1412 4042 1497 4123 quod
1511 4041 1550 4102 de
1561 4063 1668 4105 amoro
1683 4044 1805 4105 semine

88 4142 181 4201 aium
210 4142 275 4210 feeit
303 4142 420 4202 oniissa
448 4149 592 4224 repetere,
622 4145 789 4227 depravata
817 4145 919 4206 corri—
974 4136 1153 4198 litterarum
1187 4137 1296 4200 dulces
1340 4141 1464 4207 fructus
1500 4148 1604 4222 carpo.
1644 4144 1731 4204 Hono
1764 4142 1798 4204 in
1894 4176 1899 4181 -

87 4258 177 4318 gere,
207 4244 238 4298 et
266 4245 460 4300 sacramenta
488 4240 636 4302 Ecclesia
657 4252 742 4324 puro
770 4248 799 4304 ct
824 4241 921 4318 fideli
974 4235 1123 4296 discendo
1180 4235 1301 4297 littores
1352 4236 1522 4298 Hebraicis
1577 4238 1795 4301 difficultatem

86 4337 212 4417 aperire
227 4356 379 4409 sermone,
398 4337 477 4398 vela
483 4340 687 4416 fastidiosis,
704 4340 752 4401 vel
778 4362 797 4401 a
824 4340 919 4401 mali·
974 4331 1141 4412 pistrinum
1171 4337 1273 4408 vocat,
1303 4333 1377 4394 (lum
1408 4335 1452 4395 8ἰο
1480 4334 1513 4395 in
1536 4335 1697 4398 Danielem
1712 4356 1796 4418 prm·

86 4434 168 4514 gnis
195 4433 366 4495 lectoribus
395 4456 456 4495 non
484 4436 576 4497 debeo
603 4437 805 4518 reprobari?
846 4441 919 4499 Haeo
975 4431 1040 4490 salu
1067 4450 1073 4489 :
1101 4429 1245 4511 Denique
1278 4436 1308 4491 tt
1330 4451 1388 4510 rgo
1435 4430 1687 4495 adolescentulus
1721 4443 1799 4517 post

86 4533 159 4611 ipso
192 4533 381 4611 praetatione
406 4535 439 4593 in
465 4533 580 4596 librum
605 4537 666 4598 ,tob
707 4555 746 4597 εχ
786 4537 957 4603 Hebpoeopp
978 4526 1179 4605 Quintiliani
1214 4533 1243 4587 et
1282 4527 1383 4588 Tullii
1414 4528 1587 4605 lectionem,
1625 4552 1661 4593 ac
1693 4533 1800 4612 flores

89 4631 205 4690 Latine
234 4629 405 4692 redditum,
438 4632 524 4692 Idem
552 4633 667 4712 probat
693 4634 775 4713 epist
809 4636 849 4696 89
878 4636 919 4698 ad
973 4624 1156 4703 rhetoricos,
1187 4645 1255 4685 cum
1280 4645 1326 4685 me
1355 4626 1388 4685 iu
1412 4626 1533 4707 linguae
1561 4627 1658 4708 hujus
1678 4631 1800 4711 pistri-

90 4726 318 4803 Augustinum,
349 4726 398 4786 oui
426 4745 517 4787 suum
548 4729 686 4790 studium
716 4732 920 4794 commenda.
974 4742 1047 4783 num
1075 4722 1282 4797 reclusissem,
1312 4729 1341 4782 et
1364 4723 1462 4785 nenlto
1490 4726 1615 4805 sudore,
1641 4727 1801 4809 multoque

89 4821 147 4880 bat
176 4821 226 4879 his
256 4821 389 4880 uerbis:
420 4820 493 4902 Ego
521 4823 601 4884 enim
631 4844 692 4884 non
719 4830 781 4885 tam
818 4832 919 4887 vetera
974 4826 1107 4902 ternpore
1135 4820 1188 4879 vix
1214 4821 1372 4903 coepissem
1400 4820 1583 4883 anhelantia
1611 4825 1800 4886 stridentia-

91 4916 220 4976 adolere
234 4923 365 4977 conatus
380 4938 460 4991 soem,
477 4939 544 4999 quse
566 4920 687 5000 linguae
715 4941 785 4982 men
809 4923 921 4983 omini·
974 4937 1032 4998 que
1058 4916 1149 4977 verbu
1173 4938 1328 4990 resudare,
1367 4924 1397 4977 rt
1434 4921 1527 5000 quasi
1555 4929 1616 5002 por
1658 4929 1797 5005 cryptam

91 5014 149 5074 bus
165 5015 382 5076 emendatade
400 5016 513 5077 Graeco
529 5020 725 5080 inLatimun
754 5021 918 5095 transtuli,
976 5016 1152 5094 arrebulans,
1182 5037 1290 5077 rarum
1318 5016 1450 5098 desuper
1472 5017 1585 5079 lumem
1616 5022 1795 5103 aspicerem,

92 5133 188 5192 qnam
217 5133 252 5171 ea
282 5115 472 5193 testimonia,
503 5136 570 5196 qnae
600 5138 618 5176 a
646 5117 767 5185 ludaeis
788 5125 921 5200 praeter-
976 5120 1094 5201 impegi
1107 5119 1275 5179 novissime
1290 5119 1323 5179 in
1336 5118 1514 5200 Danielem,
1531 5127 1560 5180 et
1588 5128 1675 5184 tanto
1703 5121 1798 5184 ladio

89 5212 190 5269 missa
205 5216 291 5286 sunt,
311 5212 358 5273 vel
371 5221 530 5296 corrupta,
543 5220 686 5297 proferre
701 5217 734 5277 in
758 5218 918 5285 medium:
975 5217 1108 5298 affictus
1137 5236 1216 5289 snm,
1248 5222 1283 5276 ut
1305 5216 1519 5299 desperatione
1547 5220 1651 5281 subita
1680 5239 1798 5281 omnem
1915 5216 1918 5221 ’

91 5314 126 5366 nt
140 5309 260 5367 scirent
279 5310 382 5369 nostri
409 5311 488 5391 quid
513 5311 674 5373 Hebraico
703 5315 818 5374 veritas
846 5336 921 5376 corr·
976 5314 1250 5376 laboremveterem
1266 5315 1416 5376 voluerim
1444 5323 1645 5378 contemnere.
1684 5317 1795 5381 Verum

91 5407 220 5467 tineret.
235 5407 273 5466 Si
287 5408 339 5467 cui
368 5407 472 5488 legere
500 5430 561 5471 non
581 5411 699 5493 placet,
730 5432 816 5472 nemo
843 5433 923 5474 com·
976 5410 1163 5472 adhortante
1193 5431 1240 5471 me
1285 5414 1420 5493 quodam
1454 5413 1597 5487 Hebraeo,
1641 5420 1670 5474 et
1711 5414 1799 5479 illud

87 5503 187 5584 pellit
202 5504 347 5566 invitum.
371 5504 469 5567 Bibat
497 5508 601 5568 vinum
619 5514 705 5569 vetus
727 5529 796 5570 cnm
820 5511 923 5571 suavi·
977 5508 1056 5569 mihi
1070 5507 1211 5570 crebrius
1227 5509 1333 5570 insna
1349 5511 1463 5591 lingua
1493 5511 1664 5590 ingerente,
1696 5512 1799 5578 tator

94 5608 170 5676 tate,
199 5608 229 5661 et
258 5610 364 5664 nostra
406 5611 509 5666 reitesta
551 5612 737 5682 contemnat,
780 5629 847 5688 queo
889 5609 921 5670 in
977 5608 1081 5668 omma
1097 5607 1194 5667 vincit
1218 5607 1375 5690 improbus
1390 5630 1401 5671 .·
1425 5613 1455 5666 et
1481 5607 1537 5686 qni
1565 5607 1645 5671 mihi
1672 5612 1801 5677 videbar
