3878 6150
90 215 149 273 53
718 223 826 279 utana
845 223 953 278 isam
971 220 1183 277 unorum.

130 345 322 400 mutaverunt
332 342 397 416 jus,
939 350 967 417 A
1053 345 1195 418 parietem
1213 362 1221 402 ε

127 415 352 489 dissipaverunt
366 414 461 472 ledus
477 417 703 487 sempiternum.
1017 418 1100 474 Sicut
1116 417 1248 475 astucia
1264 415 1314 475 siti
1328 417 1508 477 humiliabis.

93 491 219 559 Propter
233 486 288 544 hoo
300 487 470 544 maledictio
486 489 598 547 vorabit
613 495 734 556 terram,
979 489 1154 548 Tumultum
1169 489 1345 559 alienorum,

128 567 159 615 et
175 560 340 631 peccabunt
354 560 535 616 habitatores
550 562 626 632 aius,
1014 568 1044 618 et
1057 563 1141 631 quasi
1157 561 1253 618 calore
1267 563 1323 619 sub
1339 563 1417 619 nube
1430 565 1569 631 torrente,

93 632 224 704 ideoque
240 631 390 689 insaniant
404 630 531 690 cultores
547 637 623 704 ejus,
1016 633 1204 707 propaginem
1222 635 1340 691 sortium
1358 651 1536 693 mucescere
1550 635 1648 693 incise.

128 713 156 760 st
172 702 244 759 relin
271 708 379 759 nentur
394 703 529 762 homines
545 705 642 778 pauci.
978 709 1013 763 Et
1028 707 1113 764 laniet
1128 706 1269 763 Dominus
1283 707 1463 763 exercituum
1490 709 1628 767 omnihus
1643 708 1761 782 populis
1773 708 1804 766 in

93 719 354 859 huxitvinlemia,
374 845 405 858 ..
1051 777 1217 834 montebon
1291 848 1296 859 Ι

127 848 282 904 infirmata
294 852 342 904 ast
354 849 435 916 vitis,
1013 850 1179 907 convivium
1197 848 1244 921 pin
1269 865 1362 917 nrum,

90 919 342 1049 calngllluwlll
350 934 461 1063 gregale
473 918 524 1046 ‘¹2¹
541 919 718 979 letabuntur
732 921 829 979 corde.
1013 921 1178 1006 convivium
1194 864 1359 1050 vindlelrlnitm

146 1008 210 1047 ear
259 1008 346 1047 auu
459 1008 600 1062 psoram
1033 1009 1062 1049 an
1087 1009 1168 1048 aium
1186 1009 1428 1062 mensorum,

126 1007 369 1137 quievitsssonitus
386 1062 561 1134 laetantium,
605 1035 613 1063 ’
1012 1009 1339 1122 laurishammensis.

132 1134 278 1192 conticuit
291 1132 413 1191 dulcedo
429 1134 557 1192 cithare.
978 1137 1012 1195 itt
1027 1136 1219 1208 precipitavit
1232 1136 1263 1192 in
1280 1140 1378 1193 monte
1394 1135 1451 1192 istc
1472 1134 1576 1191 laniem
1597 1135 1706 1194 vinculi
1720 1136 1804 1195 oolli-

91 1210 166 1266 Cum
183 1207 298 1263 cantico
315 1222 371 1263 non
387 1207 490 1263 bibant
503 1207 604 1264 vinum
622 1225 628 1265 :
1048 1209 1108 1283 gati
1125 1226 1215 1281 super
1230 1225 1333 1265 omncs
1349 1206 1483 1280 populos,

91 1278 584 1408 talliarzeetrllvllllovbilteallibus
600 1280 692 1337 illam.
978 1352 998 1408 p
1012 1284 1042 1337 st
1056 1280 1248 1409 ΙιθΙιῗιιιῘιγιέυειιι]
1257 1280 1371 1409 tarditas
1385 1286 1434 1407 sext¹
1445 1294 1649 1407 sugeruogsnes
1659 1279 1805 1350 nationes,

145 1368 204 1406 ra
346 1368 363 1406 a
410 1368 457 1406 ani
505 1368 531 1408 rs
1001 1368 1158 1409 recitat
1189 1368 1404 1410 morsmrnss
1459 1368 1534 1407 irn
1600 1366 1607 1407 τ

127 1422 232 1479 clausa
245 1428 290 1478 est
304 1421 401 1479 omnis
414 1394 632 1491 domus,’nullc
647 1424 823 1482 introeunte.
1013 1430 1042 1482 st
1056 1371 1170 1481 eliserat
1181 1424 1324 1481 Dominus
1339 1430 1418 1480 Deus
1432 1369 1593 1497 llerymam
1608 1422 1646 1479 ab
1660 1422 1742 1480 omni
1759 1423 1805 1479 ia·

93 1493 211 1551 Clamor
225 1494 280 1550 erit
294 1510 382 1565 super
396 1495 463 1551 rino
478 1497 507 1550 in
524 1494 630 1568 plateis
647 1513 654 1552 ε
1013 1497 1066 1566 cie,
1082 1502 1113 1553 st
1126 1498 1316 1569 opprobrium
1333 1495 1434 1569 populi
1449 1495 1495 1552 sui
1511 1495 1625 1552 auisset
1638 1495 1675 1552 ds
1688 1495 1806 1553 uaiivsr·

129 1567 250 1623 deserta
264 1570 309 1621 est
322 1566 419 1623 omnis
433 1567 532 1624 letitia
548 1584 555 1622 :
1013 1584 1046 1624 sa
1062 1574 1140 1625 terra
1156 1586 1162 1623 :
1180 1569 1251 1639 quia
1265 1568 1408 1625 Dominus
1423 1568 1539 1624 locutus
1553 1571 1609 1624 est.

128 1638 311 1695 translatum
326 1643 372 1694 est
386 1639 528 1711 gaudium
544 1644 638 1697 terre.
977 1643 1013 1695 Et
1026 1639 1104 1696 diest
1117 1640 1147 1696 in
1163 1640 1214 1703 illa
1228 1641 1296 1697 dis:

94 1709 208 1768 Relicta
223 1715 268 1765 sst
283 1710 312 1765 in
329 1709 400 1766 urbe
416 1711 555 1782 solitudo,
938 1728 963 1795 fl
978 1716 1048 1768 aeos
1063 1713 1140 1769 Deus
1155 1717 1255 1769 noster
1270 1712 1335 1781 iste,
1693 1755 1696 1760 .

129 1786 160 1838 ct
175 1779 331 1838 calamitas
345 1781 494 1864 opprimet
510 1789 621 1856 portas.
1013 1784 1247 1856 exspectavimus
1263 1799 1344 1848 sum,
1360 1786 1389 1838 et
1403 1781 1529 1838 salvabit
1544 1796 1598 1838 nce
1613 1796 1620 1838 :

95 1852 169 1919 Onia
185 1853 246 1908 hec
260 1858 349 1911 erunt
362 1869 393 1910 in
409 1856 504 1912 medio
519 1861 614 1925 terrae,
1013 1856 1069 1912 iste
1082 1856 1236 1927 Dominus,
1253 1854 1453 1912 sustinuimus
1468 1870 1549 1919 eum,

130 1926 161 1982 in
176 1925 275 1982 medio
291 1924 467 1997 populorum
483 1945 490 1984 :
1014 1927 1238 1995 exsultabimus,
1255 1932 1284 1984 st
1298 1925 1463 1983 letabimur
1477 1927 1506 1981 in
1522 1923 1645 1981 salutari
1660 1924 1737 1996 ejus.

96 1998 247 2080 Quomodo
262 1997 287 2053 si
304 2014 402 2069 pause
416 1998 508 2066 alivae,
521 2014 585 2070 quae
599 2002 817 2067 remanserunt,
833 2014 924 2055 arou·
978 1999 1053 2067 Quia
1068 2000 1232 2071 requiescet
1246 2015 1353 2055 manus
1371 1999 1487 2054 Domini
1503 1998 1532 2054 in
1549 2001 1651 2053 monte
1664 1996 1733 2067 isto,

166 2075 282 2125 tuantur
296 2085 330 2125 ex
345 2071 421 2134 olea,
1013 2071 1201 2128 triturabitur
1215 2072 1299 2127 Moab
1312 2069 1368 2126 sub
1383 2086 1429 2138 eo,

129 2144 159 2194 et
175 2140 296 2210 racemi,
312 2157 380 2196 cnm
397 2140 484 2196 inerit
497 2141 580 2197 finita
595 2142 754 2199 vindemia.
1014 2143 1099 2201 sicuti
1115 2147 1252 2199 teruntur
1267 2141 1357 2215 paleae
1370 2142 1399 2197 in
1438 2140 1559 2197 laustre.

94 2211 129 2268 lli
143 2210 284 2295 levabunt
298 2228 398 2268 vocem
415 2229 514 2280 enam,
531 2219 619 2287 atqua
633 2214 808 2271 laudabunt.
977 2216 1013 2273 ut
1027 2216 1160 2271 extendet
1176 2232 1283 2271 manus
1299 2230 1369 2270 snae
1385 2158 1441 2269 sul)
1456 2229 1501 2279 so,

94 2286 164 2341 cum
181 2282 364 2356 glorificatus
377 2284 463 2341 luerit
474 2285 628 2353 Dominus,
645 2285 782 2343 hinnient
792 2286 828 2342 ds
838 2285 923 2342 mari.
1014 2287 1091 2344 sicut
1105 2287 1236 2343 extendit
1251 2291 1356 2342 natans
1370 2285 1406 2340 ad
1423 2284 1585 2340 natandum
1602 2299 1609 2339 ε

93 2355 215 2428 Propter
228 2355 282 2412 hnc
295 2355 325 2412 in
341 2355 484 2413 doctrinis
499 2357 661 2430 glorificate
677 2358 835 2415 Dominum
853 2375 859 2413 :
978 2360 1012 2417 lit
1025 2359 1195 2417 humiliabit
1211 2357 1340 2431 gloriam,
1350 2358 1415 2429 ejus
1431 2372 1498 2413 cum
1514 2353 1647 2412 allisione
1663 2368 1806 2411 manuum

126 2427 157 2483 in
173 2426 281 2484 insulis
299 2428 391 2484 maris
407 2445 512 2484 numen
528 2428 645 2486 Domini
663 2431 712 2488 Dei
728 2429 828 2489 lsrael.
1049 2431 1125 2502 ejus.

91 2498 241 2557 ilicibus
257 2504 339 2555 terre
355 2498 458 2557 laudes
473 2501 653 2573 audivimus,
977 2503 1013 2559 Et
1027 2502 1213 2560 munimenta
1235 2499 1410 2557 sublimium
1426 2515 1581 2556 murorum
1600 2501 1720 2562 tuorum
1735 2512 1807 2554 eon·

126 2569 252 2699 {leriam
265 2571 351 2641 justi.
1049 2575 1130 2630 deut.

150 2647 163 2698 t
178 2641 241 2698 dixi
257 2658 264 2697 :
1012 2650 1041 2702 sl
1056 2643 1307 2711 humiliabuntur,

91 2715 244 2772 Decretum
262 2729 361 2771 mcum
379 2712 463 2781 mihi,
724 2712 742 2735 “
1013 2722 1043 2774 st
1057 2716 1252 2773 detrahantur
1266 2716 1296 2771 in
1313 2720 1420 2770 terram
1437 2728 1534 2785 usque
1549 2712 1585 2768 ad
1602 2711 1759 2782 pulverem.

126 2790 276 2844 secretum
292 2802 391 2843 meum
407 2785 478 2842 mihi
496 2802 504 2842 ι
979 2789 1009 2844 ln
1025 2789 1072 2844 dic
1088 2788 1141 2844 illa
1155 2787 1479 2843 cantabiturcanticum
1491 2785 1569 2840 istud
1585 2782 1702 2839 interra
1715 2783 1804 2841 luda:
1894 2810 1897 2815 ·

95 2862 142 2915 Vas
156 2857 248 2915 mihi:
261 2859 484 2930 prevaricantes
500 2857 679 2928 prevaricati
689 2863 805 2926 suntet
819 2875 926 2928 preva-
1012 2866 1096 2932 (Cap.
1112 2858 1227 2926 XXVI).
1243 2857 1319 2916 Urbs
1343 2856 1526 2914 tortitudinis
1541 2860 1648 2913 nostrae
1661 2854 1732 2913 Sion
1748 2854 1807 2911 sal·

167 2930 311 2986 rications
326 2934 579 3004 transgressorum
593 2930 772 3003 praevaricati
784 2938 865 2988 sunt.
1048 2937 1142 3000 vator,
1159 2937 1285 3004 ponetur
1299 2931 1329 2986 in
1345 2946 1379 2986 sa
1395 2945 1497 2985 murus
1511 2931 1540 2984 et
1554 2926 1750 2985 antemurale.

96 3000 245 3070 Formido,
260 3005 291 3058 st
305 3001 397 3071 fovea,
412 3007 441 3060 st
454 3001 579 3075 laqueus
594 3018 683 3075 super
696 3003 790 3076 te,qui
807 3001 923 3059 hahita·
976 3006 1094 3076 hperite
1111 3009 1220 3077 pertas,

167 3079 216 3129 tor
231 3089 263 3130 es
278 3077 361 3130 terrae
940 3089 962 3158 C
1016 3082 1045 3133 et
1059 3075 1243 3146 ingrediatur
1256 3090 1329 3147 gens
1341 3073 1435 3144 justa,
1452 3069 1626 3128 custodiens
1641 3068 1807 3126 veritatem.

97 3145 131 3203 nt
144 3144 203 3202 erit
219 3160 226 3200 :
243 3145 297 3211 Qui
312 3145 418 3220 ingerit
434 3160 534 3202 avoca
550 3144 726 3217 formidinis,
739 3146 823 3203 cadet
836 3145 866 3202 in
883 3145 924 3202 io·
981 3148 1071 3205 Vetus
1087 3163 1167 3204 error
1182 3146 1277 3203 ahiit:

168 3233 277 3285 veam;
1016 3219 1149 3277 servabis
1165 3234 1278 3290 paoem,
1292 3232 1406 3302 pacem,

131 3294 162 3346 st
176 3288 229 3362 qui
246 3304 278 3344 se
290 3288 477 3361 explicaverit
491 3289 527 3345 ds
541 3289 633 3357 lovea,
1017 3293 1089 3365 quia
1099 3291 1129 3347 in
1145 3296 1174 3347 tc
1189 3306 1381 3360 speravimus.

130 3361 283 3419 tenebitur
298 3360 403 3433 laqueo
419 3377 426 3416 ι
980 3364 1129 3438 sperastis
1143 3362 1172 3418 in
1189 3363 1314 3419 Domino
1331 3362 1360 3417 in
1376 3357 1492 3416 seculis
1507 3357 1635 3427 eternis,

97 3432 170 3501 Ouia
185 3436 337 3488 cataracte
354 3433 390 3490 de
404 3431 528 3488 excelsis
542 3435 646 3504 aperte
661 3436 742 3500 eunt,
1017 3437 1046 3494 in
1062 3435 1188 3493 Domino
1203 3434 1261 3491 Deo
1276 3433 1342 3489 lorti
1358 3433 1388 3488 in
1405 3434 1592 3503 perpetuum.

129 3510 161 3563 st
177 3504 384 3561 concutientur
399 3504 592 3560 fundamenta
606 3508 703 3563 tarra.
982 3508 1056 3576 Quia
1070 3506 1236 3564 incurvabit
1251 3505 1416 3563 habitantes
1431 3503 1461 3558 in
1476 3501 1600 3573 excelso,

98 3576 302 3635 contractione
317 3577 521 3648 restringatur
536 3580 624 3647 terra,
1017 3580 1164 3638 civitatem
1180 3578 1338 3634 sublimem
1353 3574 1532 3632 humiliabit.

130 3648 312 3706 contritione
327 3654 497 3705 conteretur
512 3652 600 3714 tarra,
1019 3649 1193 3708 Humiliahit
1206 3667 1270 3706 sam
1283 3648 1426 3721 usquead
1441 3652 1563 3713 terram,

133 3720 335 3778 commotione
349 3719 581 3777 commovebitur
594 3723 683 3786 terra,
1018 3721 1152 3781 detrahet
1166 3738 1231 3777 sam
1248 3736 1343 3792 usqne
1357 3721 1390 3776 ad
1408 3719 1568 3791 pulverem.

99 3792 268 3867 Agitationa
284 3792 447 3863 agitabitur
463 3801 538 3848 terra
553 3790 629 3847 sicut
643 3790 754 3856 ebrius,
770 3796 798 3848 st
813 3791 929 3850 aufers·
984 3793 1173 3852 conculcabit
1186 3809 1250 3848 eam
1268 3792 1422 3865 pes,pcdss
1437 3788 1568 3863 pauperi,

174 3870 225 3921 tur
239 3864 324 3935 quasi
339 3862 562 3921 tabernaculum
579 3863 668 3919 unius
683 3862 778 3919 ucetia
795 3881 802 3920 :
1020 3883 1140 3940 gressus
1155 3880 1324 3937 egenarum,

103 3937 136 3994 Et
151 3937 288 4009 gravabit
301 3952 364 3992 eam
380 3935 522 4008 iniquitas
537 3952 601 4004 sua,
618 3940 647 3992 at
662 3940 788 4000 corruet,
986 3940 1096 3997 Samiis
1108 3937 1180 4008 justi
1195 3939 1344 4001 recteest,

137 4015 168 4065 et
184 4024 242 4064 non
258 4008 378 4075 adiiciet
393 4012 425 4064 ut
440 4010 585 4079 resurgat,
1022 4014 1121 4067 rectus
1136 4007 1220 4065 callis
1232 4008 1305 4079 iusti
1322 4007 1358 4063 ad
1376 4002 1602 4061 ambulantium.
1735 4072 1741 4083 ι
1790 4070 1795 4081 ¹

104 4080 138 4138 Et
152 4079 268 4208 eritzllr}
280 4080 326 4137 die
337 4078 388 4206 ill?
401 4077 931 4152 visitabitDominussupermilitiam
986 4084 1022 4141 Et
1035 4083 1064 4139 in
1081 4080 1187 4137 samita
1197 4080 1378 4151 judiciorum
1393 4073 1813 4145 tucrum,D0mine‚sustmu1.

178 4167 243 4208 casa
270 4167 434 4220 neness03
1059 4157 1192 4209 musta:
1785 4213 1792 4225 ‚

138 4227 168 4280 st
183 4239 274 4295 super
289 4239 373 4295 reges
389 4228 485 4293 terrae,
502 4221 552 4294 qui
569 4224 740 4294 suntsuper
753 4225 873 4279 terram.
1023 4241 1130 4283 nomen
1154 4227 1250 4293 tuum,
1266 4225 1295 4278 et
1319 4217 1489 4277 memoriale
1504 4221 1589 4275 tuum
1614 4217 1643 4273 in
1667 4214 1812 4273 desiderio

105 4295 139 4353 ut
154 4295 416 4367 congrebahuntur
427 4296 456 4350 in
466 4294 791 4367 congregationeunius
802 4293 891 4351 lascis
903 4294 932 4348 in
1059 4298 1177 4354 animas.
1426 4363 1430 4372 Ι

177 4366 288 4436 lacum,
990 4368 1096 4425 Anima
1111 4384 1174 4423 nica
1188 4363 1367 4422 desideravit
1380 4368 1409 4418 tu
1425 4379 1453 4417 in
1470 4365 1555 4417 necte
1571 4375 1578 4414 ε

140 4442 171 4494 el
186 4437 362 4495 vlaudanlur
377 4437 417 4493 lbi
432 4436 461 4492 in
477 4451 613 4493 earcere:
952 4472 976 4536 D
1026 4442 1077 4498 sed
1092 4444 1122 4497 et
1135 4439 1242 4509 spiritu
1267 4452 1330 4492 meo
1346 4436 1377 4490 in
1393 4432 1561 4506 precordiis
1586 4431 1660 4489 meis
1677 4431 1719 4488 de·
1729 4444 1815 4485 mane

141 4515 171 4567 et
186 4515 254 4581 post
269 4509 377 4566 multos
392 4509 455 4566 dise
469 4507 681 4565 visitabuntur.
1062 4511 1190 4583 vigilabo
1206 4510 1240 4565 ad
1258 4515 1295 4564 te.

109 4582 143 4639 ut
157 4583 313 4639 erubescet
328 4581 398 4636 luna
411 4584 440 4637 st
454 4580 653 4636 contundetur
668 4579 723 4646 sol,
992 4589 1063 4641 cum
1081 4583 1185 4641 senaria
1196 4581 1310 4649 ‚judicia
1325 4584 1375 4634 tua
1389 4579 1419 4632 iu
1434 4583 1523 4647 terra,
1559 4646 1566 4659 ο

143 4670 213 4711 eum
229 4654 394 4727 regnaverit
417 4652 561 4710 Dominus
585 4653 767 4709 exarcituum
792 4651 822 4708 in
839 4656 938 4708 monta
1024 4656 1169 4727 justitiam
1185 4654 1301 4710 discent
1313 4650 1492 4707 habitatores
1504 4647 1594 4705 orbis.

183 4724 263 4794 Sion,
279 4731 309 4782 et
323 4725 353 4780 in
368 4722 543 4790 Jerusalem,
994 4728 1186 4785 misereamur
1202 4724 1304 4797 impio,

143 4798 216 4853 stin
231 4800 388 4866 conspectu
401 4812 505 4853 senum
518 4810 640 4851 suorum
650 4793 937 4866 furritglcriiiratus.
1029 4806 1057 4856 et
1072 4816 1130 4855 non
1145 4798 1239 4853 diseat
1250 4793 1399 4868 Justitiam
1418 4809 1424 4849 :

111 4868 189 4942 (cap.
206 4868 442 4941 XXVlll⁰ffll⁰0=
455 4872 531 4923 ⁰0⁰⁸
547 4882 629 4922 “¹⁰⁰⁸
644 4882 675 4924 ⁰⁸
691 4871 733 4937 tu,
750 4867 884 4923 0¹³ll⁸b⁰
899 4871 939 4937 ¹⁰,
994 4873 1025 4931 lu
1038 4876 1117 4928 terra
1131 4874 1301 4926 sanctorum
1318 4865 1416 4933 inique
1429 4861 1531 4947 gessit,

145 4940 310 4999 conlitehnr
324 4938 436 4997 nomini
450 4943 502 4995 tuo
518 4955 525 4993 ε
542 4938 681 5010 quoniam
706 4937 802 4996 issisti
820 4938 938 4995 mirahi·
1029 4948 1059 5001 et
1074 4959 1131 4999 non
1147 4940 1260 4997 videbit
1274 4937 1397 5011 gloriam
1416 4941 1538 4991 Donum.
1640 5004 1646 5015 ι

183 5012 235 5081 lia,
250 5012 444 5085 cogitationes
459 5009 609 5081 antiquas,
625 5008 736 5080 lidslse,
753 5025 848 5068 amen.
997 5015 1129 5080 Domine,
1146 5013 1292 5069 exaltetur
1305 5024 1411 5065 manus
1426 5012 1478 5062 tua
1503 5011 1533 5063 et
1548 5021 1606 5062 nan
1620 5003 1760 5061 videant:

110 5083 186 5153 Quia
201 5084 329 5157 posuisti
345 5084 492 5140 civitatem
505 5081 536 5137 in
552 5082 713 5154 tumulum,
1030 5086 1158 5148 videant.
1174 5089 1203 5142 et
1218 5082 1437 5163 confundantur
1447 5050 1576 5134 zelantes
1592 5076 1645 5149 (Al.
1661 5071 1820 5131 contunda-

147 5155 253 5213 nrhsm
270 5156 372 5213 sortem
389 5157 419 5212 in
435 5155 550 5211 ruinam
565 5170 572 5221 ;
1065 5163 1114 5213 tur
1128 5155 1221 5223 aelus]
1236 5153 1336 5226 populi
1353 5167 1360 5207 :

145 5227 270 5285 domum
283 5228 460 5294 alienorum,
476 5230 582 5282 utnon
597 5223 636 5279 sit
650 5223 765 5297 civitas,
1032 5234 1061 5284 et
1078 5228 1154 5301 ignis
1169 5228 1269 5284 hostes
1282 5231 1349 5281 tuos
1364 5222 1492 5304 devoret.

145 5304 176 5357 et
191 5300 223 5357 in
238 5299 452 5372 sempiternum
471 5313 527 5354 non
543 5294 710 5354 edificetur.
996 5300 1129 5365 Domine,
1146 5300 1230 5356 dabis
1244 5312 1346 5371 pacem
1364 5293 1449 5350 nohis
1465 5307 1473 5347 ε
1720 5357 1726 5369 ⁸

110 5374 209 5445 Super
223 5370 279 5429 hoc
295 5370 429 5430 laudabit
443 5374 471 5427 te
484 5368 612 5442 populus
628 5368 723 5434 fortis,
1033 5371 1132 5428 omnic
1147 5371 1225 5428 enim
1241 5385 1329 5442 opera
1345 5371 1446 5422 nostra
1461 5365 1599 5434 operatus
1612 5376 1644 5416 es
1659 5358 1754 5443 narbas.

149 5442 256 5501 ‘titilus
269 5444 402 5517 sontium
417 5441 605 5499 robuslflrum
621 5440 739 5498 timebit
753 5444 791 5499 le·
997 5444 1122 5502 Domine
1138 5449 1213 5500 Deus
1229 5437 1542 5511 noster,possederunt
1556 5448 1610 5490 nos
1625 5431 1737 5489 domrnr
1754 5427 1824 5486 aba·

112 5515 190 5585 Quia
205 5515 303 5574 iactus
316 5533 347 5575 ea
361 5514 503 5572 fortitudo
519 5511 650 5585 pauperi,
1070 5521 1181 5587 quete,
1531 5575 1570 5587 ..
1638 5573 1646 5588 ,

149 5586 296 5646 fortitudo
310 5605 401 5674 egeno
415 5585 445 5644 in
465 5584 656 5644 tribulatione
670 5600 725 5642 sua
740 5602 748 5642 ε
1035 5590 1151 5674 tautum
1166 5588 1196 5643 in
1211 5590 1239 5641 te
1255 5582 1446 5668 recordemur
1461 5592 1588 5634 neminis
1603 5579 1658 5631 tur.

151 5660 419 5791 lallnoalrlabunlglgeab
433 5731 518 5786 satu.
657 5798 664 5810 ο
1000 5658 1435 5810 Ὓίιέιιιίθέεῃοοοῃηντιέἓιῗτῐὲαηῐε
1476 5791 1514 5806 ..
1547 5790 1555 5805 ι
1718 5804 1721 5808 Δ

114 5801 247 5891 Spiritus
266 5804 344 5864 onim
368 5802 558 5861 robustorum
580 5814 665 5873 quasi
689 5798 776 5858 turbo
790 5800 947 5875 impellens
1027 5807 1196 5880 Propterea
1207 5801 1338 5860 visitasti
1350 5801 1383 5856 et
1394 5795 1648 5858 contrivimus„
