3878 6150
112 109 177 165 'no
734 87 737 91 ’
795 109 903 166 crasa
920 108 934 163 1
952 107 1155 164 uacecnnc
1775 104 1829 162 reo

125 236 178 295 Fac
188 235 273 293 alent·
290 234 407 293 loeutus
417 240 475 310 est,
489 243 520 296 et
533 236 667 295 interfice
682 252 762 306 eum,
788 238 817 292 et
845 232 948 304 sepeli,
962 233 990 300 Α
1005 248 1123 289 murum
1133 231 1297 289 Jerusalem
1311 231 1536 304 percircuitum.
1553 233 1693 290 Attamen
1701 231 1828 306 populns

125 329 153 383 at
166 324 317 384 amovebis
332 327 510 400 sanguinem
538 328 737 395 innocentem,
763 324 816 397 qui
836 324 948 380 etiusus
1003 320 1176 379 immolabat
1191 322 1222 378 in
1237 321 1377 379 excelsis:
1393 321 1539 379 nonenim
1554 322 1731 379 aedilitatum
1765 325 1830 380 erat

124 420 167 472 est
181 414 295 486 adoab,
311 431 329 471 a
343 431 401 487 me,
417 421 446 473 et
461 433 479 472 a
492 418 580 474 domo
596 417 688 490 patris
703 415 772 472 mei.
789 416 824 471 Et
848 412 950 470 reddat
1002 411 1140 482 templum
1154 411 1266 468 nomini
1282 410 1398 468 Domini
1412 426 1506 482 usque
1521 412 1551 467 in
1567 411 1644 468 diem
1661 411 1758 467 illum.
1779 410 1830 466 Di-

126 503 269 561 Dominus
285 504 460 577 sanguinem
475 507 540 577 ejus
555 522 644 578 super
666 509 756 578 caput
780 505 856 576 ejus,
880 500 950 574 quia
1003 498 1074 555 laxit
1087 505 1184 557 autem
1200 501 1338 558 Salomon
1353 501 1524 570 Dominum,
1538 500 1694 557 ambulans
1709 501 1738 556 in
1754 517 1828 573 pre·

126 591 467 666 interfecitduosviros,
495 594 692 669 melioresque
715 609 757 663 se,
787 597 816 651 et
843 590 950 648 occidit
1003 589 1096 662 ceptis
1107 589 1197 646 David
1213 590 1306 662 patris
1325 590 1383 657 sui,
1399 594 1519 662 excepto
1541 590 1619 661 quod
1644 591 1674 647 in
1703 589 1827 646 excelsis

126 696 172 738 eos
198 681 310 755 gladio,
338 687 421 754 patre
450 699 515 741 meo
544 684 635 740 Dauid
659 683 824 757 ignorante,
852 682 951 739 Abner
1004 678 1188 750 immolabat,
1203 684 1232 735 at
1246 679 1423 736 accendebat
1437 679 1598 752 thymiana.
1621 680 1700 736 Abiit
1730 681 1829 751 itaque

126 768 219 827 fllium
237 771 476 846 Nerprinoipsm
504 772 616 830 militia
639 774 739 842 lsrael,
764 777 794 829 et
810 773 949 827 Amasam
1003 766 1034 822 in
1050 767 1181 839 Gabaon,
1198 774 1231 824 ut
1255 768 1500 825 immolaretlbi:
1523 767 1596 823 illud
1626 769 1736 841 quippe
1762 771 1827 826 erat

125 857 219 915 lilium
235 858 335 915 lether
351 860 512 934 principem
527 863 672 920 exercitus
686 863 700 918 J
706 863 775 932 uda,
801 864 831 916 at
853 874 950 917 rerer·
1004 856 1152 913 excelsum
1168 858 1330 914 maximum
1343 875 1351 912 :
1363 856 1443 914 mille
1456 857 1570 914 hostiae
1585 857 1627 929 (hi
1643 856 1724 913 mille
1747 856 1831 914 holo·

125 947 628 1024 tetursanguisillorumincaput
650 951 735 1019 Joab,
751 953 779 1006 et
805 950 836 1005 in
862 952 951 1021 caput
1005 946 1117 1018 causta)
1145 946 1176 1002 in
1206 945 1411 1004 holocaustum
1437 944 1545 1003 obtulit
1567 944 1704 1003 Salomon
1743 962 1833 1019 super

124 1037 253 1094 seminis
278 1038 354 1109 eius,
376 1038 407 1094 in
435 1040 658 1109 sempiternum.
688 1039 779 1097 David
801 1043 899 1096 autem
922 1041 952 1094 et
1005 1034 1096 1092 altare
1112 1034 1185 1092 illud
1202 1036 1230 1091 in
1251 1036 1381 1092 Gabaon.
1397 1037 1440 1108 (T.
1472 1036 1533 1093 ΙΙΙ.)
1562 1035 1705 1109 Apparuit
1733 1040 1831 1093 antem

122 1125 233 1182 semini
260 1127 338 1198 ejus,
360 1131 390 1184 et
405 1127 507 1184 domui
532 1132 561 1185 et
583 1129 689 1185 throno
717 1128 808 1196 illius,
832 1129 872 1185 sit
895 1143 952 1200 pax
1006 1123 1069 1196 (ms.
1084 1130 1155 1181 tacet
1170 1126 1280 1199 autem)
1293 1124 1435 1182 Dominus
1450 1124 1599 1183 Salomoni
1613 1141 1665 1198 per
1679 1125 1831 1182 somnium

121 1228 219 1286 nsque
234 1213 267 1270 in
281 1219 435 1286 'aternum
460 1233 477 1273 a
500 1217 634 1275 Domino.
658 1218 702 1291 (T.
717 1217 791 1290 Vll.)
814 1217 953 1275 Ascendit
1004 1217 1099 1281 nocte,
1114 1214 1214 1271 dicens
1226 1231 1233 1270 :
1245 1214 1365 1272 Postula
1379 1216 1458 1288 quod
1481 1215 1537 1286 vis,
1554 1217 1587 1270 ut
1608 1215 1673 1270 dem
1703 1214 1757 1271 tibi
1773 1254 1780 1270 .
1795 1214 1833 1270 lit

116 1301 225 1376 itaque
241 1304 365 1362 &naias
380 1304 460 1364 iilius
472 1306 595 1364 loiadae:
611 1311 641 1365 at
654 1323 789 1380 egressus
804 1323 871 1363 anm
904 1306 951 1362 in·
1005 1302 1636 1361 aitSalomont'luiecisticumservotuo
1664 1303 1751 1360 David
1781 1319 1833 1375 pa·

115 1393 258 1450 terleoit:
274 1393 470 1469 sepultusque
482 1402 527 1453 est
541 1396 572 1453 in
585 1397 672 1454 domo
682 1413 737 1454 sua
766 1399 796 1453 in
825 1398 950 1454 deserto.
1005 1393 1375 1451 tremeomissricordiam
1391 1409 1540 1467 magnam:
1565 1392 1643 1450 sicut
1671 1391 1834 1449 ambulavit

111 1481 402 1540 stannaturam
427 1485 557 1542 Banaian
586 1484 679 1542 fllium
704 1485 813 1543 loiadae
838 1502 890 1558 pro
918 1501 952 1542 eo
1006 1479 1036 1537 in
1052 1486 1211 1555 conspectu
1227 1488 1278 1539 tuo
1293 1482 1323 1538 in
1343 1483 1476 1552 veritate,
1503 1487 1533 1539 et
1552 1481 1681 1554 justitia,
1702 1487 1731 1538 et
1754 1484 1833 1538 recto

110 1572 402 1645 superexemitum,
415 1577 445 1630 et
462 1574 566 1642 sadoc,
583 1575 764 1632 sacerdotem
780 1575 879 1649 posuit
901 1591 953 1648 pro
969 1605 994 1673 B
1008 1572 1095 1628 corde
1110 1575 1229 1628 tecum:
1253 1572 1409 1628 custodisti
1437 1572 1517 1628 enim
1548 1571 1573 1628 ei
1600 1570 1833 1627 misericordiam

106 1660 493 1735 Abiathar.ttisitquoqua
513 1665 746 1732 rex,etvocavit
772 1665 878 1735 semsi,
908 1665 953 1720 di·
1008 1661 1150 1734 grandem
1174 1662 1194 1731 ¹,
1211 1666 1240 1717 ct
1266 1661 1374 1717 dedisti
1402 1661 1428 1718 ei
1453 1660 1546 1717 illium
1566 1661 1716 1717 sedentem
1745 1676 1835 1732 super

108 1749 225 1822 xitque
241 1749 428 1809 eitffidifloa
443 1752 497 1809 tibi
512 1753 632 1810 domum
661 1753 693 1809 in
722 1754 898 1822 Jerusalem,
926 1757 954 1811 et
1008 1749 1149 1807 thronum
1164 1752 1239 1821 ejus,
1258 1750 1335 1806 sicut
1348 1754 1395 1807 est
1409 1750 1505 1808 hodie.
1529 1750 1564 1805 lit
1592 1765 1680 1817 nuno,
1709 1748 1834 1806 Domine

109 1838 229 1896 habita
242 1839 298 1911 ibi,
312 1844 343 1897 et
356 1856 415 1897 non
429 1841 590 1915 egredieris
605 1840 675 1899 inde
688 1842 748 1900 huc
763 1847 851 1916 atque
871 1842 952 1900 illuc.
1006 1843 1085 1896 Deus
1101 1857 1185 1897 mous
1200 1841 1261 1911 (ms.
1276 1844 1303 1896 et
1319 1841 1401 1912 Vale.
1419 1844 1511 1896 taceat
1526 1840 1631 1911 mens),
1652 1844 1684 1895 tu
1712 1854 1833 1911 regnare

110 1929 320 2001 Quacumque
335 1930 638 2003 autemdieegressus
650 1930 954 1999 tueris,ettransisris
1008 1929 1236 1986 iecistiservum
1253 1935 1338 1986 tuum
1355 1947 1406 2004 pro
1434 1930 1524 1987 David
1554 1935 1637 2003 patre
1665 1945 1749 1987 meo:
1778 1945 1833 2003 ego

114 2021 288 2075 tormntem
303 2017 953 2094 Cedron,scitoteinterficiendum;sanguis
1007 2023 1184 2076 autemeam
1201 2035 1406 2093 puerparvus,
1423 2024 1453 2077 et
1486 2021 1835 2093 ignoransegressumet
1904 2022 1907 2027 '

116 2105 727 2181 tunsaritsupercaputtuum.Sixitque
746 2110 841 2168 Semei
871 2111 951 2184 regi:
1007 2108 1162 2166 introitum
1176 2125 1270 2166 mum
1285 2110 1325 2179 (h.
1342 2108 1523 2182 nonhabet).
1540 2113 1573 2165 Et
1590 2125 1694 2165 servus
1709 2113 1779 2165 tuus
1803 2108 1834 2165 in

119 2194 228 2254 Bonus
244 2198 290 2252 est
302 2195 364 2268 (ms.
379 2200 451 2253 tacet
464 2196 522 2268 est)
536 2213 641 2255 sermo.
659 2197 741 2254 Siout
765 2199 881 2256 locutus
909 2205 954 2257 est
1008 2197 1103 2255 modio
1119 2202 1164 2255 est
1180 2197 1280 2272 populi
1292 2198 1334 2271 (h.
1362 2202 1463 2271 populi
1491 2199 1557 2270 tui),
1588 2214 1677 2271 quem
1707 2197 1834 2270 elegisti,

121 2285 269 2343 dominus
285 2300 370 2342 meus
383 2300 444 2355 rex,
459 2286 503 2342 sio
518 2286 605 2344 saciet
633 2302 736 2344 servus
758 2292 838 2346 tuus.
864 2289 955 2345 Habi-
1008 2287 1110 2361 populi
1124 2287 1244 2360 infiniti,
1260 2288 1312 2361 qui
1328 2288 1477 2345 numerari
1493 2293 1521 2344 et
1536 2287 1692 2360 supputari
1708 2304 1766 2343 non
1783 2304 1837 2360 po·
1893 2316 1896 2321 ’

123 2374 200 2431 tavit
220 2373 324 2446 itaque
347 2374 487 2431 Semaiin
514 2373 681 2431 Jerusalem
706 2375 810 2433 diebus
839 2377 951 2434 multis.
1007 2380 1138 2448 testprc
1167 2377 1368 2435 multitudine.
1392 2376 1481 2434 Dabis
1505 2392 1675 2449 ergoseruo
1706 2380 1759 2433 tuo
1786 2391 1837 2432 cor

125 2462 250 2519 Factum
265 2465 311 2519 est
322 2466 421 2518 autem
431 2466 500 2535 post
514 2480 608 2521 annos
622 2467 730 2533 tres,ut
744 2465 880 2538 fugerent
895 2481 955 2523 ser·
1008 2466 1111 2538 docile,
1128 2471 1161 2522 ut
1172 2466 1313 2539 populum
1328 2470 1413 2522 tuum
1426 2465 1558 2536 judicare
1582 2466 1687 2538 possit,
1712 2468 1742 2520 ct
1769 2465 1833 2521 dis·

126 2550 211 2621 ri(h.
244 2551 406 2622 ducaeavi)
430 2551 578 2608 Semeiad
599 2551 688 2609 sanis
709 2552 804 2610 lilium
831 2553 953 2610 Maaoha
1008 2555 1216 2613 cernereinter
1239 2555 1620 2620 bonumetmalum.0uis
1644 2555 1722 2611 enim
1753 2558 1835 2625 pote·

129 2656 224 2714 regem
240 2638 334 2697 Geth:
351 2639 579 2713 nuntiatumque
593 2645 638 2698 est
651 2642 757 2714 Semel,
773 2643 852 2714 quod
878 2643 953 2700 servi
1008 2643 1421 2717 ritjudicarepopulumtuum
1433 2642 1646 2701 hunomultnm
1663 2642 1697 2697 *Ι
1723 2642 1837 2698 Placuit

130 2728 728 2801 eiuseasentllulq.issant)inGeth.lit
751 2731 880 2788 surrexit
904 2732 952 2788 Se·
1007 2749 1062 2807 ego
1076 2750 1174 2791 sermo
1186 2733 1421 2790 coramDomino
1445 2732 1487 2804 (h.
1516 2732 1546 2788 in
1584 2730 1678 2788 oculis
1707 2730 1835 2803 Domini,

133 2816 198 2884 mai,
213 2820 246 2873 et
260 2816 364 2874 stravit
379 2817 496 2875 asinum
510 2834 618 2876 suum:
634 2818 746 2892 ivitque
761 2820 791 2877 in
815 2820 888 2878 Geth
916 2821 952 2877 ad
1008 2824 1085 2895 quod
1102 2821 1239 2879 Salomon
1253 2823 1454 2895 hujuscemodi
1482 2821 1663 2895 postulasset
1693 2836 1766 2877 rem.
1796 2824 1834 2878 ut

132 2906 218 2963 tobis
232 2905 270 2963 ad
285 2906 499 2978 requirendum
512 2924 612 2965 servos
627 2925 709 2975 suos,
723 2912 752 2965 et
764 2910 887 2966 adduxit
903 2927 954 2969 eos
1009 2911 1083 2967 dixit
1092 2911 1235 2969 Dominus
1245 2911 1393 2969 Salomoni
1406 2928 1413 2968 :
1429 2911 1502 2978 Ouia
1525 2910 1684 2983 postulasti
1711 2909 1834 2965 verbum

133 2994 262 3053 deseth.
286 2994 460 3053 Nuntiatum
487 3001 533 3055 est
552 3002 650 3054 autem
682 2997 844 3070 Salomoni,
874 2974 1309 3073 quodcunqetnonpetiatt
1330 3001 1463 3058 tibidies
1492 3000 1681 3072 multos,nec
1707 2999 1835 3056 divitias:

134 3083 200 3141 lsset
213 3085 310 3141 Senum
323 3084 355 3140 in
370 3084 445 3143 Geth
461 3086 498 3142 da
510 3086 685 3156 Jerusalem,
701 3092 730 3143 et
750 3087 895 3146 rediisset.
926 3093 960 3145 st
1013 3095 1065 3148 aut
1078 3091 1208 3147 animam
1225 3093 1288 3163 (ms.
1304 3100 1330 3147 et
1347 3091 1427 3165 l'ulq.
1443 3089 1757 3163 auimaslinimioorum
1768 3093 1836 3145 tuo·

135 3174 250 3232 mittens
263 3174 383 3231 vocavit
398 3190 477 3246 eum,
494 3176 626 3248 dixitque
642 3175 686 3232 illi
702 3193 709 3234 :
724 3177 826 3234 Nonne
853 3178 958 3234 testisr-
1013 3197 1090 3247 rum,
1109 3181 1159 3236 sed
1175 3178 1332 3252 postulasti
1343 3179 1396 3235 tibi
1410 3179 1584 3253 sapientiam
1611 3179 1645 3234 ad
1662 3178 1834 3234 discernen-

136 3265 213 3320 eatus
223 3279 292 3320 sum
307 3263 360 3320 tibi
377 3281 428 3333 per
438 3264 639 3332 Dominum,et
655 3266 775 3338 predixi
790 3266 842 3322 tibi
858 3284 865 3323 :
881 3270 957 3335 Qua·
1011 3269 1083 3326 dum
1095 3269 1129 3340 iu
1139 3268 1261 3324 licium:
1276 3285 1342 3326 soce
1358 3269 1412 3325 leci
1424 3268 1475 3324 tibi
1493 3268 1656 3326 secundum
1680 3281 1835 3323 sermones

134 3352 425 3426 aunqsllr.adjuravi
453 3352 507 3409 tibi
535 3370 588 3427 per
601 3355 770 3424 Dominum,
794 3360 823 3412 et
850 3356 958 3413 contri·
1011 3363 1091 3426 tuos,
1110 3362 1140 3414 et
1155 3358 1220 3413 dedi
1240 3358 1293 3413 tibi
1323 3374 1374 3414 cor
1400 3358 1519 3430 sapiens
1547 3361 1576 3413 et
1599 3355 1778 3429 intelligens,
1803 3355 1833 3413 in

135 3443 594 3515 statuarumzouacunqueldia
618 3460 769 3517 agressus,
799 3444 868 3503 ieris
899 3446 957 3503 huc
1010 3446 1371 3505 tantumutnullusante
1394 3451 1422 3503 te
1450 3446 1557 3503 similis
1586 3446 1627 3502 tui
1654 3445 1752 3513 luerit,
1780 3459 1833 3500 neo

135 3530 342 3602 ttillnc,scito
364 3535 392 3586 te
420 3547 485 3589 esse
510 3532 710 3589 moriturum?
735 3537 768 3588 st
794 3534 956 3607 rependisti
1010 3542 1116 3610 postte
1130 3542 1319 3594 surrecturus
1335 3535 1446 3594 eitsed
1462 3540 1491 3592 et
1504 3535 1575 3602 haeo,
1593 3552 1658 3607 qum
1689 3551 1747 3590 non
1778 3549 1833 3605 po-

135 3622 220 3679 mihi:
235 3625 336 3679 Bonus
350 3638 458 3693 sermo,
484 3638 573 3695 quem
597 3623 696 3680 audivi
713 3627 733 3680 ¹.
763 3624 859 3689 Quare
887 3641 955 3698 ergo
1010 3625 1139 3693 stulasti,
1155 3626 1222 3682 dedi
1238 3625 1310 3681 tibi:
1327 3625 1445 3681 divitias
1461 3623 1584 3689 scilicet,
1599 3628 1628 3681 at
1642 3622 1777 3696 gloriam,
1797 3625 1832 3678 ut

136 3724 184 3766 non
197 3709 714 3782 custodistijusjurandumDomini,
727 3716 756 3769 et
771 3719 954 3787 preceptum
1009 3715 1272 3770 nemosimilistui
1291 3715 1378 3770 luerit
1402 3714 1431 3768 in
1462 3713 1580 3785 regibus
1609 3712 1723 3768 cunctis
1752 3715 1831 3768 retro

136 3800 202 3871 quod
217 3815 412 3873 preceperam
428 3798 512 3855 tibi?
534 3799 672 3872 Dixitque
702 3817 750 3857 rex
780 3803 816 3858 ad
841 3804 953 3860 Semei:
1008 3803 1163 3874 dicbuslh.
1189 3803 1228 3858 sit
1253 3802 1282 3857 in
1307 3803 1425 3874 regibus
1453 3802 1591 3858 omnibus
1620 3801 1724 3857 diebus
1749 3800 1832 3868 tuis).

137 3886 173 3944 'lu
185 3888 264 3946 nosti
278 3903 364 3944 omne
380 3887 504 3959 malum,
528 3891 616 3961 cujus
639 3889 693 3946 tibi
721 3890 872 3948 conscium
910 3898 955 3949 est
1009 3890 1039 3946 Si
1054 3895 1151 3947 autem
1168 3890 1365 3947 ambulaveris
1380 3891 1409 3946 in
1422 3891 1478 3947 viis
1501 3890 1585 3961 meis,
1600 3896 1630 3946 et
1656 3887 1831 3946 custodiaris

138 3991 178 4033 cor
189 3978 377 4050 tuum,quod
394 3977 488 4034 iecisti
504 3977 594 4034 Dauid
611 3980 688 4050 patri
713 3995 796 4036 meo:
828 3981 955 4037 reddidit
1009 3985 1153 4053 precepta
1168 3998 1242 4049 mea,
1258 3984 1287 4037 et
1302 3981 1441 4037 mandata
1457 3995 1521 4036 mea
1536 3981 1556 4048 ⁴,
1572 3979 1647 4035 sicul
1671 3977 1834 4035 ambularit

138 4063 270 4126 Dominus
287 4066 431 4124 malitiam
443 4073 525 4124 tuam
541 4069 571 4123 in
587 4073 675 4140 caput
689 4073 785 4125 tuum.
798 4073 831 4125 Et
845 4085 894 4126 rex
907 4088 953 4127 aa·
1008 4067 1602 4142 Davidpatertuus,longeslaoiamdies
1632 4071 1708 4125 tuos.
1739 4066 1834 4140 igitur

139 4150 608 4223 lomonltenedictus,etthronus
632 4157 725 4214 David
754 4158 810 4215 erit
838 4158 954 4215 stabilis
1007 4157 1155 4231 evigilarit
1173 4156 1323 4227 Salomon,
1352 4162 1381 4212 et
1408 4155 1550 4213 intellexit
1573 4157 1651 4227 quod
1681 4155 1833 4213 somnium

140 4258 223 4304 teram
239 4247 365 4304 Domino
376 4246 509 4318 usquein
525 4247 750 4319 sempiternum.
776 4249 873 4306 lussit
898 4249 953 4306 ita·
1009 4245 1051 4318 (h.
1067 4247 1158 4319 igitur
1172 4246 1320 4317 evigilavit
1334 4245 1491 4304 Salomon:
1514 4250 1542 4302 et
1566 4262 1632 4302 ecce
1660 4245 1833 4318 somnium).

141 4348 185 4405 qus
197 4336 247 4393 rex
260 4336 377 4393 Danais
392 4334 452 4392 lilio
466 4336 585 4405 loiade,
601 4336 652 4408 qul
667 4352 816 4410 egressus,
832 4337 1138 4409 percus·[)Gumquc
1167 4335 1295 4393 venisset
1317 4336 1491 4406 Jerusalem,
1527 4335 1609 4392 stetit
1636 4351 1736 4392 coram
1765 4349 1833 4392 arca

143 4422 255 4495 oileum,
270 4430 301 4481 et
316 4430 451 4481 mortuus
465 4429 520 4481 est.
1009 4424 1125 4481 lmderis
1141 4425 1269 4492 Domini,
1285 4430 1313 4481 et
1328 4425 1434 4481 obtulit
1453 4423 1635 4495 holocausta,
1651 4429 1680 4481 et
1704 4425 1770 4481 lecit
1791 4423 1834 4479 vi-

169 4512 374 4586 l'l.Vlll,cop.
400 4513 464 4586 ΙΙΙ.)
486 4513 697 4572 confirmatum
727 4520 771 4573 ost
796 4516 886 4588 igitar
911 4534 952 4573 rs·
1008 4514 1440 4587 otimnspaciticas,ct9rondc
1464 4513 1506 4587 (h.
1535 4530 1592 4570 non
1618 4514 1716 4587 habet)
1735 4513 1833 4570 convi-

147 4611 220 4670 tcum
233 4604 264 4660 in
279 4617 371 4659 manu
382 4599 562 4673 Salomonis,
579 4606 607 4660 st
622 4603 765 4661 affinitate
778 4606 952 4677 conjunctus
1008 4603 1089 4660 vium
1107 4603 1251 4661 uniuersis
1276 4603 1395 4660 tumulis
1409 4601 1482 4659 suis.
1499 4603 1540 4674 (Τ.
1558 4604 1605 4676 Χ.)
1635 4604 1719 4659 Tune
1746 4618 1832 4659 vene·

151 4693 185 4745 aa
194 4689 336 4750 Pharaoni
351 4690 413 4765 regi
428 4690 543 4764 AEgypti
558 4710 565 4762 ;
582 4692 694 4765 accepit
721 4710 850 4766 namque
861 4693 952 4751 liliam
1007 4697 1081 4749 runt
1093 4693 1159 4749 duas
1175 4692 1314 4749 mulieres
1328 4693 1497 4749 meretrices
1504 4693 1539 4749 ad
1549 4708 1659 4766 regem,
1671 4695 1835 4749 steterunt·

151 4775 208 4850 tius,
220 4788 248 4841 st
262 4782 388 4840 adduxit
401 4783 432 4838 in
447 4780 597 4839 civitatem
608 4782 710 4854 David,
721 4783 952 4858 doneccomple-
1009 4796 1067 4854 que
1081 4797 1178 4839 coram
1188 4797 1232 4850 eo,
1250 4798 1376 4854 quaram
1403 4797 1463 4838 una
1478 4782 1538 4838 ait:
1559 4780 1676 4840 Obsecro
1705 4781 1746 4853 (h.
1773 4796 1832 4836 non

152 4872 465 4930 ltludilieansdomum
481 4875 606 4929 suamet
625 4872 746 4930 domum
772 4873 899 4944 Domini,
924 4880 953 4931 et
1009 4870 1120 4941 habet),
1136 4870 1316 4927 midomino:
1332 4887 1386 4943 ego
1396 4875 1426 4927 ct
1440 4870 1615 4928 mulierhrsc
1625 4869 1834 4927 habitabamus

179 5062 398 5141 Quinetiam
416 5067 588 5126 Hebraioam
618 5066 763 5152 phrasim·
777 5085 831 5127 ms.
860 5070 952 5153 yero-
1044 5070 1150 5125 ‘luem
1162 5084 1218 5124 ms.
1235 5084 1301 5124 cum
1318 5067 1611 5153 Vulgatis,popalam
1623 5070 1717 5136 istum,
1745 5085 1834 5196 pafla-

154 5138 790 5269 Γὲῡῦύᾳυςω.(ΙΙΙιΙὲΙαῖυεῳΙιοᾳέρὲῑᾳυοαΙίιω
820 5142 951 5269 Οὲουιο-
1009 5142 1070 5271 ἑιιηιΙ
1085 5142 1252 5197 taumlranc
1275 5141 1406 5210 raaltrrm,
1437 5140 1554 5213 longius
1582 5146 1680 5196 lamen
1707 5140 1743 5196 ab
1805 5157 1834 5198 e·
1935 5208 1938 5213 ¹

80 5306 86 5333 ι
150 5224 553 5355 ’θὴνξιῗξΐέἕιζί,ιοῐο.οευῃ’
593 5229 829 5287 mennam
867 5231 952 5272 mm
1029 5229 1167 5357 riuligque
1180 5283 1227 5340 hic
1243 5283 1317 5340 bene
1330 5284 1366 5339 ad
1389 5285 1542 5340 Hebraeum
1559 5285 1668 5338 textum
1680 5286 1758 5339 tacet
1776 5299 1833 5341 ms.

142 5336 339 5487 Hbzliusstplripesrit
366 5372 423 5413 ms.
451 5354 612 5425 veronens,
642 5359 729 5428 tuom,
760 5357 952 5417 reticentibus
1008 5357 1163 5416 veronens.
1182 5355 1318 5414 mcerdcto
1331 5364 1390 5427 toa,
1408 5372 1501 5428 neque
1517 5370 1584 5411 mox
1596 5354 1691 5412 Dauid
1713 5371 1832 5415 nomen.
