3870 6120
148 174 219 235 libe
668 175 698 230 S.
717 172 922 230 einnonem
940 169 1068 226 nivilla
1086 167 1336 226 BIBUOTHECA·
1789 175 1849 237 qm

146 304 179 362 iii
193 304 319 364 urbibus
339 304 426 374 luda,
441 306 470 360 et
484 302 635 377 fregerunt
657 303 827 372 simulacra,
840 297 1017 366 succide-A
1067 297 1146 355 Fecit
1163 312 1232 370 ergo
1256 299 1396 359 Ezechias
1419 299 1556 363 universa
1580 319 1647 378 quas
1672 305 1816 379 diximus,
1828 310 1856 367 iu

149 382 279 450 ronique
292 377 386 443 lucos,
397 375 528 431 demoliti
543 381 613 432 sunt
627 376 791 445 succlamat
805 374 909 432 altaris
924 374 976 431 de·
1032 370 1114 427 omni
1128 370 1206 426 luda
1222 387 1229 424 ε
1247 387 1264 426 o
1287 376 1445 446 eretusque
1460 379 1505 432 est
1526 378 1638 434 bonum
1655 383 1686 435 et
1700 386 1818 437 rectum
1831 386 1857 439 et

148 453 324 508 struxerunt
339 464 396 502 non
417 446 514 503 scium
530 447 565 504 de
582 448 717 504 universo
732 448 747 503 J
753 448 811 503 uda
825 451 854 502 et
869 446 974 516 Eenja·
1028 457 1145 526 verum,
1160 458 1259 525 ceram
1266 389 1395 501 {lemine
1405 450 1462 502 Deo
1475 449 1580 515 suo,iu
1591 450 1735 509 universa
1745 452 1858 511 anitum

148 524 223 590 min,
235 520 286 575 sed
303 522 332 573 et
346 519 382 574 de
400 517 537 590 Ephraim
550 534 666 593 quoque
682 524 710 576 et
724 524 870 586 Menasec,
883 519 976 575 donec
1030 518 1188 598 minutati!
1206 513 1311 571 domus
1323 516 1454 598 Domini.
1466 519 1551 590 juxta
1566 519 1662 594 legem
1674 528 1704 580 et
1720 539 1858 582 ceremo-

146 593 267 666 penitus
282 593 467 645 everterent:
1028 600 1105 656 nias,
1121 584 1222 641 volens
1248 603 1396 659 requirere
1415 589 1507 647 Deum
1523 608 1611 650 suum
1637 594 1668 649 iii
1695 598 1858 655 totocorde

183 660 361 733 Revorsique
376 665 447 717 sunt
461 677 564 717 omues
580 660 630 716 iiiii
648 660 747 728 lsrael
761 661 791 717 in
812 659 975 734 possessio·
1028 673 1081 714 suo
1098 672 1105 711 ε
1123 655 1263 727 iecitque,
1278 667 1308 715 et
1321 666 1509 731 prosperatus
1523 668 1577 719 est.

145 749 200 792 uss
214 738 244 789 el
258 732 394 789 civitates
413 750 494 789 suas.
1062 727 1139 799 (cip.
1155 727 1285 802 xxxti.)
1301 731 1368 786 Post
1384 748 1449 802 quae
1470 738 1499 790 et
1522 733 1734 807 hujuscemodi
1748 740 1854 797 vertis·

181 805 322 861 Ezechias
337 807 436 860 autem
460 803 615 860 constituit
640 809 756 860 turmas
780 801 976 860 sacerdotales
1026 803 1098 866 lena
1113 799 1192 854 venit
1206 800 1406 858 Sennacherib
1421 820 1470 860 rex
1486 807 1689 879 Assyriorum,
1700 814 1734 865 et
1749 810 1856 884 ingres-

146 879 176 933 ct
189 876 323 932 leviticas
338 891 391 948 pei
406 875 565 932 divisiones
587 891 668 941 suas,
686 889 929 1001 unumquemque
944 873 975 928 in
1028 887 1080 927 sus
1098 869 1219 942 ludam,
1235 873 1351 930 obsedit
1374 874 1506 933 civitates
1530 879 1674 948 munitas,
1691 879 1796 940 voians
1809 899 1856 941 sas

148 947 245 1004 cilicio
274 947 402 1020 proprio,
432 951 493 1002 tam
518 947 704 1003 sacerdotum
728 946 862 1002 vidoioet
887 961 976 1017 quem
1028 959 1062 999 ca
1084 957 1140 998 cre.

150 1019 327 1084 Levitarum,
345 1019 381 1073 ad
399 1016 974 1090 holocaustaetpaciiics,utministra·
1064 958 1146 1077 Buod
1175 1029 1242 1095 cum
1271 1015 1396 1072 vidisset
1424 1017 1578 1090 Ezechias,
1601 1022 1722 1080 venisse
1747 1024 1857 1082 scilicet

150 1093 259 1148 reniet
279 1089 498 1161 confiterentur,
515 1095 711 1162 canerentque
737 1090 767 1145 iii
794 1089 886 1162 portis
910 1104 976 1145 cas·
1026 1083 1237 1156 &nnacberib
1253 1090 1392 1143 ettotam
1413 1088 1481 1145 beili
1504 1091 1649 1164 impetum
1666 1095 1744 1151 verti
1758 1102 1857 1155 contra

149 1165 265 1218 trorum
281 1161 409 1217 Domini.
1027 1155 1199 1238 Jerusalem,
1214 1156 1287 1214 inito
1303 1174 1370 1214 cuni
1387 1159 1568 1232 principibus
1583 1164 1712 1224 consilio
1727 1166 1853 1241 virisque

187 1237 259 1288 Pais
274 1236 372 1289 aulem
398 1232 475 1305 rogis
490 1237 564 1298 erat,
580 1232 659 1288 uide
674 1231 792 1304 propria
816 1232 881 1303 eJus
905 1231 976 1286 sub·
1028 1228 1209 1294 fortissimis,
1234 1232 1267 1284 ut
1294 1229 1487 1288 obturarent¹
1516 1235 1612 1308 capita
1640 1237 1786 1307 lentium,
1806 1240 1853 1312 qai

151 1303 262 1362 stantia
285 1305 439 1388 offerretur
462 1303 679 1369 holocaustum,
701 1320 786 1387 mana
808 1318 926 1375 semper
948 1306 976 1384 et
1028 1305 1112 1356 erant
1127 1304 1207 1354 extra
1223 1300 1350 1382 urbem:

151 1373 976 1529 lettliltlitf¹tai⁰llidd¹tlttittttitif²¹·
1028 1369 1856 1515 ,iltiitiddttiittiltdlittltttltlttz

189 1517 328 1590 Praospit
353 1518 443 1574 etiam
469 1518 576 1590 populo
600 1516 797 1574 habitantium
813 1534 844 1573 in
858 1518 977 1573 lerusa-
1028 1516 1092 1570 ctos
1114 1512 1220 1585 tontes,
1235 1519 1264 1570 et
1278 1514 1372 1571 rivum
1396 1517 1447 1590 qni
1462 1517 1573 1577 fluebat
1586 1520 1618 1576 in
1635 1524 1737 1580 medio
1761 1528 1855 1596 terrm

152 1588 222 1656 lein,
239 1589 392 1646 uiderent
414 1595 512 1661 partes
527 1589 730 1646 sacerdotibus
751 1594 781 1646 et
806 1589 924 1658 levitis,
941 1591 975 1645 ut
1028 1584 1182 1640 dicentes:

31 1716 36 1723 ,
152 1665 275 1734 possent
286 1676 388 1718 vacare
403 1659 459 1733 legi
476 1660 601 1716 Domini.
989 1661 1013 1727 B
1064 1655 1104 1715 Ne
1119 1655 1236 1711 veniant
1251 1673 1335 1730 reges
1350 1660 1548 1732 Assyriorum,
1558 1666 1589 1720 st
1599 1663 1755 1722 inveniunt
1768 1682 1855 1740 aqua·

187 1734 268 1800 Quod
280 1749 347 1789 cuin
361 1731 576 1803 percrebuisset
586 1732 615 1788 in
627 1732 751 1788 auribus
762 1730 973 1801 multitudinis,
1029 1743 1094 1783 rum
1113 1726 1335 1785 abundantiam.

152 1802 298 1875 plurimas
322 1802 454 1860 obtulere
468 1802 614 1876 primitias
630 1801 683 1858 iiiii
709 1803 797 1859 lsrael
822 1802 973 1873 frumenti,
1062 1799 1225 1881 AEdidcavit
1243 1816 1370 1883 quoque,
1385 1803 1643 1876 agensiuduetrie,
1658 1823 1781 1866 omnam
1795 1825 1857 1866 inu·

150 1875 223 1946 viiii,
240 1880 269 1931 ot
284 1873 352 1944 olei,
368 1873 465 1930 meliis
486 1891 615 1946 quoquc,
631 1880 660 1930 ot
685 1874 830 1940 omnium,
847 1890 914 1945 qum
927 1874 974 1947 gi·
1028 1886 1105 1937 rum,
1121 1886 1172 1941 qui
1188 1871 1281 1927 iuerat
1295 1873 1467 1946 dissipatus,
1483 1879 1513 1933 et
1531 1878 1679 1934 exstruxit
1694 1883 1796 1937 turres
1807 1881 1855 1938 ds·

150 1945 213 2018 gnit
228 1946 350 2014 humus,
368 1946 497 2002 decimas
511 1945 691 2003 obtulerunt.
1028 1957 1126 2014 super,
1143 1946 1172 1997 et
1187 1942 1349 2000 lorinsecus
1363 1943 1490 2002 aiterum
1505 1964 1626 2005 murum
1643 1968 1651 2006 ε
1669 1951 1856 2010 instaurarit·

186 2018 242 2074 Sed
258 2023 287 2073 et
302 2017 354 2073 filii
369 2016 458 2073 lsrael
474 2022 504 2073 et
522 2018 608 2084 luda,
624 2017 675 2088 qui
690 2016 865 2073 habitabant
877 2016 907 2071 iii
924 2032 974 2072 ur·
1028 2028 1085 2084 que
1097 2011 1182 2069 Mello
1197 2013 1227 2069 iii
1243 2013 1357 2071 civitate
1373 2017 1472 2085 bavid,
1487 2024 1517 2076 et
1531 2018 1601 2077 iecit
1616 2020 1750 2080 universi
1764 2039 1853 2097 geue·

149 2088 238 2145 bibus
259 2090 346 2154 luda,
363 2089 535 2144 obtuleruut
558 2089 688 2145 decimas
714 2088 803 2144 boum
819 2092 848 2143 et
863 2088 973 2159 ovium,
1027 2085 1069 2141 ris
1084 2089 1263 2141 armaturam
1278 2090 1308 2143 et
1322 2086 1439 2160 clypeos
1455 2105 1463 2145 τ

150 2159 340 2232 decimasque
354 2165 536 2227 sanctorum,
549 2163 761 2232 qnsvcvcraut
777 2158 899 2215 Domino
917 2163 973 2216 Deo
1062 2155 1280 2228 Constituitque
1296 2158 1443 2231 principes
1459 2160 1636 2219 bellatorum
1653 2164 1686 2220 iii
1714 2164 1850 2235 exercitu,

150 2246 226 2288 suo:
254 2235 341 2302 atque
365 2231 502 2287 universa
523 2233 684 2302 portantes,
701 2230 832 2286 iecerunt
855 2247 973 2288 acervos
1027 2231 1056 2283 et
1070 2228 1239 2285 convocavit
1263 2230 1415 2287 universos
1429 2231 1460 2287 iii
1475 2233 1571 2304 platea
1597 2239 1692 2309 porta
1716 2237 1851 2310 civitatis,

148 2302 305 2374 plurimos.
1027 2314 1062 2356 sc
1077 2297 1194 2355 locutus
1209 2303 1253 2356 est
1267 2301 1304 2356 ad
1320 2317 1371 2358 cor
1385 2317 1487 2359 eorum
1502 2303 1605 2364 dicens
1621 2322 1628 2362 :

183 2376 281 2430 Mense
295 2371 381 2429 tertio
402 2375 554 2444 coeperunt
575 2387 743 2429 acervorum
755 2373 854 2443 jacere
869 2373 973 2431 lunda·
1064 2370 1191 2427 viriliter
1215 2371 1303 2445 agite,
1319 2376 1359 2429 et·
1372 2374 1600 2434 confortamini:
1621 2377 1717 2436 nolite
1740 2378 1853 2450 timere,

148 2449 260 2512 menta,
277 2449 305 2500 st
320 2459 421 2500 inenss
435 2444 560 2515 septimo
575 2442 797 2514 compleverunt
810 2460 870 2501 ecs.
1027 2457 1080 2497 nec
1116 2443 1225 2499 aveatis
1235 2459 1333 2516 regem
1344 2446 1545 2518 assyriorum,
1556 2449 1769 2507 etuniverssm
1782 2450 1852 2508 mul·

183 2516 314 2599 Cumque
327 2515 455 2587 ingressi
480 2515 606 2571 inissent
628 2514 767 2571 Ezechias
782 2518 810 2571 et
825 2515 972 2599 principes
1027 2459 1191 2581 titudinem,
1207 2530 1271 2586 qua
1286 2519 1332 2571 esi
1346 2532 1413 2573 cum
1429 2533 1474 2575 eo.

148 2588 224 2659 ejus,
246 2588 383 2643 viderunt
410 2602 538 2657 acervos,
562 2590 591 2642 st
614 2586 826 2643 benedixerunt
849 2587 972 2646 Enmino
1028 2654 1034 2667 ι
1062 2584 1246 2642 Mulioenim
1268 2586 1368 2659 piures
1391 2590 1545 2647 nobiscum
1573 2594 1657 2661 eunt,
1672 2608 1766 2666 quam
1789 2609 1852 2650 oum

149 2656 435 2813 ⁸01113ggrurloogdelffiie
459 2728 597 2813 Ezechias
622 2730 789 2787 sacerdotes
803 2732 832 2786 el
847 2730 972 2804 Levitae,
1026 2654 1134 2809 malim
1151 2725 1200 2783 iiic
1221 2728 1434 2802 estseracbium
1455 2748 1606 2802 corneum,
1623 2734 1783 2793 nobiscum
1799 2739 1849 2794 Do·

145 2806 249 2859 surita
259 2802 392 2873 jacerent
405 2817 510 2858 acervi.
1027 2815 1127 2855 minus
1142 2799 1219 2855 Deus
1241 2805 1351 2869 noster,
1368 2802 1418 2874 qui
1439 2804 1597 2863 auxiliator
1609 2813 1657 2863 est
1672 2811 1787 2875 noster,
1801 2825 1851 2882 pu·

183 2872 347 2945 Respondit
361 2872 404 2928 iiii
420 2872 539 2929 asarias
552 2873 687 2929 sacerdos
701 2872 814 2944 primus
829 2873 865 2929 de
879 2873 972 2948 stirps
1026 2875 1156 2943 guatque
1170 2872 1332 2942 pronubis.

148 2945 252 3013 Sados,
269 2944 371 3000 dicens
388 2961 395 3000 :
1062 2941 1308 3015 Conicrlatusqne
1323 2947 1367 3001 est
1382 2945 1509 3018 populus
1529 2947 1745 3020 huiuscemodi
1759 2950 1850 3009 verbis

181 3017 289 3087 Erquo
297 3019 449 3089 cmperuut
457 3015 554 3071 offerri
564 3014 700 3087 primitie
709 3014 833 3071 indcmo
842 3015 970 3084 Domini,
987 3031 1009 3100 c
1028 3013 1156 3069 Ezechie
1173 3014 1250 3087 regis
1264 3016 1351 3073 luda.

145 3088 341 3155 comedimus,
362 3091 391 3143 et
415 3086 539 3143 saturati
563 3102 678 3155 sumus,
705 3093 970 3160 remanseruntque
1062 3083 1129 3148 Qua
1158 3091 1314 3168 ppstquam
1343 3090 1425 3159 gesta
1448 3093 1528 3157 suut,
1544 3091 1631 3148 misit
1654 3092 1849 3151 mansonario

144 3158 283 3232 plurima,
295 3176 328 3215 eo
340 3158 417 3232 quod
429 3158 610 3214 benedixerit
623 3158 765 3213 Dominus
776 3158 883 3231 populo
896 3175 967 3216 suo:
1024 3169 1075 3211 rex
1089 3159 1275 3229 Assyriorum
1292 3174 1392 3215 servos
1412 3176 1482 3217 suos
1496 3160 1667 3220 Jerusalem
1684 3165 1763 3307 (ipse
1776 3165 1848 3222 suini

145 3229 337 3302 reliquiarum
353 3235 452 3287 autem
467 3229 550 3302 copia
565 3232 610 3284 est
622 3229 689 3299 ista,
703 3245 792 3300 qnam
808 3230 914 3287 cernis.
1023 3242 1090 3283 cuin
1106 3232 1242 3286 universo
1260 3229 1389 3286 exercitu
1415 3231 1570 3291 obsidebat
1594 3234 1707 3293 Lachis
1732 3236 1772 3293 ad
1786 3237 1848 3294 Eza-

180 3300 323 3374 Pracepit
337 3302 429 3373 igitur
442 3300 590 3367 Ezechias,
607 3304 640 3355 ut
654 3307 851 3374 prepararent
864 3301 970 3359 horrea
1023 3296 1120 3355 chiam
1136 3315 1232 3370 regem
1247 3300 1778 3381 Juoa,etanumnempopu1nmqui
1791 3311 1847 3365 erat

145 3371 176 3426 in
191 3373 280 3427 domo
296 3372 423 3427 Domini.
1023 3369 1052 3425 in
1069 3370 1151 3437 urbe,
1167 3371 1289 3428 dicens:

180 3443 262 3506 Quod
278 3459 345 3497 cuin
372 3441 520 3509 iecissent,
537 3439 701 3497 intulerunt
726 3445 785 3498 triu
810 3442 968 3515 primitias,
1060 3441 1123 3497 ilaec
1151 3441 1222 3499 dicit
1246 3442 1445 3500 Sennacherib
1479 3460 1530 3502 rex
1557 3448 1753 3518 Assyriorum
1782 3467 1790 3508 ε
1815 3450 1843 3507 lii

144 3528 234 3585 quain
249 3514 389 3583 decimas,
405 3516 434 3568 et
455 3527 640 3583 quecunque
656 3517 804 3584 voverant,
822 3513 967 3572 fideliler:
1023 3528 1079 3583 qno
1095 3513 1235 3572 habentes
1260 3514 1395 3571 fiduciam
1420 3515 1528 3574 sedetis
1551 3519 1669 3577 obsessi
1683 3520 1717 3577 in
1732 3524 1845 3579 Jerusa-

180 3584 246 3640 Eoit
268 3588 367 3640 autem
383 3583 538 3657 prefectus
552 3599 654 3639 eorum
668 3585 834 3642 chonenias
860 3586 969 3655 Levita,
1022 3582 1105 3640 lem?

59 3690 64 3698 .
143 3659 173 3712 et
187 3655 281 3712 Semel
300 3656 390 3711 frater
404 3655 479 3726 ojus,
496 3656 654 3712 secundus,
1058 3654 1135 3712 Num
1159 3654 1296 3712 Ezechias
1320 3655 1430 3729 decipit
1449 3674 1512 3730 vos,
1527 3663 1560 3717 ut
1581 3660 1685 3717 tradat
1710 3661 1797 3719 morti
1817 3662 1844 3719 in

179 3731 249 3783 Post
263 3743 349 3798 quein
370 3724 456 3797 laici,
472 3730 502 3782 et
524 3727 651 3792 haurias,
667 3730 695 3782 et
710 3727 813 3796 Naatb,
829 3731 857 3784 et
870 3730 968 3798 hesel,
1024 3725 1101 3783 lame
1115 3730 1144 3782 et
1158 3726 1188 3782 in
1203 3726 1261 3796 sili,
1279 3727 1429 3785 eiiiimans
1444 3730 1521 3801 quod
1546 3731 1691 3790 minibus
1707 3733 1787 3792 Deus
1798 3749 1844 3790 rc·

144 3802 173 3855 ei
188 3798 333 3855 leiimoth
351 3813 357 3853 ε
1024 3803 1084 3855 ster
1097 3797 1201 3854 liberet
1215 3815 1265 3854 vos
1280 3798 1316 3854 de
1331 3814 1419 3855 manu
1439 3801 1516 3873 regis
1531 3803 1746 3875 Assyriorum?

177 3870 303 3927 lainbnd
316 3885 442 3942 quoque,
454 3874 482 3924 et
493 3866 850 3936 Eiioi,et.lesmachins,et
860 3871 969 3940 Meath,
1059 3869 1208 3952 Numquid
1224 3887 1282 3926 non
1296 3869 1351 3925 iste
1366 3872 1558 3931 esthechias
1573 3874 1626 3947 qui
1640 3875 1792 3934 destruxit
1803 3892 1846 3932 ax·

145 3946 174 3996 st
194 3941 328 4009 Bennios,
345 3940 492 4011 praepositi
518 3940 574 3995 sub
598 3940 736 3995 monibus
759 3940 926 4010 Cbonenia,
942 3948 970 4000 et
1024 3939 1103 3997 celsa
1117 3940 1198 3996 iliius
1217 3945 1247 3997 et
1261 3940 1374 4008 altaria,
1390 3945 1419 3998 et
1433 3945 1571 4019 pracepit
1590 3944 1672 4003 Jnda
1686 3952 1719 4004 ot
1732 3947 1845 4004 Jerusa-

144 4012 241 4068 Semei
266 4011 367 4069 iretris
390 4012 465 4083 ejus,
489 4027 524 4067 ex
547 4011 671 4082 imperio
696 4012 823 4068 Ezechiae
850 4015 927 4086 regis
942 4018 971 4071 ei
1023 4011 1092 4077 lein,
1118 4013 1217 4068 dicens
1236 4030 1242 4067 :
1258 4016 1363 4068 Coram
1387 4012 1473 4070 alteri
1498 4033 1557 4073 nno
1581 4017 1764 4085 adorabitis,
1777 4024 1806 4075 et
1818 4018 1846 4075 in

97 4082 101 4089 '
143 4083 252 4139 azaria
268 4082 417 4156 pontificis
434 4084 538 4138 domus
560 4084 607 4138 Dei
625 4083 660 4138 ad
677 4099 749 4153 qnos
764 4084 864 4139 omnia
880 4085 969 4156 perti·
1024 4082 1089 4156 ipso
1104 4084 1284 4140 comburetis
1300 4085 1479 4141 incensum?

144 4155 263 4211 nebant.
1058 4159 1103 4210 An
1127 4154 1270 4226 ignoratis
1293 4171 1358 4227 quic
1379 4171 1432 4225 ego
1456 4157 1586 4226 tmenm,
1602 4162 1633 4215 et
1662 4164 1766 4232 patres
1794 4159 1847 4217 msi

178 4227 250 4283 Coie
264 4241 331 4281 vero
347 4223 427 4281 iliius
441 4225 547 4281 Jsinua
572 4224 684 4280 Levites
705 4229 734 4281 ei
744 4225 857 4296 janitor
871 4225 967 4282 orleii·
1024 4224 1138 4282 ounctis
1154 4230 1297 4283 terrarum
1312 4225 1452 4298 popuiisi

144 4297 213 4354 talis
229 4301 330 4370 portae,
348 4297 521 4381 prepositus
536 4301 600 4352 erat
614 4296 652 4352 iis
666 4313 730 4368 quen
745 4300 850 4369 sponte
866 4298 968 4355 odero·
1058 4297 1208 4368 Numquid
1231 4295 1444 4370 preveiuerunt
1467 4297 1508 4354 dii
1532 4300 1683 4372 gentium,
1700 4303 1847 4360 omnium·

149 4368 260 4493 btiautirr
276 4369 407 4494 igumino,
418 4366 615 4440 primitiisque
628 4372 657 4423 st
667 4369 846 4424 consecratis
859 4368 888 4423 in
899 4373 1006 4474 San·D
1023 4383 1080 4440 que
1095 4373 1248 4496 perrarum,
1263 4367 1388 4425 liberare
1412 4368 1560 4442 regionem
1584 4387 1674 4431 suam
1696 4375 1736 4432 de
1759 4390 1847 4431 manu

148 4457 163 4496 c
180 4456 281 4496 usaue
296 4455 391 4495 orum.
1023 4455 1089 4495 men

180 4511 217 4566 Et
231 4512 286 4566 sub
307 4527 377 4565 cura
399 4510 462 4579 ejus
487 4509 576 4576 Eden,
591 4514 620 4565 et
644 4509 808 4580 benjamin,
823 4509 922 4577 Jeeue,
938 4515 966 4567 et
1057 4510 1129 4578 Quis
1143 4513 1189 4569 est
1203 4510 1238 4566 de
1252 4509 1396 4568 universis
1421 4509 1478 4567 diis
1499 4512 1632 4584 gentium
1649 4531 1730 4590 ques
1752 4519 1845 4573 vasta·

144 4581 287 4649 Semelae,
305 4580 434 4636 linarias
451 4596 568 4651 quoqne
587 4583 616 4636 et
634 4580 803 4646 Sechenias,
818 4581 848 4635 iii
862 4580 964 4637 civita·
1020 4586 1125 4638 verunt
1147 4587 1245 4655 patres
1266 4580 1396 4654 mei,qui
1420 4583 1548 4654 potuerit
1570 4599 1679 4644 eruere
1705 4587 1845 4663 populum

143 4652 224 4707 tibus
239 4652 435 4719 sacerdotum,
453 4656 485 4706 ut
507 4649 630 4707 iidoiiter
644 4650 855 4707 distribuerent
869 4654 967 4708 tratri·
1021 4669 1110 4710 suum
1126 4655 1161 4711 de
1176 4670 1264 4709 manu
1288 4670 1361 4720 mea,
1379 4655 1412 4708 ut
1435 4654 1529 4724 pessit
1541 4655 1633 4715 etiarn
1648 4657 1733 4717 Deus
1754 4664 1848 4718 vestm

143 4723 200 4780 bus
215 4723 277 4778 suis
303 4727 410 4793 partes,
428 4722 592 4778 minoribus
607 4727 694 4794 atquc
718 4723 899 4794 majoribus:
916 4742 965 4780 eii·
1020 4740 1122 4781 eruere
1137 4742 1188 4782 vos
1203 4726 1239 4781 de
1254 4724 1309 4781 hnc
1326 4725 1440 4781 mauu?
1470 4730 1482 4743 '

141 4795 235 4866 ceptis
247 4793 378 4850 maribus
390 4794 426 4848 ab
438 4793 523 4848 annis
535 4794 629 4850 tribus
640 4798 669 4851 et
681 4811 779 4864 supra,
791 4795 965 4867 cunctisque
1056 4796 1120 4853 Non
1135 4813 1185 4853 vos
1209 4813 1242 4852 er
1262 4812 1278 4852 o
1293 4795 1420 4869 decipiat
1433 4795 1582 4882 Ezechias²
1598 4813 1656 4857 neo
1679 4818 1759 4860 vaus
1782 4818 1845 4873 psi·

142 4867 192 4936 qni
208 4864 447 4938 ingrediebantur
469 4864 612 4936 templum
639 4865 764 4933 Domini,
775 4872 804 4922 et
819 4867 964 4949 quidquid
1020 4869 1158 4924 suasione
1174 4811 1304 4936 deludat,
1316 4866 1594 4939 nequooiedetisei.
1605 4869 1633 4926 si
1647 4872 1731 4929 enini
1748 4874 1846 4931 nuilus

142 4935 343 5019 persingulas
363 4934 424 4991 dies
449 4936 672 5019 conducebatin
690 4936 964 5011 ministeric,ntque
1039 4939 1115 4995 oluit
1129 4941 1201 4996 deus
1224 4943 1394 4995 cunctarum
1412 4937 1548 5064 gentium
1571 4944 1663 5011 atque
1688 4960 1845 5018 regnorum

140 5007 395 5065 observationibus
405 5006 489 5072 ¹tunila
500 5007 658 5064 divisiones
670 5025 749 5075 snas,
762 5010 964 5066 sacerdotibus
1019 4956 1143 5068 floriare
1158 5010 1297 5083 populum
1308 5025 1397 5066 suum
1434 5025 1552 5066 sinaiiu
1569 5028 1648 5080 mea,
1662 5019 1694 5070 et
1706 5018 1744 5073 de
1759 5033 1846 5074 manu

140 5079 346 5152 perfamilias,
363 5082 391 5135 el
411 5077 703 5135 Levitiaavicesimo
725 5084 962 5152 anncetsuprs,
1019 5087 1135 5154 patrum
1162 5097 1306 5148 meorum,
1329 5083 1542 5152 cousequenter
1564 5098 1619 5140 nee
1643 5083 1728 5144 Deus
1751 5094 1846 5147 vester

141 5167 192 5220 pei
206 5151 324 5207 ordines
337 5152 365 5205 et
379 5153 494 5205 turmas
515 5165 596 5215 suas,
613 5150 812 5222 universaeque
828 5151 962 5207 multitu·
1018 5153 1125 5225 pulerit
1138 5168 1239 5210 eruere
1253 5168 1303 5208 vus
1319 5152 1355 5208 de
1371 5168 1460 5207 mauu
1476 5167 1550 5209 mes.

140 5222 213 5289 diiii,
231 5227 289 5279 tam
307 5219 448 5277 uxoribus
463 5236 550 5290 quain
577 5219 678 5276 liberis
693 5238 791 5277 carnin
807 5223 962 5293 utriusque
1052 5224 1107 5280 Sed
1124 5229 1152 5279 et
1166 5223 1225 5280 alia
1246 5223 1338 5280 muita
1353 5221 1441 5279 locuti
1458 5227 1528 5279 sunt
1550 5224 1629 5281 servi
1653 5226 1845 5300 ejus,ccntra

141 5310 238 5360 serus,
256 5293 382 5349 fideliter
405 5290 473 5360 cibi,
489 5290 524 5346 dc
541 5291 586 5347 iiis
610 5308 676 5363 que
697 5294 879 5350 sanctificata
901 5295 962 5350 lue·
1017 5292 1175 5351 Dominum
1192 5301 1294 5361 Deum,
1305 5298 1334 5351 et
1348 5297 1449 5350 contra
1463 5293 1616 5352 Ezechiam
1632 5313 1758 5359 servum
1773 5304 1843 5376 ejus

139 5369 215 5430 rant,
232 5365 447 5437 praebebantur.
1017 5364 1159 5437 Epistulas
1184 5383 1299 5439 quoque
1323 5364 1443 5437 scripsit
1468 5367 1571 5438 pianes
1597 5366 1844 5445 blasphemiam

173 5436 229 5494 Sed
246 5441 275 5491 st
290 5434 417 5492 tiliorum
432 5434 528 5488 Aaron
553 5448 605 5505 per
629 5448 714 5505 agios
739 5441 766 5488 et
790 5434 962 5492 suburbana
1016 5436 1174 5494 Dominum
1199 5439 1292 5495 Deum
1316 5435 1416 5504 israel,
1438 5438 1467 5494 et
1489 5434 1607 5496 locutus
1630 5450 1682 5502 est
1705 5445 1844 5503 adversus

138 5507 256 5564 urbium
271 5505 466 5576 singularum,
478 5503 613 5576 dispositi
624 5508 705 5559 erant
720 5504 784 5576 viri,
796 5506 846 5580 qui
862 5511 961 5579 partes
1015 5524 1083 5565 eum
1101 5525 1108 5564 :

137 5579 348 5634 distribuerent
368 5577 504 5633 universo
526 5575 607 5631 sexui
632 5574 796 5633 masculino
812 5578 847 5633 do
862 5594 960 5635 sacer·
1051 5580 1133 5636 Sicut
1147 5580 1187 5635 dii
1203 5579 1335 5652 gentium
1352 5581 1523 5635 ceterarum
1546 5596 1605 5638 non
1632 5586 1844 5658 putueruntii·

137 5648 256 5704 dotibus
271 5655 299 5704 et
316 5648 434 5705 Levitis.
1015 5651 1117 5709 berane
1131 5652 1273 5726 populum
1296 5666 1384 5708 suurn
1400 5650 1436 5707 de
1450 5666 1539 5707 manu
1558 5669 1626 5713 mea
1642 5673 1651 5715 :
1666 5658 1714 5717 aio
1726 5666 1844 5720 etheus

173 5744 182 5780 ¹
197 5744 308 5805 vitiose
325 5745 418 5805 Latini
433 5742 556 5819 quidam
572 5743 711 5819 impressi
725 5743 794 5804 libri
811 5747 1024 5810 obumbrarent.
