<?xml version="1.0" encoding="UTF-8"?>
<!DOCTYPE html PUBLIC "-//W3C//DTD XHTML 1.0 Transitional//EN"
    "http://www.w3.org/TR/xhtml1/DTD/xhtml1-transitional.dtd">
<html xmlns="http://www.w3.org/1999/xhtml" xml:lang="en" lang="en">
 <head>
  <title>
</title>
<meta http-equiv="Content-Type" content="text/html;charset=utf-8" />
  <meta name='ocr-system' content='tesseract 3.04.00' />
  <meta name='ocr-capabilities' content='ocr_page ocr_carea ocr_par ocr_line ocrx_word'/>
</head>
<body>
  <div class='ocr_page' id='page_1' title='image "./patrologiaecurs13goog_0012.png"; bbox 0 0 3870 6120; ppageno 0'>
   <div class='ocr_carea' id='block_1_1' title="bbox 154 297 1860 367">
    <p class='ocr_par' dir='ltr' id='par_1_1' title="bbox 154 297 1860 367">
     <span class='ocr_line' id='line_1_1' title="bbox 154 297 1860 367; baseline -0.006 0"><span class='ocrx_word' id='word_1_1' title='bbox 154 305 192 367; x_wconf 81' lang='lat' dir='ltr'><strong>ill</strong></span> <span class='ocrx_word' id='word_1_2' title='bbox 901 298 1123 361; x_wconf 77' lang='lat' dir='ltr'><strong>PRAEFA‘FIO.</strong></span> <span class='ocrx_word' id='word_1_3' title='bbox 1819 297 1860 358; x_wconf 78' lang='lat' dir='ltr'><strong>lb</strong></span> 
     </span>
    </p>
   </div>
   <div class='ocr_carea' id='block_1_2' title="bbox 152 432 1862 711">
    <p class='ocr_par' dir='ltr' id='par_1_2' title="bbox 152 432 1862 711">
     <span class='ocr_line' id='line_1_2' title="bbox 152 432 1861 516; baseline -0.005 -15"><span class='ocrx_word' id='word_1_4' title='bbox 152 438 441 516; x_wconf 78' lang='lat' dir='ltr'><strong>consuetudineque</strong></span> <span class='ocrx_word' id='word_1_5' title='bbox 456 440 524 497; x_wconf 90' lang='lat' dir='ltr'><strong>tum</strong></span> <span class='ocrx_word' id='word_1_6' title='bbox 536 433 624 507; x_wconf 81' lang='lat' dir='ltr'><strong>vixit,</strong></span> <span class='ocrx_word' id='word_1_7' title='bbox 638 440 748 515; x_wconf 87' lang='lat' dir='ltr'><strong>utpote</strong></span> <span class='ocrx_word' id='word_1_8' title='bbox 761 434 917 509; x_wconf 92' lang='lat' dir='ltr'><strong>omnium,</strong></span> <span class='ocrx_word' id='word_1_9' title='bbox 935 451 1014 514; x_wconf 93' lang='lat' dir='ltr'><strong>quos</strong></span> <span class='ocrx_word' id='word_1_10' title='bbox 1028 451 1066 496; x_wconf 88' lang='lat' dir='ltr'><strong>ea</strong></span> <span class='ocrx_word' id='word_1_11' title='bbox 1079 432 1152 496; x_wconf 88' lang='lat' dir='ltr'><strong>tulit</strong></span> <span class='ocrx_word' id='word_1_12' title='bbox 1167 439 1253 510; x_wconf 80' lang='lat' dir='ltr'><strong>setas,</strong></span> <span class='ocrx_word' id='word_1_13' title='bbox 1271 434 1493 511; x_wconf 86' lang='lat' dir='ltr'><strong>eruditissimo,</strong></span> <span class='ocrx_word' id='word_1_14' title='bbox 1524 438 1651 497; x_wconf 89' lang='lat' dir='ltr'><strong>tantum</strong></span> <span class='ocrx_word' id='word_1_15' title='bbox 1675 432 1861 495; x_wconf 86' lang='lat' dir='ltr'><strong>instauren-</strong></span> 
     </span>
     <span class='ocr_line' id='line_1_3' title="bbox 154 531 1860 615; baseline -0.004 -16"><span class='ocrx_word' id='word_1_16' title='bbox 154 538 203 599; x_wconf 82' lang='lat' dir='ltr'><strong>dm</strong></span> <span class='ocrx_word' id='word_1_17' title='bbox 218 537 388 615; x_wconf 85' lang='lat' dir='ltr'><strong>Scrlpturae</strong></span> <span class='ocrx_word' id='word_1_18' title='bbox 404 551 482 613; x_wconf 90' lang='lat' dir='ltr'><strong>opus</strong></span> <span class='ocrx_word' id='word_1_19' title='bbox 497 532 723 593; x_wconf 87' lang='lat' dir='ltr'><strong>demandatum</strong></span> <span class='ocrx_word' id='word_1_20' title='bbox 740 539 796 594; x_wconf 92' lang='lat' dir='ltr'><strong>est.</strong></span> <span class='ocrx_word' id='word_1_21' title='bbox 813 537 858 594; x_wconf 86' lang='lat' dir='ltr'><strong>Ac</strong></span> <span class='ocrx_word' id='word_1_22' title='bbox 874 538 947 593; x_wconf 92' lang='lat' dir='ltr'><strong>sunt</strong></span> <span class='ocrx_word' id='word_1_23' title='bbox 961 531 1100 611; x_wconf 84' lang='lat' dir='ltr'><strong>quidem,</strong></span> <span class='ocrx_word' id='word_1_24' title='bbox 1118 531 1172 612; x_wconf 89' lang='lat' dir='ltr'><strong>qni</strong></span> <span class='ocrx_word' id='word_1_25' title='bbox 1186 550 1258 594; x_wconf 94' lang='lat' dir='ltr'><strong>eum</strong></span> <span class='ocrx_word' id='word_1_26' title='bbox 1280 539 1407 595; x_wconf 87' lang='lat' dir='ltr'><strong>tradant</strong></span> <span class='ocrx_word' id='word_1_27' title='bbox 1421 533 1597 596; x_wconf 85' lang='lat' dir='ltr'><strong>vernaculis</strong></span> <span class='ocrx_word' id='word_1_28' title='bbox 1622 531 1860 612; x_wconf 84' lang='lat' dir='ltr'><strong>interpretatio·</strong></span> 
     </span>
     <span class='ocr_line' id='line_1_4' title="bbox 154 629 1862 711; baseline -0.003 -15"><span class='ocrx_word' id='word_1_29' title='bbox 154 635 248 696; x_wconf 92' lang='lat' dir='ltr'><strong>nibus</strong></span> <span class='ocrx_word' id='word_1_30' title='bbox 263 653 324 694; x_wconf 90' lang='lat' dir='ltr'><strong>non</strong></span> <span class='ocrx_word' id='word_1_31' title='bbox 342 636 534 708; x_wconf 86' lang='lat' dir='ltr'><strong>contentum,</strong></span> <span class='ocrx_word' id='word_1_32' title='bbox 551 630 749 691; x_wconf 81' lang='lat' dir='ltr'><strong>addiscendis</strong></span> <span class='ocrx_word' id='word_1_33' title='bbox 771 630 978 709; x_wconf 80' lang='lat' dir='ltr'><strong>originalibus</strong></span> <span class='ocrx_word' id='word_1_34' title='bbox 993 629 1118 708; x_wconf 80' lang='lat' dir='ltr'><strong>linguis,</strong></span> <span class='ocrx_word' id='word_1_35' title='bbox 1136 631 1298 691; x_wconf 82' lang='lat' dir='ltr'><strong>Hebraioae</strong></span> <span class='ocrx_word' id='word_1_36' title='bbox 1310 637 1341 692; x_wconf 89' lang='lat' dir='ltr'><strong>et</strong></span> <span class='ocrx_word' id='word_1_37' title='bbox 1356 633 1483 705; x_wconf 83' lang='lat' dir='ltr'><strong>Craecae,</strong></span> <span class='ocrx_word' id='word_1_38' title='bbox 1501 650 1634 711; x_wconf 87' lang='lat' dir='ltr'><strong>operam</strong></span> <span class='ocrx_word' id='word_1_39' title='bbox 1654 630 1862 710; x_wconf 89' lang='lat' dir='ltr'><strong>impendisse-</strong></span> 
     </span>
    </p>
   </div>
   <div class='ocr_carea' id='block_1_3' title="bbox 26 726 1860 812">
    <p class='ocr_par' dir='ltr' id='par_1_3' title="bbox 26 726 1860 812">
     <span class='ocr_line' id='line_1_5' title="bbox 26 726 1860 812; baseline -0.004 -18"><span class='ocrx_word' id='word_1_40' title='bbox 26 758 29 765; x_wconf 95' lang='lat'>·</span> <span class='ocrx_word' id='word_1_41' title='bbox 126 726 129 731; x_wconf 66' lang='grc'>’</span> <span class='ocrx_word' id='word_1_42' title='bbox 154 734 256 812; x_wconf 89' lang='lat' dir='ltr'><strong>iisqne</strong></span> <span class='ocrx_word' id='word_1_43' title='bbox 270 749 335 792; x_wconf 86' lang='lat' dir='ltr'><strong>esse</strong></span> <span class='ocrx_word' id='word_1_44' title='bbox 351 731 381 790; x_wconf 89' lang='lat' dir='ltr'><strong>in</strong></span> <span class='ocrx_word' id='word_1_45' title='bbox 397 730 457 790; x_wconf 92' lang='lat' dir='ltr'><strong>hoc</strong></span> <span class='ocrx_word' id='word_1_46' title='bbox 475 729 582 788; x_wconf 84' lang='lat' dir='ltr'><strong>labore</strong></span> <span class='ocrx_word' id='word_1_47' title='bbox 598 728 729 788; x_wconf 89' lang='lat' dir='ltr'><strong>teliciter</strong></span> <span class='ocrx_word' id='word_1_48' title='bbox 744 728 935 789; x_wconf 80' lang='lat' dir='ltr'><strong>excutiendo</strong></span> <span class='ocrx_word' id='word_1_49' title='bbox 953 746 1054 789; x_wconf 92' lang='lat' dir='ltr'><strong>usum.</strong></span> <span class='ocrx_word' id='word_1_50' title='bbox 1070 729 1184 788; x_wconf 83' lang='lat' dir='ltr'><strong>Verum</strong></span> <span class='ocrx_word' id='word_1_51' title='bbox 1199 747 1269 807; x_wconf 86' lang='lat' dir='ltr'><strong>quae</strong></span> <span class='ocrx_word' id='word_1_52' title='bbox 1285 729 1345 789; x_wconf 87' lang='lat' dir='ltr'><strong>tria</strong></span> <span class='ocrx_word' id='word_1_53' title='bbox 1361 728 1429 808; x_wconf 86' lang='lat' dir='ltr'><strong>ejus</strong></span> <span class='ocrx_word' id='word_1_54' title='bbox 1445 729 1566 808; x_wconf 75' lang='lat' dir='ltr'><strong>peritias</strong></span> <span class='ocrx_word' id='word_1_55' title='bbox 1580 729 1613 789; x_wconf 90' lang='lat' dir='ltr'><strong>in</strong></span> <span class='ocrx_word' id='word_1_56' title='bbox 1628 728 1783 789; x_wconf 91' lang='lat' dir='ltr'><strong>Hebraico</strong></span> <span class='ocrx_word' id='word_1_57' title='bbox 1793 732 1860 788; x_wconf 86' lang='lat' dir='ltr'><strong>tex·</strong></span> 
     </span>
    </p>
   </div>
   <div class='ocr_carea' id='block_1_4' title="bbox 154 824 1863 1897">
    <p class='ocr_par' dir='ltr' id='par_1_4' title="bbox 154 824 1863 1897">
     <span class='ocr_line' id='line_1_6' title="bbox 155 824 1861 905; baseline -0.004 -14"><span class='ocrx_word' id='word_1_58' title='bbox 155 835 189 891; x_wconf 91' lang='lat' dir='ltr'><strong>tu</strong></span> <span class='ocrx_word' id='word_1_59' title='bbox 204 827 369 889; x_wconf 88' lang='lat' dir='ltr'><strong>tractando</strong></span> <span class='ocrx_word' id='word_1_60' title='bbox 385 825 504 904; x_wconf 78' lang='lat' dir='ltr'><strong>profert</strong></span> <span class='ocrx_word' id='word_1_61' title='bbox 518 832 705 903; x_wconf 82' lang='lat' dir='ltr'><strong>argumenta</strong></span> <span class='ocrx_word' id='word_1_62' title='bbox 720 845 859 905; x_wconf 88' lang='lat' dir='ltr'><strong>nuperus</strong></span> <span class='ocrx_word' id='word_1_63' title='bbox 875 826 942 903; x_wconf 84' lang='lat' dir='ltr'><strong>ejus</strong></span> <span class='ocrx_word' id='word_1_64' title='bbox 958 825 1105 886; x_wconf 89' lang='lat' dir='ltr'><strong>laudator</strong></span> <span class='ocrx_word' id='word_1_65' title='bbox 1120 825 1247 905; x_wconf 84' lang='lat' dir='ltr'><strong>Hodyns</strong></span> <span class='ocrx_word' id='word_1_66' title='bbox 1261 845 1298 887; x_wconf 86' lang='lat' dir='ltr'><strong>ex</strong></span> <span class='ocrx_word' id='word_1_67' title='bbox 1308 827 1614 888; x_wconf 73' lang='lat' dir='ltr'><strong>Commentariorum</strong></span> <span class='ocrx_word' id='word_1_68' title='bbox 1625 826 1725 899; x_wconf 91' lang='lat' dir='ltr'><strong>libris,</strong></span> <span class='ocrx_word' id='word_1_69' title='bbox 1741 826 1774 886; x_wconf 90' lang='lat' dir='ltr'><strong>in</strong></span> <span class='ocrx_word' id='word_1_70' title='bbox 1790 824 1861 903; x_wconf 89' lang='lat' dir='ltr'><strong>qui-</strong></span> 
     </span>
     <span class='ocr_line' id='line_1_7' title="bbox 155 922 1860 1004; baseline -0.003 -17"><span class='ocrx_word' id='word_1_71' title='bbox 155 923 495 1004; x_wconf 83' lang='lat' dir='ltr'><strong>busliieronymiauam</strong></span> <span class='ocrx_word' id='word_1_72' title='bbox 512 923 699 996; x_wconf 84' lang='lat' dir='ltr'><strong>versionem,</strong></span> <span class='ocrx_word' id='word_1_73' title='bbox 715 943 778 1002; x_wconf 92' lang='lat' dir='ltr'><strong>qua</strong></span> <span class='ocrx_word' id='word_1_74' title='bbox 794 925 1000 998; x_wconf 81' lang='lat' dir='ltr'><strong>utebatur,es</strong></span> <span class='ocrx_word' id='word_1_75' title='bbox 1015 924 1149 985; x_wconf 83' lang='lat' dir='ltr'><strong>Hebraeo</strong></span> <span class='ocrx_word' id='word_1_76' title='bbox 1163 925 1320 985; x_wconf 89' lang='lat' dir='ltr'><strong>interdum</strong></span> <span class='ocrx_word' id='word_1_77' title='bbox 1338 925 1557 997; x_wconf 62' lang='lat' dir='ltr'><strong>correxissent</strong></span> <span class='ocrx_word' id='word_1_78' title='bbox 1570 940 1799 1003; x_wconf 85' lang='lat' dir='ltr'><strong>nonnunquam</strong></span> <span class='ocrx_word' id='word_1_79' title='bbox 1811 922 1860 983; x_wconf 92' lang='lat' dir='ltr'><strong>di·</strong></span> 
     </span>
     <span class='ocr_line' id='line_1_8' title="bbox 154 1021 1862 1102; baseline -0.002 -18"><span class='ocrx_word' id='word_1_80' title='bbox 154 1030 236 1085; x_wconf 90' lang='lat' dir='ltr'><strong>serte</strong></span> <span class='ocrx_word' id='word_1_81' title='bbox 250 1022 432 1102; x_wconf 87' lang='lat' dir='ltr'><strong>repudiasse</strong></span> <span class='ocrx_word' id='word_1_82' title='bbox 445 1026 602 1093; x_wconf 88' lang='lat' dir='ltr'><strong>autumat,</strong></span> <span class='ocrx_word' id='word_1_83' title='bbox 620 1021 698 1081; x_wconf 90' lang='lat' dir='ltr'><strong>nihil</strong></span> <span class='ocrx_word' id='word_1_84' title='bbox 714 1024 854 1101; x_wconf 81' lang='lat' dir='ltr'><strong>proiectu</strong></span> <span class='ocrx_word' id='word_1_85' title='bbox 871 1026 953 1095; x_wconf 90' lang='lat' dir='ltr'><strong>sunt,</strong></span> <span class='ocrx_word' id='word_1_86' title='bbox 972 1022 1169 1101; x_wconf 90' lang='lat' dir='ltr'><strong>nequeenim</strong></span> <span class='ocrx_word' id='word_1_87' title='bbox 1187 1022 1293 1083; x_wconf 86' lang='lat' dir='ltr'><strong>Albini</strong></span> <span class='ocrx_word' id='word_1_88' title='bbox 1309 1022 1363 1083; x_wconf 93' lang='lat' dir='ltr'><strong>illa</strong></span> <span class='ocrx_word' id='word_1_89' title='bbox 1378 1029 1462 1096; x_wconf 91' lang='lat' dir='ltr'><strong>sunt,</strong></span> <span class='ocrx_word' id='word_1_90' title='bbox 1488 1023 1542 1084; x_wconf 92' lang='lat' dir='ltr'><strong>sed</strong></span> <span class='ocrx_word' id='word_1_91' title='bbox 1566 1022 1732 1102; x_wconf 88' lang='lat' dir='ltr'><strong>ipsiusmet</strong></span> <span class='ocrx_word' id='word_1_92' title='bbox 1753 1025 1862 1081; x_wconf 89' lang='lat' dir='ltr'><strong>llicro·</strong></span> 
     </span>
     <span class='ocr_line' id='line_1_9' title="bbox 155 1118 1862 1201; baseline -0.002 -19"><span class='ocrx_word' id='word_1_93' title='bbox 155 1121 255 1201; x_wconf 87' lang='lat' dir='ltr'><strong>nymi,</strong></span> <span class='ocrx_word' id='word_1_94' title='bbox 272 1140 290 1182; x_wconf 88' lang='lat' dir='ltr'><strong>a</strong></span> <span class='ocrx_word' id='word_1_95' title='bbox 305 1139 368 1201; x_wconf 90' lang='lat' dir='ltr'><strong>quo</strong></span> <span class='ocrx_word' id='word_1_96' title='bbox 382 1120 435 1180; x_wconf 90' lang='lat' dir='ltr'><strong>ille</strong></span> <span class='ocrx_word' id='word_1_97' title='bbox 450 1119 626 1198; x_wconf 84' lang='lat' dir='ltr'><strong>descripsit,</strong></span> <span class='ocrx_word' id='word_1_98' title='bbox 645 1119 776 1181; x_wconf 89' lang='lat' dir='ltr'><strong>totidem</strong></span> <span class='ocrx_word' id='word_1_99' title='bbox 794 1119 899 1180; x_wconf 88' lang='lat' dir='ltr'><strong>verba.</strong></span> <span class='ocrx_word' id='word_1_100' title='bbox 916 1123 996 1181; x_wconf 87' lang='lat' dir='ltr'><strong>Sunt</strong></span> <span class='ocrx_word' id='word_1_101' title='bbox 1008 1138 1083 1182; x_wconf 82' lang='lat' dir='ltr'><strong>vero</strong></span> <span class='ocrx_word' id='word_1_102' title='bbox 1098 1120 1226 1181; x_wconf 77' lang='lat' dir='ltr'><strong>isthac.</strong></span> <span class='ocrx_word' id='word_1_103' title='bbox 1245 1123 1280 1181; x_wconf 94' lang='lat' dir='ltr'><strong>In</strong></span> <span class='ocrx_word' id='word_1_104' title='bbox 1308 1138 1377 1200; x_wconf 86' lang='lat' dir='ltr'><strong>cap.</strong></span> <span class='ocrx_word' id='word_1_105' title='bbox 1408 1123 1484 1183; x_wconf 85' lang='lat' dir='ltr'><strong>Cen.</strong></span> <span class='ocrx_word' id='word_1_106' title='bbox 1513 1137 1588 1193; x_wconf 81' lang='lat' dir='ltr'><strong>xxv,</strong></span> <span class='ocrx_word' id='word_1_107' title='bbox 1618 1123 1660 1181; x_wconf 87' lang='lat'><strong>8:</strong></span> <span class='ocrx_word' id='word_1_108' title='bbox 1695 1118 1862 1198; x_wconf 82' lang='lat' dir='ltr'><strong>Quomodo</strong></span> 
     </span>
     <span class='ocr_line' id='line_1_10' title="bbox 155 1215 1863 1300; baseline -0.001 -21"><span class='ocrx_word' id='word_1_109' title='bbox 155 1220 297 1280; x_wconf 85' lang='lat' dir='ltr'><strong>convenit</strong></span> <span class='ocrx_word' id='word_1_110' title='bbox 311 1216 446 1279; x_wconf 78' lang='lat' dir='ltr'><strong>Abraisn</strong></span> <span class='ocrx_word' id='word_1_111' title='bbox 467 1223 530 1278; x_wconf 90' lang='lat' dir='ltr'><strong>tam</strong></span> <span class='ocrx_word' id='word_1_112' title='bbox 545 1223 654 1278; x_wconf 88' lang='lat' dir='ltr'><strong>sancto</strong></span> <span class='ocrx_word' id='word_1_113' title='bbox 668 1217 736 1278; x_wconf 87' lang='lat' dir='ltr'><strong>viro</strong></span> <span class='ocrx_word' id='word_1_114' title='bbox 751 1217 835 1299; x_wconf 83' lang='lat' dir='ltr'><strong>quod</strong></span> <span class='ocrx_word' id='word_1_115' title='bbox 848 1217 979 1296; x_wconf 86' lang='lat' dir='ltr'><strong>dicitur,</strong></span> <span class='ocrx_word' id='word_1_116' title='bbox 995 1219 1035 1278; x_wconf 88' lang='lat' dir='ltr'><strong>Et</strong></span> <span class='ocrx_word' id='word_1_117' title='bbox 1048 1217 1196 1278; x_wconf 85' lang='lat' dir='ltr'><strong>deficiens</strong></span> <span class='ocrx_word' id='word_1_118' title='bbox 1211 1223 1354 1279; x_wconf 90' lang='lat' dir='ltr'><strong>mortuus</strong></span> <span class='ocrx_word' id='word_1_119' title='bbox 1369 1221 1439 1280; x_wconf 79' lang='lat' dir='ltr'><strong>cst?</strong></span> <span class='ocrx_word' id='word_1_120' title='bbox 1454 1217 1648 1300; x_wconf 85' lang='lat' dir='ltr'><strong>Respondeo‚</strong></span> <span class='ocrx_word' id='word_1_121' title='bbox 1666 1218 1699 1278; x_wconf 93' lang='lat' dir='ltr'><strong>in</strong></span> <span class='ocrx_word' id='word_1_122' title='bbox 1726 1215 1863 1277; x_wconf 84' lang='lat' dir='ltr'><strong>Hebroeo</strong></span> 
     </span>
     <span class='ocr_line' id='line_1_11' title="bbox 157 1313 1862 1395; baseline -0.001 -19"><span class='ocrx_word' id='word_1_123' title='bbox 157 1335 218 1376; x_wconf 91' lang='lat' dir='ltr'><strong>nou</strong></span> <span class='ocrx_word' id='word_1_124' title='bbox 234 1313 374 1387; x_wconf 81' lang='lat' dir='ltr'><strong>liabetur,</strong></span> <span class='ocrx_word' id='word_1_125' title='bbox 393 1314 560 1389; x_wconf 87' lang='lat' dir='ltr'><strong>deficiens;</strong></span> <span class='ocrx_word' id='word_1_126' title='bbox 577 1313 633 1374; x_wconf 85' lang='lat' dir='ltr'><strong>sed</strong></span> <span class='ocrx_word' id='word_1_127' title='bbox 646 1335 666 1373; x_wconf 89' lang='lat' dir='ltr'><strong>a</strong></span> <span class='ocrx_word' id='word_1_128' title='bbox 680 1313 890 1395; x_wconf 77' lang='lat' dir='ltr'><strong>Septuaginta</strong></span> <span class='ocrx_word' id='word_1_129' title='bbox 904 1313 1131 1395; x_wconf 85' lang='lat' dir='ltr'><strong>Interpretibus</strong></span> <span class='ocrx_word' id='word_1_130' title='bbox 1146 1313 1292 1375; x_wconf 86' lang='lat' dir='ltr'><strong>additum</strong></span> <span class='ocrx_word' id='word_1_131' title='bbox 1306 1320 1362 1375; x_wconf 88' lang='lat' dir='ltr'><strong>est.</strong></span> <span class='ocrx_word' id='word_1_132' title='bbox 1380 1317 1420 1375; x_wconf 90' lang='lat' dir='ltr'><strong>Et</strong></span> <span class='ocrx_word' id='word_1_133' title='bbox 1434 1314 1465 1375; x_wconf 90' lang='lat' dir='ltr'><strong>in</strong></span> <span class='ocrx_word' id='word_1_134' title='bbox 1479 1315 1599 1376; x_wconf 89' lang='lat' dir='ltr'><strong>Eccles.</strong></span> <span class='ocrx_word' id='word_1_135' title='bbox 1611 1333 1644 1376; x_wconf 84' lang='lat' dir='ltr'><strong>rx</strong></span> <span class='ocrx_word' id='word_1_136' title='bbox 1656 1332 1663 1375; x_wconf 90' lang='lat'>:</span> <span class='ocrx_word' id='word_1_137' title='bbox 1677 1313 1862 1375; x_wconf 83' lang='lat' dir='ltr'><strong>Notandum</strong></span> 
     </span>
     <span class='ocr_line' id='line_1_12' title="bbox 158 1409 1862 1495; baseline -0.001 -22"><span class='ocrx_word' id='word_1_138' title='bbox 158 1419 215 1486; x_wconf 86' lang='lat' dir='ltr'><strong>est,</strong></span> <span class='ocrx_word' id='word_1_139' title='bbox 231 1413 382 1495; x_wconf 87' lang='lat' dir='ltr'><strong>quodper</strong></span> <span class='ocrx_word' id='word_1_140' title='bbox 397 1416 494 1472; x_wconf 90' lang='lat' dir='ltr'><strong>totum</strong></span> <span class='ocrx_word' id='word_1_141' title='bbox 510 1410 628 1472; x_wconf 85' lang='lat' dir='ltr'><strong>librum</strong></span> <span class='ocrx_word' id='word_1_142' title='bbox 640 1410 815 1492; x_wconf 83' lang='lat' dir='ltr'><strong>ubicunque</strong></span> <span class='ocrx_word' id='word_1_143' title='bbox 838 1412 970 1485; x_wconf 86' lang='lat' dir='ltr'><strong>dicitur,</strong></span> <span class='ocrx_word' id='word_1_144' title='bbox 987 1411 1059 1473; x_wconf 86' lang='lat' dir='ltr'><strong>Filii</strong></span> <span class='ocrx_word' id='word_1_145' title='bbox 1074 1412 1248 1485; x_wconf 90' lang='lat' dir='ltr'><strong>hominum,</strong></span> <span class='ocrx_word' id='word_1_146' title='bbox 1266 1412 1298 1472; x_wconf 89' lang='lat' dir='ltr'><strong>in</strong></span> <span class='ocrx_word' id='word_1_147' title='bbox 1312 1409 1445 1472; x_wconf 79' lang='lat' dir='ltr'><strong>Hebraeo</strong></span> <span class='ocrx_word' id='word_1_148' title='bbox 1461 1410 1605 1484; x_wconf 84' lang='lat' dir='ltr'><strong>habetur,</strong></span> <span class='ocrx_word' id='word_1_149' title='bbox 1622 1412 1694 1474; x_wconf 83' lang='lat' dir='ltr'><strong>Filii</strong></span> <span class='ocrx_word' id='word_1_150' title='bbox 1709 1411 1862 1486; x_wconf 90' lang='lat' dir='ltr'><strong>hominis,</strong></span> 
     </span>
     <span class='ocr_line' id='line_1_13' title="bbox 158 1508 1863 1592; baseline -0.002 -20"><span class='ocrx_word' id='word_1_151' title='bbox 158 1514 215 1572; x_wconf 80' lang='lat' dir='ltr'><strong>boc</strong></span> <span class='ocrx_word' id='word_1_152' title='bbox 229 1517 285 1587; x_wconf 88' lang='lat' dir='ltr'><strong>cst,</strong></span> <span class='ocrx_word' id='word_1_153' title='bbox 302 1511 374 1572; x_wconf 87' lang='lat' dir='ltr'><strong>Filii</strong></span> <span class='ocrx_word' id='word_1_154' title='bbox 389 1510 511 1570; x_wconf 75' lang='lat' dir='ltr'><strong>Adam:</strong></span> <span class='ocrx_word' id='word_1_155' title='bbox 528 1515 558 1569; x_wconf 88' lang='lat' dir='ltr'><strong>et</strong></span> <span class='ocrx_word' id='word_1_156' title='bbox 572 1509 759 1591; x_wconf 85' lang='lat' dir='ltr'><strong>omnispene</strong></span> <span class='ocrx_word' id='word_1_157' title='bbox 773 1509 938 1592; x_wconf 85' lang='lat' dir='ltr'><strong>Scriptura</strong></span> <span class='ocrx_word' id='word_1_158' title='bbox 954 1508 1011 1570; x_wconf 85' lang='lat' dir='ltr'><strong>hoc</strong></span> <span class='ocrx_word' id='word_1_159' title='bbox 1026 1509 1278 1591; x_wconf 83' lang='lat' dir='ltr'><strong>idiomatepieua</strong></span> <span class='ocrx_word' id='word_1_160' title='bbox 1290 1516 1347 1589; x_wconf 90' lang='lat' dir='ltr'><strong>est,</strong></span> <span class='ocrx_word' id='word_1_161' title='bbox 1365 1509 1542 1570; x_wconf 85' lang='lat' dir='ltr'><strong>renioersum</strong></span> <span class='ocrx_word' id='word_1_162' title='bbox 1560 1529 1662 1590; x_wconf 78' lang='lat' dir='ltr'><strong>genus</strong></span> <span class='ocrx_word' id='word_1_163' title='bbox 1690 1511 1863 1570; x_wconf 71' lang='lat' dir='ltr'><strong>humanum</strong></span> 
     </span>
     <span class='ocr_line' id='line_1_14' title="bbox 157 1605 1860 1689; baseline -0.002 -19"><span class='ocrx_word' id='word_1_164' title='bbox 157 1608 264 1670; x_wconf 89' lang='lat' dir='ltr'><strong>Adam</strong></span> <span class='ocrx_word' id='word_1_165' title='bbox 280 1607 372 1681; x_wconf 81' lang='lat' dir='ltr'><strong>filios</strong></span> <span class='ocrx_word' id='word_1_166' title='bbox 387 1627 510 1668; x_wconf 73' lang='lat' dir='ltr'><strong>nocane.</strong></span> <span class='ocrx_word' id='word_1_167' title='bbox 528 1608 671 1687; x_wconf 89' lang='lat' dir='ltr'><strong>Denique</strong></span> <span class='ocrx_word' id='word_1_168' title='bbox 686 1609 718 1667; x_wconf 91' lang='lat' dir='ltr'><strong>iu</strong></span> <span class='ocrx_word' id='word_1_169' title='bbox 734 1627 803 1688; x_wconf 88' lang='lat' dir='ltr'><strong>cap.</strong></span> <span class='ocrx_word' id='word_1_170' title='bbox 822 1625 885 1669; x_wconf 82' lang='lat' dir='ltr'><strong>xu:</strong></span> <span class='ocrx_word' id='word_1_171' title='bbox 906 1607 1125 1668; x_wconf 85' lang='lat' dir='ltr'><strong>Obmutescere</strong></span> <span class='ocrx_word' id='word_1_172' title='bbox 1139 1628 1269 1689; x_wconf 87' lang='lat' dir='ltr'><strong>quoque,</strong></span> <span class='ocrx_word' id='word_1_173' title='bbox 1285 1608 1360 1687; x_wconf 86' lang='lat' dir='ltr'><strong>sine,</strong></span> <span class='ocrx_word' id='word_1_174' title='bbox 1378 1613 1413 1668; x_wconf 88' lang='lat' dir='ltr'><strong>ut</strong></span> <span class='ocrx_word' id='word_1_175' title='bbox 1427 1608 1539 1669; x_wconf 85' lang='lat' dir='ltr'><strong>melius</strong></span> <span class='ocrx_word' id='word_1_176' title='bbox 1567 1608 1699 1670; x_wconf 84' lang='lat' dir='ltr'><strong>habetur</strong></span> <span class='ocrx_word' id='word_1_177' title='bbox 1727 1608 1759 1668; x_wconf 92' lang='lat' dir='ltr'><strong>in</strong></span> <span class='ocrx_word' id='word_1_178' title='bbox 1790 1605 1860 1667; x_wconf 87' lang='lat' dir='ltr'><strong>Ha·</strong></span> 
     </span>
     <span class='ocr_line' id='line_1_15' title="bbox 158 1704 1859 1786; baseline -0.002 -18"><span class='ocrx_word' id='word_1_179' title='bbox 158 1706 249 1781; x_wconf 83' lang='lat' dir='ltr'><strong>braca,</strong></span> <span class='ocrx_word' id='word_1_180' title='bbox 266 1705 458 1778; x_wconf 85' lang='lat' dir='ltr'><strong>surdescere,</strong></span> <span class='ocrx_word' id='word_1_181' title='bbox 474 1723 567 1764; x_wconf 85' lang='lat' dir='ltr'><strong>aures</strong></span> <span class='ocrx_word' id='word_1_182' title='bbox 581 1704 763 1784; x_wconf 78' lang='lat' dir='ltr'><strong>significat.</strong></span> <span class='ocrx_word' id='word_1_183' title='bbox 780 1707 865 1783; x_wconf 75' lang='lat' dir='ltr'><strong>Haec,</strong></span> <span class='ocrx_word' id='word_1_184' title='bbox 880 1705 1023 1784; x_wconf 89' lang='lat' dir='ltr'><strong>inquam,</strong></span> <span class='ocrx_word' id='word_1_185' title='bbox 1040 1705 1147 1767; x_wconf 89' lang='lat' dir='ltr'><strong>omnia</strong></span> <span class='ocrx_word' id='word_1_186' title='bbox 1161 1724 1238 1785; x_wconf 90' lang='lat' dir='ltr'><strong>pura</strong></span> <span class='ocrx_word' id='word_1_187' title='bbox 1255 1713 1395 1786; x_wconf 89' lang='lat' dir='ltr'><strong>putaque</strong></span> <span class='ocrx_word' id='word_1_188' title='bbox 1409 1712 1482 1767; x_wconf 92' lang='lat' dir='ltr'><strong>sunt</strong></span> <span class='ocrx_word' id='word_1_189' title='bbox 1503 1707 1686 1786; x_wconf 88' lang='lat' dir='ltr'><strong>Hieronymi</strong></span> <span class='ocrx_word' id='word_1_190' title='bbox 1710 1705 1806 1766; x_wconf 85' lang='lat' dir='ltr'><strong>verba</strong></span> <span class='ocrx_word' id='word_1_191' title='bbox 1825 1705 1859 1766; x_wconf 91' lang='lat' dir='ltr'><strong>in</strong></span> 
     </span>
     <span class='ocr_line' id='line_1_16' title="bbox 158 1802 1859 1897; baseline -0.002 -31"><span class='ocrx_word' id='word_1_192' title='bbox 158 1803 398 1897; x_wconf 79' lang='lat' dir='ltr'><strong>Commentariis</strong></span> <span class='ocrx_word' id='word_1_193' title='bbox 412 1803 453 1863; x_wconf 92' lang='lat' dir='ltr'><strong>ad</strong></span> <span class='ocrx_word' id='word_1_194' title='bbox 467 1821 504 1864; x_wconf 91' lang='lat' dir='ltr'><strong>ea</strong></span> <span class='ocrx_word' id='word_1_195' title='bbox 518 1802 753 1883; x_wconf 88' lang='lat' dir='ltr'><strong>Scripturarum</strong></span> <span class='ocrx_word' id='word_1_196' title='bbox 769 1803 856 1864; x_wconf 91' lang='lat' dir='ltr'><strong>loca:</strong></span> <span class='ocrx_word' id='word_1_197' title='bbox 876 1803 961 1882; x_wconf 91' lang='lat' dir='ltr'><strong>quod</strong></span> <span class='ocrx_word' id='word_1_198' title='bbox 976 1802 1073 1864; x_wconf 90' lang='lat' dir='ltr'><strong>miror</strong></span> <span class='ocrx_word' id='word_1_199' title='bbox 1087 1803 1188 1882; x_wconf 79' lang='lat' dir='ltr'><strong>magis</strong></span> <span class='ocrx_word' id='word_1_200' title='bbox 1203 1803 1362 1866; x_wconf 90' lang='lat' dir='ltr'><strong>eruditum</strong></span> <span class='ocrx_word' id='word_1_201' title='bbox 1378 1804 1479 1866; x_wconf 88' lang='lat' dir='ltr'><strong>virum</strong></span> <span class='ocrx_word' id='word_1_202' title='bbox 1496 1805 1593 1866; x_wconf 87' lang='lat' dir='ltr'><strong>latere</strong></span> <span class='ocrx_word' id='word_1_203' title='bbox 1610 1803 1760 1885; x_wconf 90' lang='lat' dir='ltr'><strong>potuisse,</strong></span> <span class='ocrx_word' id='word_1_204' title='bbox 1786 1820 1859 1864; x_wconf 92' lang='lat' dir='ltr'><strong>cum</strong></span> 
     </span>
    </p>
   </div>
   <div class='ocr_carea' id='block_1_5' title="bbox 57 1900 1861 2080">
    <p class='ocr_par' dir='ltr' id='par_1_5' title="bbox 57 1900 1861 2080">
     <span class='ocr_line' id='line_1_17' title="bbox 58 1900 1861 1981; baseline -0.002 -17"><span class='ocrx_word' id='word_1_205' title='bbox 58 1966 64 1973; x_wconf 75' lang='grc'><strong>,</strong></span> <span class='ocrx_word' id='word_1_206' title='bbox 158 1920 252 1964; x_wconf 89' lang='lat' dir='ltr'><strong>nemo</strong></span> <span class='ocrx_word' id='word_1_207' title='bbox 263 1903 330 1980; x_wconf 76' lang='lat' dir='ltr'><strong>Jam</strong></span> <span class='ocrx_word' id='word_1_208' title='bbox 347 1900 465 1962; x_wconf 90' lang='lat' dir='ltr'><strong>nesciat</strong></span> <span class='ocrx_word' id='word_1_209' title='bbox 481 1900 632 1980; x_wconf 88' lang='lat' dir='ltr'><strong>pleraque</strong></span> <span class='ocrx_word' id='word_1_210' title='bbox 647 1901 754 1961; x_wconf 89' lang='lat' dir='ltr'><strong>omnia</strong></span> <span class='ocrx_word' id='word_1_211' title='bbox 768 1900 919 1962; x_wconf 86' lang='lat' dir='ltr'><strong>Albinum</strong></span> <span class='ocrx_word' id='word_1_212' title='bbox 935 1919 974 1962; x_wconf 82' lang='lat' dir='ltr'><strong>cx</strong></span> <span class='ocrx_word' id='word_1_213' title='bbox 988 1901 1240 1981; x_wconf 87' lang='lat' dir='ltr'><strong>Hieronymianis</strong></span> <span class='ocrx_word' id='word_1_214' title='bbox 1254 1901 1395 1963; x_wconf 85' lang='lat' dir='ltr'><strong>lontibus</strong></span> <span class='ocrx_word' id='word_1_215' title='bbox 1411 1901 1576 1964; x_wconf 90' lang='lat' dir='ltr'><strong>delibasse.</strong></span> <span class='ocrx_word' id='word_1_216' title='bbox 1599 1902 1709 1980; x_wconf 81' lang='lat' dir='ltr'><strong>Igitur,</strong></span> <span class='ocrx_word' id='word_1_217' title='bbox 1737 1920 1800 1962; x_wconf 88' lang='lat' dir='ltr'><strong>non</strong></span> <span class='ocrx_word' id='word_1_218' title='bbox 1825 1906 1861 1961; x_wconf 94' lang='lat' dir='ltr'><strong>ut</strong></span> 
     </span>
     <span class='ocr_line' id='line_1_18' title="bbox 57 1997 1860 2080; baseline -0.002 -19"><span class='ocrx_word' id='word_1_219' title='bbox 57 2064 61 2071; x_wconf 76' lang='grc'><em>,</em></span> <span class='ocrx_word' id='word_1_220' title='bbox 160 2000 343 2080; x_wconf 90' lang='lat' dir='ltr'><strong>quamdam,</strong></span> <span class='ocrx_word' id='word_1_221' title='bbox 361 1999 385 2059; x_wconf 90' lang='lat' dir='ltr'><strong>si</strong></span> <span class='ocrx_word' id='word_1_222' title='bbox 401 1998 487 2070; x_wconf 87' lang='lat' dir='ltr'><strong>libet,</strong></span> <span class='ocrx_word' id='word_1_223' title='bbox 504 1997 710 2058; x_wconf 89' lang='lat' dir='ltr'><strong>Orientalium</strong></span> <span class='ocrx_word' id='word_1_224' title='bbox 725 1997 901 2060; x_wconf 88' lang='lat' dir='ltr'><strong>litterarum</strong></span> <span class='ocrx_word' id='word_1_225' title='bbox 917 1999 1061 2059; x_wconf 88' lang='lat' dir='ltr'><strong>aurulam</strong></span> <span class='ocrx_word' id='word_1_226' title='bbox 1078 1999 1180 2078; x_wconf 81' lang='lat' dir='ltr'><strong>Magni</strong></span> <span class='ocrx_word' id='word_1_227' title='bbox 1195 1999 1299 2060; x_wconf 91' lang='lat' dir='ltr'><strong>Caroli</strong></span> <span class='ocrx_word' id='word_1_228' title='bbox 1311 2000 1461 2078; x_wconf 83' lang='lat' dir='ltr'><strong>magistro</strong></span> <span class='ocrx_word' id='word_1_229' title='bbox 1476 2000 1643 2073; x_wconf 77' lang='lat' dir='ltr'><strong>invideam,</strong></span> <span class='ocrx_word' id='word_1_230' title='bbox 1662 1998 1717 2059; x_wconf 92' lang='lat' dir='ltr'><strong>sed</strong></span> <span class='ocrx_word' id='word_1_231' title='bbox 1733 2003 1767 2059; x_wconf 93' lang='lat' dir='ltr'><strong>ut</strong></span> <span class='ocrx_word' id='word_1_232' title='bbox 1788 1997 1860 2077; x_wconf 90' lang='lat' dir='ltr'><strong>qui-</strong></span> 
     </span>
    </p>
   </div>
   <div class='ocr_carea' id='block_1_6' title="bbox 158 2093 1863 2273">
    <p class='ocr_par' dir='ltr' id='par_1_6' title="bbox 158 2093 1863 2273">
     <span class='ocr_line' id='line_1_19' title="bbox 160 2093 1862 2171; baseline -0.001 -13"><span class='ocrx_word' id='word_1_233' title='bbox 160 2098 220 2159; x_wconf 85' lang='lat' dir='ltr'><strong>bus</strong></span> <span class='ocrx_word' id='word_1_234' title='bbox 234 2096 287 2157; x_wconf 91' lang='lat' dir='ltr'><strong>ille</strong></span> <span class='ocrx_word' id='word_1_235' title='bbox 301 2096 471 2156; x_wconf 89' lang='lat' dir='ltr'><strong>instructus</strong></span> <span class='ocrx_word' id='word_1_236' title='bbox 486 2093 633 2155; x_wconf 88' lang='lat' dir='ltr'><strong>subsidiis</strong></span> <span class='ocrx_word' id='word_1_237' title='bbox 647 2093 815 2156; x_wconf 90' lang='lat' dir='ltr'><strong>editionem</strong></span> <span class='ocrx_word' id='word_1_238' title='bbox 833 2113 922 2156; x_wconf 85' lang='lat' dir='ltr'><strong>sunm</strong></span> <span class='ocrx_word' id='word_1_239' title='bbox 938 2096 1108 2170; x_wconf 85' lang='lat' dir='ltr'><strong>adornarit,</strong></span> <span class='ocrx_word' id='word_1_240' title='bbox 1126 2097 1321 2159; x_wconf 89' lang='lat' dir='ltr'><strong>innotescat:</strong></span> <span class='ocrx_word' id='word_1_241' title='bbox 1339 2097 1382 2158; x_wconf 92' lang='lat' dir='ltr'><strong>sic</strong></span> <span class='ocrx_word' id='word_1_242' title='bbox 1398 2102 1513 2171; x_wconf 85' lang='lat' dir='ltr'><strong>statuo,</strong></span> <span class='ocrx_word' id='word_1_243' title='bbox 1538 2097 1667 2158; x_wconf 89' lang='lat' dir='ltr'><strong>minime</strong></span> <span class='ocrx_word' id='word_1_244' title='bbox 1681 2095 1770 2157; x_wconf 90' lang='lat' dir='ltr'><strong>illum</strong></span> <span class='ocrx_word' id='word_1_245' title='bbox 1798 2095 1862 2157; x_wconf 91' lang='lat' dir='ltr'><strong>hoc</strong></span> 
     </span>
     <span class='ocr_line' id='line_1_20' title="bbox 158 2191 1863 2273; baseline -0.002 -16"><span class='ocrx_word' id='word_1_246' title='bbox 158 2194 217 2258; x_wconf 85' lang='lat' dir='ltr'><strong>sibi</strong></span> <span class='ocrx_word' id='word_1_247' title='bbox 232 2192 351 2272; x_wconf 81' lang='lat' dir='ltr'><strong>negotii</strong></span> <span class='ocrx_word' id='word_1_248' title='bbox 364 2191 499 2265; x_wconf 89' lang='lat' dir='ltr'><strong>dedisse,</strong></span> <span class='ocrx_word' id='word_1_249' title='bbox 515 2192 568 2253; x_wconf 90' lang='lat' dir='ltr'><strong>sed</strong></span> <span class='ocrx_word' id='word_1_250' title='bbox 585 2210 686 2271; x_wconf 91' lang='lat' dir='ltr'><strong>neque</strong></span> <span class='ocrx_word' id='word_1_251' title='bbox 702 2210 772 2253; x_wconf 81' lang='lat' dir='ltr'><strong>eam</strong></span> <span class='ocrx_word' id='word_1_252' title='bbox 793 2193 839 2253; x_wconf 92' lang='lat' dir='ltr'><strong>illi</strong></span> <span class='ocrx_word' id='word_1_253' title='bbox 853 2193 948 2255; x_wconf 85' lang='lat' dir='ltr'><strong>fuisse</strong></span> <span class='ocrx_word' id='word_1_254' title='bbox 964 2200 1101 2256; x_wconf 86' lang='lat' dir='ltr'><strong>mentem</strong></span> <span class='ocrx_word' id='word_1_255' title='bbox 1117 2194 1331 2273; x_wconf 78' lang='lat' dir='ltr'><strong>utoriginnles</strong></span> <span class='ocrx_word' id='word_1_256' title='bbox 1353 2200 1455 2256; x_wconf 82' lang='lat' dir='ltr'><strong>textus</strong></span> <span class='ocrx_word' id='word_1_257' title='bbox 1480 2195 1668 2267; x_wconf 89' lang='lat' dir='ltr'><strong>consuleret,</strong></span> <span class='ocrx_word' id='word_1_258' title='bbox 1695 2198 1727 2256; x_wconf 88' lang='lat' dir='ltr'><strong>et</strong></span> <span class='ocrx_word' id='word_1_259' title='bbox 1750 2212 1783 2255; x_wconf 87' lang='lat' dir='ltr'><strong>se</strong></span> <span class='ocrx_word' id='word_1_260' title='bbox 1812 2212 1863 2255; x_wconf 89' lang='lat' dir='ltr'><strong>nr·</strong></span> 
     </span>
    </p>
   </div>
   <div class='ocr_carea' id='block_1_7' title="bbox 54 2291 1859 2372">
    <p class='ocr_par' dir='ltr' id='par_1_7' title="bbox 54 2291 1859 2372">
     <span class='ocr_line' id='line_1_21' title="bbox 54 2291 1859 2372; baseline -0.001 -18"><span class='ocrx_word' id='word_1_261' title='bbox 54 2300 56 2305; x_wconf 86' lang='lat'>&#39;</span> <span class='ocrx_word' id='word_1_262' title='bbox 158 2293 301 2371; x_wconf 87' lang='lat' dir='ltr'><strong>chatypis</strong></span> <span class='ocrx_word' id='word_1_263' title='bbox 316 2291 449 2352; x_wconf 85' lang='lat' dir='ltr'><strong>Hebraeo</strong></span> <span class='ocrx_word' id='word_1_264' title='bbox 463 2294 617 2352; x_wconf 78' lang='lat' dir='ltr'><strong>ettiraeco</strong></span> <span class='ocrx_word' id='word_1_265' title='bbox 632 2291 855 2352; x_wconf 83' lang='lat' dir='ltr'><strong>conformaret.</strong></span> <span class='ocrx_word' id='word_1_266' title='bbox 884 2295 965 2354; x_wconf 79' lang='lat' dir='ltr'><strong>Tota</strong></span> <span class='ocrx_word' id='word_1_267' title='bbox 988 2293 1048 2354; x_wconf 84' lang='lat' dir='ltr'><strong>tuit</strong></span> <span class='ocrx_word' id='word_1_268' title='bbox 1070 2292 1139 2371; x_wconf 88' lang='lat' dir='ltr'><strong>ejus</strong></span> <span class='ocrx_word' id='word_1_269' title='bbox 1161 2293 1317 2354; x_wconf 87' lang='lat' dir='ltr'><strong>industria</strong></span> <span class='ocrx_word' id='word_1_270' title='bbox 1339 2293 1370 2354; x_wconf 91' lang='lat' dir='ltr'><strong>in</strong></span> <span class='ocrx_word' id='word_1_271' title='bbox 1395 2293 1620 2372; x_wconf 88' lang='lat' dir='ltr'><strong>conquirendis</strong></span> <span class='ocrx_word' id='word_1_272' title='bbox 1644 2293 1859 2372; x_wconf 88' lang='lat' dir='ltr'><strong>undequaque</strong></span> 
     </span>
    </p>
   </div>
   <div class='ocr_carea' id='block_1_8' title="bbox 155 2383 1861 2666">
    <p class='ocr_par' dir='ltr' id='par_1_8' title="bbox 155 2383 1861 2666">
     <span class='ocr_line' id='line_1_22' title="bbox 158 2383 1861 2472; baseline -0.001 -19"><span class='ocrx_word' id='word_1_273' title='bbox 158 2389 411 2470; x_wconf 85' lang='lat' dir='ltr'><strong>Hieronymianae</strong></span> <span class='ocrx_word' id='word_1_274' title='bbox 427 2389 578 2450; x_wconf 87' lang='lat' dir='ltr'><strong>versionis</strong></span> <span class='ocrx_word' id='word_1_275' title='bbox 592 2389 763 2464; x_wconf 89' lang='lat' dir='ltr'><strong>codicibus,</strong></span> <span class='ocrx_word' id='word_1_276' title='bbox 778 2383 1001 2470; x_wconf 83' lang='lat' dir='ltr'><strong>iisque&#39;sedulo</strong></span> <span class='ocrx_word' id='word_1_277' title='bbox 1017 2392 1099 2453; x_wconf 90' lang='lat' dir='ltr'><strong>inter</strong></span> <span class='ocrx_word' id='word_1_278' title='bbox 1113 2411 1146 2453; x_wconf 95' lang='lat' dir='ltr'><strong>se</strong></span> <span class='ocrx_word' id='word_1_279' title='bbox 1161 2391 1368 2464; x_wconf 83' lang='lat' dir='ltr'><strong>conferendis,</strong></span> <span class='ocrx_word' id='word_1_280' title='bbox 1387 2398 1419 2453; x_wconf 92' lang='lat' dir='ltr'><strong>ut</strong></span> <span class='ocrx_word' id='word_1_281' title='bbox 1436 2411 1506 2471; x_wconf 83' lang='lat' dir='ltr'><strong>quae</strong></span> <span class='ocrx_word' id='word_1_282' title='bbox 1523 2391 1687 2472; x_wconf 88' lang='lat' dir='ltr'><strong>probanda</strong></span> <span class='ocrx_word' id='word_1_283' title='bbox 1700 2390 1761 2452; x_wconf 92' lang='lat' dir='ltr'><strong>sibi</strong></span> <span class='ocrx_word' id='word_1_284' title='bbox 1778 2394 1861 2451; x_wconf 88' lang='lat' dir='ltr'><strong>esset</strong></span> 
     </span>
     <span class='ocr_line' id='line_1_23' title="bbox 156 2486 1858 2566; baseline -0.001 -16"><span class='ocrx_word' id='word_1_285' title='bbox 156 2489 263 2565; x_wconf 90' lang='lat' dir='ltr'><strong>lectio,</strong></span> <span class='ocrx_word' id='word_1_286' title='bbox 280 2505 319 2548; x_wconf 87' lang='lat' dir='ltr'><strong>ex</strong></span> <span class='ocrx_word' id='word_1_287' title='bbox 334 2505 442 2548; x_wconf 91' lang='lat' dir='ltr'><strong>eorum</strong></span> <span class='ocrx_word' id='word_1_288' title='bbox 458 2487 531 2560; x_wconf 85' lang='lat' dir='ltr'><strong>ilde,</strong></span> <span class='ocrx_word' id='word_1_289' title='bbox 547 2486 602 2565; x_wconf 91' lang='lat' dir='ltr'><strong>qui</strong></span> <span class='ocrx_word' id='word_1_290' title='bbox 614 2486 751 2548; x_wconf 92' lang='lat' dir='ltr'><strong>melioris</strong></span> <span class='ocrx_word' id='word_1_291' title='bbox 766 2487 995 2549; x_wconf 83' lang='lat' dir='ltr'><strong>emendationis</strong></span> <span class='ocrx_word' id='word_1_292' title='bbox 1010 2494 1041 2550; x_wconf 90' lang='lat' dir='ltr'><strong>et</strong></span> <span class='ocrx_word' id='word_1_293' title='bbox 1056 2493 1138 2550; x_wconf 85' lang='lat' dir='ltr'><strong>uotae</strong></span> <span class='ocrx_word' id='word_1_294' title='bbox 1156 2489 1346 2561; x_wconf 88' lang='lat' dir='ltr'><strong>viderentur,</strong></span> <span class='ocrx_word' id='word_1_295' title='bbox 1363 2488 1563 2550; x_wconf 84' lang='lat' dir='ltr'><strong>decerneret:</strong></span> <span class='ocrx_word' id='word_1_296' title='bbox 1582 2488 1647 2549; x_wconf 89' lang='lat' dir='ltr'><strong>sive</strong></span> <span class='ocrx_word' id='word_1_297' title='bbox 1661 2487 1750 2549; x_wconf 89' lang='lat' dir='ltr'><strong>illam</strong></span> <span class='ocrx_word' id='word_1_298' title='bbox 1775 2505 1858 2566; x_wconf 85' lang='lat' dir='ltr'><strong>prae·</strong></span> 
     </span>
     <span class='ocr_line' id='line_1_24' title="bbox 155 2582 1642 2666; baseline -0.001 -18"><span class='ocrx_word' id='word_1_299' title='bbox 155 2590 242 2648; x_wconf 84' lang='lat' dir='ltr'><strong>terea</strong></span> <span class='ocrx_word' id='word_1_300' title='bbox 257 2585 298 2646; x_wconf 88' lang='lat' dir='ltr'><strong>ad</strong></span> <span class='ocrx_word' id='word_1_301' title='bbox 314 2583 446 2645; x_wconf 89' lang='lat' dir='ltr'><strong>sanioris</strong></span> <span class='ocrx_word' id='word_1_302' title='bbox 459 2582 574 2645; x_wconf 83' lang='lat' dir='ltr'><strong>criticae</strong></span> <span class='ocrx_word' id='word_1_303' title='bbox 590 2583 727 2662; x_wconf 77' lang='lat' dir='ltr'><strong>regulas,</strong></span> <span class='ocrx_word' id='word_1_304' title='bbox 743 2584 807 2646; x_wconf 87' lang='lat' dir='ltr'><strong>sive</strong></span> <span class='ocrx_word' id='word_1_305' title='bbox 819 2584 859 2645; x_wconf 88' lang='lat' dir='ltr'><strong>ad</strong></span> <span class='ocrx_word' id='word_1_306' title='bbox 874 2585 1039 2664; x_wconf 88' lang='lat' dir='ltr'><strong>ipsiusmet</strong></span> <span class='ocrx_word' id='word_1_307' title='bbox 1052 2585 1235 2666; x_wconf 87' lang='lat' dir='ltr'><strong>Hieronymi</strong></span> <span class='ocrx_word' id='word_1_308' title='bbox 1251 2586 1430 2647; x_wconf 90' lang='lat' dir='ltr'><strong>testimonia</strong></span> <span class='ocrx_word' id='word_1_309' title='bbox 1444 2584 1642 2665; x_wconf 86' lang='lat' dir='ltr'><strong>expenderit.</strong></span> 
     </span>
    </p>
   </div>
   <div class='ocr_carea' id='block_1_9' title="bbox 141 2718 1863 3188">
    <p class='ocr_par' dir='ltr' id='par_1_9' title="bbox 141 2718 1863 3188">
     <span class='ocr_line' id='line_1_25' title="bbox 195 2718 1858 2800; baseline -0.001 -18"><span class='ocrx_word' id='word_1_310' title='bbox 195 2723 281 2800; x_wconf 91' lang='lat' dir='ltr'><strong>Opus</strong></span> <span class='ocrx_word' id='word_1_311' title='bbox 295 2719 463 2797; x_wconf 82' lang='lat' dir='ltr'><strong>integrum,</strong></span> <span class='ocrx_word' id='word_1_312' title='bbox 481 2719 576 2780; x_wconf 87' lang='lat' dir='ltr'><strong>Vetus</strong></span> <span class='ocrx_word' id='word_1_313' title='bbox 591 2718 709 2780; x_wconf 88' lang='lat' dir='ltr'><strong>scilicet</strong></span> <span class='ocrx_word' id='word_1_314' title='bbox 724 2737 760 2781; x_wconf 89' lang='lat' dir='ltr'><strong>uc</strong></span> <span class='ocrx_word' id='word_1_315' title='bbox 782 2722 908 2780; x_wconf 86' lang='lat' dir='ltr'><strong>Novum</strong></span> <span class='ocrx_word' id='word_1_316' title='bbox 923 2723 1171 2794; x_wconf 78' lang='lat' dir='ltr'><strong>Testamentum,</strong></span> <span class='ocrx_word' id='word_1_317' title='bbox 1201 2739 1283 2782; x_wconf 88' lang='lat' dir='ltr'><strong>novo</strong></span> <span class='ocrx_word' id='word_1_318' title='bbox 1313 2721 1373 2783; x_wconf 92' lang='lat' dir='ltr'><strong>hoc</strong></span> <span class='ocrx_word' id='word_1_319' title='bbox 1401 2720 1526 2800; x_wconf 89' lang='lat' dir='ltr'><strong>pumice</strong></span> <span class='ocrx_word' id='word_1_320' title='bbox 1554 2720 1729 2800; x_wconf 89' lang='lat' dir='ltr'><strong>expolitum</strong></span> <span class='ocrx_word' id='word_1_321' title='bbox 1759 2724 1858 2800; x_wconf 87' lang='lat' dir='ltr'><strong>atqua</strong></span> 
     </span>
     <span class='ocr_line' id='line_1_26' title="bbox 157 2815 1863 2897; baseline 0 -18"><span class='ocrx_word' id='word_1_322' title='bbox 157 2817 361 2879; x_wconf 88' lang='lat' dir='ltr'><strong>emendatum</strong></span> <span class='ocrx_word' id='word_1_323' title='bbox 373 2815 441 2894; x_wconf 76' lang='lat' dir='ltr'><strong>Jam</strong></span> <span class='ocrx_word' id='word_1_324' title='bbox 457 2834 564 2890; x_wconf 88' lang='lat' dir='ltr'><strong>senex,</strong></span> <span class='ocrx_word' id='word_1_325' title='bbox 581 2834 653 2877; x_wconf 92' lang='lat' dir='ltr'><strong>cum</strong></span> <span class='ocrx_word' id='word_1_326' title='bbox 668 2835 785 2876; x_wconf 92' lang='lat' dir='ltr'><strong>annum</strong></span> <span class='ocrx_word' id='word_1_327' title='bbox 801 2817 872 2896; x_wconf 92' lang='lat' dir='ltr'><strong>plus</strong></span> <span class='ocrx_word' id='word_1_328' title='bbox 887 2818 991 2878; x_wconf 91' lang='lat' dir='ltr'><strong>minus</strong></span> <span class='ocrx_word' id='word_1_329' title='bbox 1005 2818 1232 2897; x_wconf 76' lang='lat' dir='ltr'><strong>octogesimum</strong></span> <span class='ocrx_word' id='word_1_330' title='bbox 1248 2819 1420 2879; x_wconf 91' lang='lat' dir='ltr'><strong>secundum</strong></span> <span class='ocrx_word' id='word_1_331' title='bbox 1435 2824 1555 2896; x_wconf 82' lang='lat' dir='ltr'><strong>ageret,</strong></span> <span class='ocrx_word' id='word_1_332' title='bbox 1570 2816 1603 2878; x_wconf 91' lang='lat' dir='ltr'><strong>in</strong></span> <span class='ocrx_word' id='word_1_333' title='bbox 1628 2818 1785 2888; x_wconf 70' lang='lat' dir='ltr'><strong>connubio,</strong></span> <span class='ocrx_word' id='word_1_334' title='bbox 1806 2829 1863 2889; x_wconf 81' lang='lat' dir='ltr'><strong>cui</strong></span> 
     </span>
     <span class='ocr_line' id='line_1_27' title="bbox 158 2913 1861 2996; baseline -0.001 -21"><span class='ocrx_word' id='word_1_335' title='bbox 158 2920 304 2996; x_wconf 78' lang='lat' dir='ltr'><strong>praeerat,</strong></span> <span class='ocrx_word' id='word_1_336' title='bbox 322 2916 354 2974; x_wconf 88' lang='lat' dir='ltr'><strong>S.</strong></span> <span class='ocrx_word' id='word_1_337' title='bbox 371 2913 498 2974; x_wconf 86' lang='lat' dir='ltr'><strong>Martini</strong></span> <span class='ocrx_word' id='word_1_338' title='bbox 512 2913 596 2992; x_wconf 87' lang='lat' dir='ltr'><strong>apud</strong></span> <span class='ocrx_word' id='word_1_339' title='bbox 611 2914 718 2975; x_wconf 87' lang='lat' dir='ltr'><strong>Gallos</strong></span> <span class='ocrx_word' id='word_1_340' title='bbox 734 2916 931 2976; x_wconf 85' lang='lat' dir='ltr'><strong>Turonenses</strong></span> <span class='ocrx_word' id='word_1_341' title='bbox 946 2915 1092 2990; x_wconf 86' lang='lat' dir='ltr'><strong>absolvit,</strong></span> <span class='ocrx_word' id='word_1_342' title='bbox 1108 2915 1274 2996; x_wconf 89' lang='lat' dir='ltr'><strong>eidemque</strong></span> <span class='ocrx_word' id='word_1_343' title='bbox 1287 2915 1472 2993; x_wconf 91' lang='lat' dir='ltr'><strong>imperaturi</strong></span> <span class='ocrx_word' id='word_1_344' title='bbox 1486 2915 1598 2976; x_wconf 87' lang='lat' dir='ltr'><strong>Carolo</strong></span> <span class='ocrx_word' id='word_1_345' title='bbox 1628 2916 1743 2993; x_wconf 81' lang='lat' dir='ltr'><strong>Magno</strong></span> <span class='ocrx_word' id='word_1_346' title='bbox 1768 2915 1861 2975; x_wconf 90' lang='lat' dir='ltr'><strong>obtu-</strong></span> 
     </span>
     <span class='ocr_line' id='line_1_28' title="bbox 141 3010 1861 3089; baseline -0.001 -15"><span class='ocrx_word' id='word_1_347' title='bbox 141 3012 206 3075; x_wconf 89' lang='lat' dir='ltr'><strong>lit.</strong></span> <span class='ocrx_word' id='word_1_348' title='bbox 223 3013 332 3072; x_wconf 82' lang='lat' dir='ltr'><strong>Exstat</strong></span> <span class='ocrx_word' id='word_1_349' title='bbox 347 3010 579 3089; x_wconf 87' lang='lat' dir='ltr'><strong>nuncupatoria</strong></span> <span class='ocrx_word' id='word_1_350' title='bbox 593 3011 662 3089; x_wconf 91' lang='lat' dir='ltr'><strong>ipsa</strong></span> <span class='ocrx_word' id='word_1_351' title='bbox 676 3011 818 3089; x_wconf 87' lang='lat' dir='ltr'><strong>Epistola</strong></span> <span class='ocrx_word' id='word_1_352' title='bbox 833 3029 916 3071; x_wconf 90' lang='lat' dir='ltr'><strong>nunc</strong></span> <span class='ocrx_word' id='word_1_353' title='bbox 931 3012 1012 3072; x_wconf 89' lang='lat' dir='ltr'><strong>inter</strong></span> <span class='ocrx_word' id='word_1_354' title='bbox 1025 3012 1228 3073; x_wconf 84' lang='lat' dir='ltr'><strong>Alcuinianas</strong></span> <span class='ocrx_word' id='word_1_355' title='bbox 1244 3013 1389 3073; x_wconf 87' lang='lat' dir='ltr'><strong>vicesima</strong></span> <span class='ocrx_word' id='word_1_356' title='bbox 1404 3030 1443 3073; x_wconf 85' lang='lat' dir='ltr'><strong>ex</strong></span> <span class='ocrx_word' id='word_1_357' title='bbox 1456 3016 1567 3073; x_wconf 83' lang='lat' dir='ltr'><strong>eadem</strong></span> <span class='ocrx_word' id='word_1_358' title='bbox 1582 3015 1614 3073; x_wconf 90' lang='lat' dir='ltr'><strong>S.</strong></span> <span class='ocrx_word' id='word_1_359' title='bbox 1641 3012 1771 3073; x_wconf 89' lang='lat' dir='ltr'><strong>Martini</strong></span> <span class='ocrx_word' id='word_1_360' title='bbox 1796 3029 1861 3073; x_wconf 82' lang='lat' dir='ltr'><strong>ece·</strong></span> 
     </span>
     <span class='ocr_line' id='line_1_29' title="bbox 159 3106 1863 3188; baseline -0.001 -19"><span class='ocrx_word' id='word_1_361' title='bbox 159 3107 254 3169; x_wconf 90' lang='lat' dir='ltr'><strong>nobio</strong></span> <span class='ocrx_word' id='word_1_362' title='bbox 269 3107 355 3182; x_wconf 88' lang='lat' dir='ltr'><strong>data,</strong></span> <span class='ocrx_word' id='word_1_363' title='bbox 374 3106 428 3167; x_wconf 90' lang='lat' dir='ltr'><strong>ubi</strong></span> <span class='ocrx_word' id='word_1_364' title='bbox 443 3108 481 3167; x_wconf 93' lang='lat' dir='ltr'><strong>de</strong></span> <span class='ocrx_word' id='word_1_365' title='bbox 497 3107 545 3166; x_wconf 93' lang='lat' dir='ltr'><strong>sui</strong></span> <span class='ocrx_word' id='word_1_366' title='bbox 561 3106 684 3167; x_wconf 85' lang='lat' dir='ltr'><strong>ratione</strong></span> <span class='ocrx_word' id='word_1_367' title='bbox 699 3107 803 3185; x_wconf 85' lang='lat' dir='ltr'><strong>operis</strong></span> <span class='ocrx_word' id='word_1_368' title='bbox 814 3125 921 3186; x_wconf 81' lang='lat' dir='ltr'><strong>regem</strong></span> <span class='ocrx_word' id='word_1_369' title='bbox 937 3108 1113 3188; x_wconf 91' lang='lat' dir='ltr'><strong>alloquens,</strong></span> <span class='ocrx_word' id='word_1_370' title='bbox 1128 3107 1252 3182; x_wconf 85' lang='lat' dir='ltr'><strong>Sacros,</strong></span> <span class='ocrx_word' id='word_1_371' title='bbox 1269 3109 1383 3187; x_wconf 93' lang='lat' dir='ltr'><strong>inquit,</strong></span> <span class='ocrx_word' id='word_1_372' title='bbox 1399 3107 1499 3169; x_wconf 85' lang='lat' dir='ltr'><strong>libros</strong></span> <span class='ocrx_word' id='word_1_373' title='bbox 1515 3109 1547 3168; x_wconf 90' lang='lat' dir='ltr'><strong>in</strong></span> <span class='ocrx_word' id='word_1_374' title='bbox 1564 3109 1660 3169; x_wconf 89' lang='lat' dir='ltr'><strong>unius</strong></span> <span class='ocrx_word' id='word_1_375' title='bbox 1685 3108 1863 3169; x_wconf 84' lang='lat' dir='ltr'><strong>clarissimi</strong></span> 
     </span>
    </p>
   </div>
   <div class='ocr_carea' id='block_1_10' title="bbox 45 3202 1860 3286">
    <p class='ocr_par' dir='ltr' id='par_1_10' title="bbox 45 3202 1860 3286">
     <span class='ocr_line' id='line_1_30' title="bbox 45 3202 1860 3286; baseline 0 -21"><span class='ocrx_word' id='word_1_376' title='bbox 45 3230 50 3239; x_wconf 87' lang='lat'><em>·</em></span> <span class='ocrx_word' id='word_1_377' title='bbox 158 3203 299 3286; x_wconf 89' lang='lat' dir='ltr'><strong>corporis</strong></span> <span class='ocrx_word' id='word_1_378' title='bbox 314 3202 510 3263; x_wconf 80' lang='lat' dir='ltr'><strong>sanctitatem</strong></span> <span class='ocrx_word' id='word_1_379' title='bbox 525 3210 779 3284; x_wconf 83' lang='lat' dir='ltr'><strong>connexosatquc</strong></span> <span class='ocrx_word' id='word_1_380' title='bbox 793 3203 968 3284; x_wconf 77' lang='lat' dir='ltr'><strong>diligenter</strong></span> <span class='ocrx_word' id='word_1_381' title='bbox 983 3205 1159 3266; x_wconf 86' lang='lat' dir='ltr'><strong>emendatos</strong></span> <span class='ocrx_word' id='word_1_382' title='bbox 1186 3204 1300 3266; x_wconf 81' lang='lat' dir='ltr'><strong>Vestrae</strong></span> <span class='ocrx_word' id='word_1_383' title='bbox 1327 3205 1530 3267; x_wconf 74' lang='lat' dir='ltr'><strong>Clarissima</strong></span> <span class='ocrx_word' id='word_1_384' title='bbox 1552 3206 1748 3266; x_wconf 83' lang='lat' dir='ltr'><strong>Auctoritati</strong></span> <span class='ocrx_word' id='word_1_385' title='bbox 1775 3205 1860 3266; x_wconf 86' lang='lat' dir='ltr'><strong>diri·</strong></span> 
     </span>
    </p>
   </div>
   <div class='ocr_carea' id='block_1_11' title="bbox 153 3300 1862 4844">
    <p class='ocr_par' dir='ltr' id='par_1_11' title="bbox 153 3300 1862 4844">
     <span class='ocr_line' id='line_1_31' title="bbox 156 3300 1859 3382; baseline 0 -20"><span class='ocrx_word' id='word_1_386' title='bbox 156 3322 233 3382; x_wconf 74' lang='lat' dir='ltr'><strong>gere</strong></span> <span class='ocrx_word' id='word_1_387' title='bbox 252 3300 372 3362; x_wconf 84' lang='lat' dir='ltr'><strong>curaui.</strong></span> <span class='ocrx_word' id='word_1_388' title='bbox 388 3302 468 3362; x_wconf 83' lang='lat' dir='ltr'><strong>Tum</strong></span> <span class='ocrx_word' id='word_1_389' title='bbox 485 3300 596 3361; x_wconf 88' lang='lat' dir='ltr'><strong>aliaad</strong></span> <span class='ocrx_word' id='word_1_390' title='bbox 612 3301 730 3362; x_wconf 87' lang='lat' dir='ltr'><strong>Gislam</strong></span> <span class='ocrx_word' id='word_1_391' title='bbox 747 3301 880 3379; x_wconf 90' lang='lat' dir='ltr'><strong>epistola</strong></span> <span class='ocrx_word' id='word_1_392' title='bbox 894 3309 982 3364; x_wconf 88' lang='lat' dir='ltr'><strong>sexto</strong></span> <span class='ocrx_word' id='word_1_393' title='bbox 998 3321 1126 3364; x_wconf 88' lang='lat' dir='ltr'><strong>suorum</strong></span> <span class='ocrx_word' id='word_1_394' title='bbox 1142 3304 1445 3364; x_wconf 81' lang='lat' dir='ltr'><strong>Commentariorum</strong></span> <span class='ocrx_word' id='word_1_395' title='bbox 1463 3304 1495 3364; x_wconf 93' lang='lat' dir='ltr'><strong>in</strong></span> <span class='ocrx_word' id='word_1_396' title='bbox 1509 3305 1664 3366; x_wconf 84' lang='lat' dir='ltr'><strong>ioannem</strong></span> <span class='ocrx_word' id='word_1_397' title='bbox 1685 3303 1766 3363; x_wconf 90' lang='lat' dir='ltr'><strong>libro</strong></span> <span class='ocrx_word' id='word_1_398' title='bbox 1778 3320 1859 3382; x_wconf 82' lang='lat' dir='ltr'><strong>prae·</strong></span> 
     </span>
     <span class='ocr_line' id='line_1_32' title="bbox 156 3399 1857 3481; baseline 0 -21"><span class='ocrx_word' id='word_1_399' title='bbox 156 3400 232 3474; x_wconf 83' lang='lat' dir='ltr'><strong>lixa,</strong></span> <span class='ocrx_word' id='word_1_400' title='bbox 249 3399 302 3459; x_wconf 91' lang='lat' dir='ltr'><strong>ubi</strong></span> <span class='ocrx_word' id='word_1_401' title='bbox 317 3418 350 3460; x_wconf 94' lang='lat' dir='ltr'><strong>se</strong></span> <span class='ocrx_word' id='word_1_402' title='bbox 365 3399 420 3475; x_wconf 91' lang='lat' dir='ltr'><strong>ait,</strong></span> <span class='ocrx_word' id='word_1_403' title='bbox 437 3406 601 3480; x_wconf 81' lang='lat' dir='ltr'><strong>occupasse</strong></span> <span class='ocrx_word' id='word_1_404' title='bbox 614 3399 737 3459; x_wconf 87' lang='lat' dir='ltr'><strong>domini</strong></span> <span class='ocrx_word' id='word_1_405' title='bbox 750 3399 840 3478; x_wconf 74' lang='lat' dir='ltr'><strong>regis</strong></span> <span class='ocrx_word' id='word_1_406' title='bbox 860 3405 1050 3480; x_wconf 72' lang='lat' dir='ltr'><strong>preceptum</strong></span> <span class='ocrx_word' id='word_1_407' title='bbox 1063 3400 1099 3460; x_wconf 83' lang='lat' dir='ltr'><strong>in</strong></span> <span class='ocrx_word' id='word_1_408' title='bbox 1128 3400 1341 3461; x_wconf 88' lang='lat' dir='ltr'><strong>emendatione</strong></span> <span class='ocrx_word' id='word_1_409' title='bbox 1363 3399 1482 3461; x_wconf 81' lang='lat' dir='ltr'><strong>Veteris</strong></span> <span class='ocrx_word' id='word_1_410' title='bbox 1506 3400 1649 3481; x_wconf 87' lang='lat' dir='ltr'><strong>Nooique</strong></span> <span class='ocrx_word' id='word_1_411' title='bbox 1669 3401 1857 3460; x_wconf 86' lang='lat' dir='ltr'><strong>testamenti.</strong></span> 
     </span>
     <span class='ocr_line' id='line_1_33' title="bbox 157 3495 1861 3577; baseline 0 -20"><span class='ocrx_word' id='word_1_412' title='bbox 157 3497 249 3559; x_wconf 82' lang='lat' dir='ltr'><strong>Paria</strong></span> <span class='ocrx_word' id='word_1_413' title='bbox 263 3496 313 3556; x_wconf 90' lang='lat' dir='ltr'><strong>his</strong></span> <span class='ocrx_word' id='word_1_414' title='bbox 327 3495 423 3557; x_wconf 88' lang='lat' dir='ltr'><strong>habet</strong></span> <span class='ocrx_word' id='word_1_415' title='bbox 437 3496 570 3575; x_wconf 90' lang='lat' dir='ltr'><strong>ipsemet</strong></span> <span class='ocrx_word' id='word_1_416' title='bbox 584 3498 725 3569; x_wconf 89' lang='lat' dir='ltr'><strong>Carolus,</strong></span> <span class='ocrx_word' id='word_1_417' title='bbox 736 3495 944 3577; x_wconf 84' lang='lat' dir='ltr'><strong>lampridam,</strong></span> <span class='ocrx_word' id='word_1_418' title='bbox 960 3497 1116 3576; x_wconf 89' lang='lat' dir='ltr'><strong>iuquiens,</strong></span> <span class='ocrx_word' id='word_1_419' title='bbox 1134 3497 1295 3558; x_wconf 87' lang='lat' dir='ltr'><strong>universos</strong></span> <span class='ocrx_word' id='word_1_420' title='bbox 1318 3495 1436 3557; x_wconf 84' lang='lat' dir='ltr'><strong>Veteris</strong></span> <span class='ocrx_word' id='word_1_421' title='bbox 1461 3517 1497 3557; x_wconf 89' lang='lat' dir='ltr'><strong>ac</strong></span> <span class='ocrx_word' id='word_1_422' title='bbox 1516 3497 1601 3558; x_wconf 84' lang='lat' dir='ltr'><strong>Novi</strong></span> <span class='ocrx_word' id='word_1_423' title='bbox 1621 3498 1798 3557; x_wconf 84' lang='lat' dir='ltr'><strong>testamenti</strong></span> <span class='ocrx_word' id='word_1_424' title='bbox 1821 3497 1861 3557; x_wconf 89' lang='lat' dir='ltr'><strong>li·</strong></span> 
     </span>
     <span class='ocr_line' id='line_1_34' title="bbox 155 3591 1857 3673; baseline 0.001 -20"><span class='ocrx_word' id='word_1_425' title='bbox 155 3592 227 3653; x_wconf 85' lang='lat' dir='ltr'><strong>bros</strong></span> <span class='ocrx_word' id='word_1_426' title='bbox 241 3591 448 3653; x_wconf 86' lang='lat' dir='ltr'><strong>librariorum</strong></span> <span class='ocrx_word' id='word_1_427' title='bbox 465 3592 621 3673; x_wconf 91' lang='lat' dir='ltr'><strong>imperitia</strong></span> <span class='ocrx_word' id='word_1_428' title='bbox 637 3592 832 3673; x_wconf 84' lang='lat' dir='ltr'><strong>depravatos,</strong></span> <span class='ocrx_word' id='word_1_429' title='bbox 848 3592 927 3672; x_wconf 88' lang='lat' dir='ltr'><strong>Deo,</strong></span> <span class='ocrx_word' id='word_1_430' title='bbox 945 3613 1001 3654; x_wconf 88' lang='lat' dir='ltr'><strong>nos</strong></span> <span class='ocrx_word' id='word_1_431' title='bbox 1016 3593 1050 3653; x_wconf 91' lang='lat' dir='ltr'><strong>in</strong></span> <span class='ocrx_word' id='word_1_432' title='bbox 1064 3592 1207 3654; x_wconf 85' lang='lat' dir='ltr'><strong>omnihus</strong></span> <span class='ocrx_word' id='word_1_433' title='bbox 1231 3592 1408 3673; x_wconf 81' lang='lat' dir='ltr'><strong>adjuvante,</strong></span> <span class='ocrx_word' id='word_1_434' title='bbox 1436 3595 1624 3654; x_wconf 84' lang='lat' dir='ltr'><strong>examussim</strong></span> <span class='ocrx_word' id='word_1_435' title='bbox 1652 3595 1857 3655; x_wconf 86' lang='lat' dir='ltr'><strong>correximus.</strong></span> 
     </span>
     <span class='ocr_line' id='line_1_35' title="bbox 156 3690 1859 3769; baseline -0.001 -18"><span class='ocrx_word' id='word_1_436' title='bbox 156 3691 298 3769; x_wconf 88' lang='lat' dir='ltr'><strong>Denique</strong></span> <span class='ocrx_word' id='word_1_437' title='bbox 313 3696 345 3751; x_wconf 91' lang='lat' dir='ltr'><strong>et</strong></span> <span class='ocrx_word' id='word_1_438' title='bbox 358 3691 541 3767; x_wconf 86' lang='lat' dir='ltr'><strong>Sigebertus</strong></span> <span class='ocrx_word' id='word_1_439' title='bbox 555 3691 790 3752; x_wconf 83' lang='lat' dir='ltr'><strong>Gemblaeeusis</strong></span> <span class='ocrx_word' id='word_1_440' title='bbox 805 3692 835 3751; x_wconf 91' lang='lat' dir='ltr'><strong>in</strong></span> <span class='ocrx_word' id='word_1_441' title='bbox 851 3690 1007 3752; x_wconf 91' lang='lat' dir='ltr'><strong>Cbronico</strong></span> <span class='ocrx_word' id='word_1_442' title='bbox 1022 3691 1063 3752; x_wconf 86' lang='lat' dir='ltr'><strong>ad</strong></span> <span class='ocrx_word' id='word_1_443' title='bbox 1083 3710 1200 3752; x_wconf 89' lang='lat' dir='ltr'><strong>annum</strong></span> <span class='ocrx_word' id='word_1_444' title='bbox 1229 3695 1289 3754; x_wconf 82' lang='lat'><strong>790</strong></span> <span class='ocrx_word' id='word_1_445' title='bbox 1316 3693 1489 3752; x_wconf 87' lang='lat' dir='ltr'><strong>correxisse</strong></span> <span class='ocrx_word' id='word_1_446' title='bbox 1510 3693 1677 3752; x_wconf 83' lang='lat' dir='ltr'><strong>Alcuinum</strong></span> <span class='ocrx_word' id='word_1_447' title='bbox 1705 3691 1859 3752; x_wconf 81' lang='lat' dir='ltr'><strong>Divinam</strong></span> 
     </span>
     <span class='ocr_line' id='line_1_36' title="bbox 157 3785 1861 3871; baseline 0.001 -23"><span class='ocrx_word' id='word_1_448' title='bbox 157 3785 341 3848; x_wconf 89' lang='lat' dir='ltr'><strong>Historiam</strong></span> <span class='ocrx_word' id='word_1_449' title='bbox 347 3786 446 3866; x_wconf 86' lang='lat' dir='ltr'><strong>jussu</strong></span> <span class='ocrx_word' id='word_1_450' title='bbox 463 3788 564 3870; x_wconf 89' lang='lat' dir='ltr'><strong>ipsius</strong></span> <span class='ocrx_word' id='word_1_451' title='bbox 579 3788 668 3868; x_wconf 78' lang='lat' dir='ltr'><strong>ragis</strong></span> <span class='ocrx_word' id='word_1_452' title='bbox 682 3809 694 3865; x_wconf 90' lang='lat'><strong>,·</strong></span> <span class='ocrx_word' id='word_1_453' title='bbox 710 3794 741 3850; x_wconf 88' lang='lat' dir='ltr'><strong>et</strong></span> <span class='ocrx_word' id='word_1_454' title='bbox 755 3789 836 3849; x_wconf 91' lang='lat' dir='ltr'><strong>libro</strong></span> <span class='ocrx_word' id='word_1_455' title='bbox 846 3789 885 3848; x_wconf 85' lang='lat' dir='ltr'><strong>eie</strong></span> <span class='ocrx_word' id='word_1_456' title='bbox 898 3787 1113 3869; x_wconf 84' lang='lat' dir='ltr'><strong>Scriptoribus</strong></span> <span class='ocrx_word' id='word_1_457' title='bbox 1128 3788 1374 3869; x_wconf 85' lang='lat' dir='ltr'><strong>Ecclesiasticis,</strong></span> <span class='ocrx_word' id='word_1_458' title='bbox 1392 3809 1460 3870; x_wconf 90' lang='lat' dir='ltr'><strong>cap.</strong></span> <span class='ocrx_word' id='word_1_459' title='bbox 1478 3791 1528 3862; x_wconf 87' lang='grc'><strong>83,</strong></span> <span class='ocrx_word' id='word_1_460' title='bbox 1538 3788 1637 3868; x_wconf 88' lang='lat' dir='ltr'><strong>jussu</strong></span> <span class='ocrx_word' id='word_1_461' title='bbox 1661 3789 1861 3871; x_wconf 83' lang='lat' dir='ltr'><strong>imperatoris</strong></span> 
     </span>
     <span class='ocr_line' id='line_1_37' title="bbox 156 3883 1861 3962; baseline 0.002 -18"><span class='ocrx_word' id='word_1_462' title='bbox 156 3885 329 3945; x_wconf 81' lang='lat' dir='ltr'><strong>correxisse</strong></span> <span class='ocrx_word' id='word_1_463' title='bbox 343 3883 495 3945; x_wconf 86' lang='lat' dir='ltr'><strong>Divinam</strong></span> <span class='ocrx_word' id='word_1_464' title='bbox 510 3883 754 3962; x_wconf 82' lang='lat' dir='ltr'><strong>Bibliothecam,</strong></span> <span class='ocrx_word' id='word_1_465' title='bbox 770 3886 875 3947; x_wconf 89' lang='lat' dir='ltr'><strong>tradit.</strong></span> <span class='ocrx_word' id='word_1_466' title='bbox 894 3890 970 3959; x_wconf 77' lang='lat' dir='ltr'><strong>Qua</strong></span> <span class='ocrx_word' id='word_1_467' title='bbox 986 3904 1043 3948; x_wconf 90' lang='lat' dir='ltr'><strong>uos</strong></span> <span class='ocrx_word' id='word_1_468' title='bbox 1058 3887 1238 3948; x_wconf 87' lang='lat' dir='ltr'><strong>testimonia</strong></span> <span class='ocrx_word' id='word_1_469' title='bbox 1261 3886 1324 3948; x_wconf 91' lang='lat' dir='ltr'><strong>huc</strong></span> <span class='ocrx_word' id='word_1_470' title='bbox 1347 3888 1441 3948; x_wconf 88' lang='lat' dir='ltr'><strong>etiam</strong></span> <span class='ocrx_word' id='word_1_471' title='bbox 1470 3887 1647 3960; x_wconf 90' lang='lat' dir='ltr'><strong>retulimus,</strong></span> <span class='ocrx_word' id='word_1_472' title='bbox 1680 3894 1714 3947; x_wconf 93' lang='lat' dir='ltr'><strong>ut</strong></span> <span class='ocrx_word' id='word_1_473' title='bbox 1745 3888 1861 3948; x_wconf 86' lang='lat' dir='ltr'><strong>curtius</strong></span> 
     </span>
     <span class='ocr_line' id='line_1_38' title="bbox 159 3984 1858 4065; baseline 0.001 -19"><span class='ocrx_word' id='word_1_474' title='bbox 159 3991 291 4058; x_wconf 90' lang='lat' dir='ltr'><strong>constet,</strong></span> <span class='ocrx_word' id='word_1_475' title='bbox 309 3984 394 4064; x_wconf 91' lang='lat' dir='ltr'><strong>quod</strong></span> <span class='ocrx_word' id='word_1_476' title='bbox 409 3984 603 4060; x_wconf 87' lang='lat' dir='ltr'><strong>dicebamus,</strong></span> <span class='ocrx_word' id='word_1_477' title='bbox 620 4003 684 4045; x_wconf 91' lang='lat' dir='ltr'><strong>non</strong></span> <span class='ocrx_word' id='word_1_478' title='bbox 700 3985 799 4045; x_wconf 87' lang='lat' dir='ltr'><strong>videri</strong></span> <span class='ocrx_word' id='word_1_479' title='bbox 813 3986 854 4046; x_wconf 90' lang='lat' dir='ltr'><strong>ad</strong></span> <span class='ocrx_word' id='word_1_480' title='bbox 868 3986 1056 4046; x_wconf 89' lang='lat' dir='ltr'><strong>Hebraioum</strong></span> <span class='ocrx_word' id='word_1_481' title='bbox 1070 3988 1276 4064; x_wconf 81' lang='lat' dir='ltr'><strong>Graecumque</strong></span> <span class='ocrx_word' id='word_1_482' title='bbox 1291 3992 1411 4047; x_wconf 85' lang='lat' dir='ltr'><strong>textum</strong></span> <span class='ocrx_word' id='word_1_483' title='bbox 1430 4005 1499 4048; x_wconf 92' lang='lat' dir='ltr'><strong>eam</strong></span> <span class='ocrx_word' id='word_1_484' title='bbox 1515 3987 1685 4048; x_wconf 88' lang='lat' dir='ltr'><strong>editionem</strong></span> <span class='ocrx_word' id='word_1_485' title='bbox 1712 3988 1858 4065; x_wconf 79' lang='lat' dir='ltr'><strong>recogni-</strong></span> 
     </span>
     <span class='ocr_line' id='line_1_39' title="bbox 158 4082 1862 4162; baseline 0.002 -21"><span class='ocrx_word' id='word_1_486' title='bbox 158 4086 236 4155; x_wconf 90' lang='lat' dir='ltr'><strong>tam,</strong></span> <span class='ocrx_word' id='word_1_487' title='bbox 253 4100 388 4160; x_wconf 89' lang='lat' dir='ltr'><strong>quorum</strong></span> <span class='ocrx_word' id='word_1_488' title='bbox 404 4100 462 4144; x_wconf 92' lang='lat' dir='ltr'><strong>nec</strong></span> <span class='ocrx_word' id='word_1_489' title='bbox 477 4082 573 4144; x_wconf 82' lang='lat' dir='ltr'><strong>verbo</strong></span> <span class='ocrx_word' id='word_1_490' title='bbox 590 4089 681 4144; x_wconf 91' lang='lat' dir='ltr'><strong>tenus</strong></span> <span class='ocrx_word' id='word_1_491' title='bbox 696 4082 866 4143; x_wconf 90' lang='lat' dir='ltr'><strong>meminere</strong></span> <span class='ocrx_word' id='word_1_492' title='bbox 882 4082 936 4161; x_wconf 92' lang='lat' dir='ltr'><strong>qui</strong></span> <span class='ocrx_word' id='word_1_493' title='bbox 950 4100 1020 4143; x_wconf 89' lang='lat' dir='ltr'><strong>eam</strong></span> <span class='ocrx_word' id='word_1_494' title='bbox 1036 4083 1169 4162; x_wconf 90' lang='lat' dir='ltr'><strong>posteris</strong></span> <span class='ocrx_word' id='word_1_495' title='bbox 1184 4083 1457 4144; x_wconf 86' lang='lat' dir='ltr'><strong>commendarunt.</strong></span> <span class='ocrx_word' id='word_1_496' title='bbox 1474 4087 1573 4145; x_wconf 90' lang='lat' dir='ltr'><strong>Porro</strong></span> <span class='ocrx_word' id='word_1_497' title='bbox 1589 4083 1733 4144; x_wconf 89' lang='lat' dir='ltr'><strong>nonnulli</strong></span> <span class='ocrx_word' id='word_1_498' title='bbox 1751 4083 1862 4144; x_wconf 86' lang='lat' dir='ltr'><strong>etiam-</strong></span> 
     </span>
     <span class='ocr_line' id='line_1_40' title="bbox 155 4179 1859 4260; baseline 0.001 -21"><span class='ocrx_word' id='word_1_499' title='bbox 155 4198 232 4239; x_wconf 91' lang='lat' dir='ltr'><strong>uum</strong></span> <span class='ocrx_word' id='word_1_500' title='bbox 248 4179 370 4240; x_wconf 85' lang='lat' dir='ltr'><strong>codices</strong></span> <span class='ocrx_word' id='word_1_501' title='bbox 385 4179 452 4255; x_wconf 86' lang='lat' dir='ltr'><strong>ejus</strong></span> <span class='ocrx_word' id='word_1_502' title='bbox 467 4180 657 4242; x_wconf 88' lang='lat' dir='ltr'><strong>recensionis</strong></span> <span class='ocrx_word' id='word_1_503' title='bbox 672 4184 835 4260; x_wconf 85' lang='lat' dir='ltr'><strong>superant,</strong></span> <span class='ocrx_word' id='word_1_504' title='bbox 850 4198 985 4259; x_wconf 91' lang='lat' dir='ltr'><strong>quorum</strong></span> <span class='ocrx_word' id='word_1_505' title='bbox 999 4179 1078 4240; x_wconf 91' lang='lat' dir='ltr'><strong>duos</strong></span> <span class='ocrx_word' id='word_1_506' title='bbox 1093 4180 1255 4258; x_wconf 81' lang='lat' dir='ltr'><strong>praegandi</strong></span> <span class='ocrx_word' id='word_1_507' title='bbox 1272 4182 1364 4251; x_wconf 90' lang='lat' dir='ltr'><strong>mole,</strong></span> <span class='ocrx_word' id='word_1_508' title='bbox 1382 4198 1453 4241; x_wconf 91' lang='lat' dir='ltr'><strong>cum</strong></span> <span class='ocrx_word' id='word_1_509' title='bbox 1469 4185 1580 4242; x_wconf 82' lang='lat' dir='ltr'><strong>Romae</strong></span> <span class='ocrx_word' id='word_1_510' title='bbox 1596 4196 1774 4258; x_wconf 81' lang='lat' dir='ltr'><strong>ageremus,</strong></span> <span class='ocrx_word' id='word_1_511' title='bbox 1793 4187 1859 4240; x_wconf 89' lang='lat' dir='ltr'><strong>tra-</strong></span> 
     </span>
     <span class='ocr_line' id='line_1_41' title="bbox 154 4271 1857 4358; baseline 0.001 -21"><span class='ocrx_word' id='word_1_512' title='bbox 154 4275 308 4337; x_wconf 89' lang='lat' dir='ltr'><strong>ctavimus</strong></span> <span class='ocrx_word' id='word_1_513' title='bbox 324 4276 463 4355; x_wconf 90' lang='lat' dir='ltr'><strong>nosipsi,</strong></span> <span class='ocrx_word' id='word_1_514' title='bbox 481 4278 639 4339; x_wconf 89' lang='lat' dir='ltr'><strong>interdum</strong></span> <span class='ocrx_word' id='word_1_515' title='bbox 656 4285 687 4339; x_wconf 90' lang='lat' dir='ltr'><strong>et</strong></span> <span class='ocrx_word' id='word_1_516' title='bbox 701 4277 929 4340; x_wconf 89' lang='lat' dir='ltr'><strong>consuluimus.</strong></span> <span class='ocrx_word' id='word_1_517' title='bbox 948 4279 1099 4349; x_wconf 79' lang='lat' dir='ltr'><strong>Alterum,</strong></span> <span class='ocrx_word' id='word_1_518' title='bbox 1114 4295 1208 4356; x_wconf 90' lang='lat' dir='ltr'><strong>quem</strong></span> <span class='ocrx_word' id='word_1_519' title='bbox 1224 4284 1256 4338; x_wconf 90' lang='lat' dir='ltr'><strong>et</strong></span> <span class='ocrx_word' id='word_1_520' title='bbox 1269 4277 1425 4339; x_wconf 88' lang='lat' dir='ltr'><strong>Victorius</strong></span> <span class='ocrx_word' id='word_1_521' title='bbox 1440 4297 1523 4358; x_wconf 80' lang='lat' dir='ltr'><strong>saepe</strong></span> <span class='ocrx_word' id='word_1_522' title='bbox 1539 4271 1659 4352; x_wconf 82' lang='lat' dir='ltr'><strong>laudat,</strong></span> <span class='ocrx_word' id='word_1_523' title='bbox 1677 4284 1807 4338; x_wconf 85' lang='lat' dir='ltr'><strong>servant</strong></span> <span class='ocrx_word' id='word_1_524' title='bbox 1824 4281 1857 4338; x_wconf 87' lang='lat' dir='ltr'><strong>S.</strong></span> 
     </span>
     <span class='ocr_line' id='line_1_42' title="bbox 153 4372 1860 4455; baseline 0.001 -22"><span class='ocrx_word' id='word_1_525' title='bbox 153 4372 245 4434; x_wconf 89' lang='lat' dir='ltr'><strong>Pauli</strong></span> <span class='ocrx_word' id='word_1_526' title='bbox 258 4380 347 4434; x_wconf 85' lang='lat' dir='ltr'><strong>extra</strong></span> <span class='ocrx_word' id='word_1_527' title='bbox 362 4392 469 4435; x_wconf 91' lang='lat' dir='ltr'><strong>muros</strong></span> <span class='ocrx_word' id='word_1_528' title='bbox 484 4377 640 4447; x_wconf 86' lang='lat' dir='ltr'><strong>armaria;</strong></span> <span class='ocrx_word' id='word_1_529' title='bbox 658 4376 793 4436; x_wconf 88' lang='lat' dir='ltr'><strong>alterum</strong></span> <span class='ocrx_word' id='word_1_530' title='bbox 807 4375 1012 4437; x_wconf 88' lang='lat' dir='ltr'><strong>Valliccllaua</strong></span> <span class='ocrx_word' id='word_1_531' title='bbox 1028 4374 1233 4448; x_wconf 86' lang='lat' dir='ltr'><strong>bibliotheca,</strong></span> <span class='ocrx_word' id='word_1_532' title='bbox 1250 4395 1343 4454; x_wconf 91' lang='lat' dir='ltr'><strong>quem</strong></span> <span class='ocrx_word' id='word_1_533' title='bbox 1355 4377 1508 4437; x_wconf 87' lang='lat' dir='ltr'><strong>Burunius</strong></span> <span class='ocrx_word' id='word_1_534' title='bbox 1523 4394 1580 4455; x_wconf 92' lang='lat' dir='ltr'><strong>pro</strong></span> <span class='ocrx_word' id='word_1_535' title='bbox 1596 4375 1732 4453; x_wconf 81' lang='lat' dir='ltr'><strong>ingentis</strong></span> <span class='ocrx_word' id='word_1_536' title='bbox 1756 4375 1860 4454; x_wconf 82' lang='lat' dir='ltr'><strong>praetii</strong></span> 
     </span>
     <span class='ocr_line' id='line_1_43' title="bbox 153 4471 1861 4552; baseline -0.001 -19"><span class='ocrx_word' id='word_1_537' title='bbox 153 4473 302 4533; x_wconf 90' lang='lat' dir='ltr'><strong>thesauro</strong></span> <span class='ocrx_word' id='word_1_538' title='bbox 317 4472 439 4544; x_wconf 88' lang='lat' dir='ltr'><strong>babuit,</strong></span> <span class='ocrx_word' id='word_1_539' title='bbox 456 4478 566 4551; x_wconf 90' lang='lat' dir='ltr'><strong>utpote</strong></span> <span class='ocrx_word' id='word_1_540' title='bbox 582 4490 644 4552; x_wconf 92' lang='lat' dir='ltr'><strong>quo</strong></span> <span class='ocrx_word' id='word_1_541' title='bbox 660 4473 718 4551; x_wconf 89' lang='lat' dir='ltr'><strong>usi,</strong></span> <span class='ocrx_word' id='word_1_542' title='bbox 735 4491 797 4533; x_wconf 90' lang='lat' dir='ltr'><strong>non</strong></span> <span class='ocrx_word' id='word_1_543' title='bbox 813 4473 880 4534; x_wconf 88' lang='lat' dir='ltr'><strong>sine</strong></span> <span class='ocrx_word' id='word_1_544' title='bbox 895 4472 1006 4550; x_wconf 86' lang='lat' dir='ltr'><strong>grandi</strong></span> <span class='ocrx_word' id='word_1_545' title='bbox 1023 4472 1140 4533; x_wconf 88' lang='lat' dir='ltr'><strong>laboris</strong></span> <span class='ocrx_word' id='word_1_546' title='bbox 1155 4473 1352 4552; x_wconf 88' lang='lat' dir='ltr'><strong>compendio,</strong></span> <span class='ocrx_word' id='word_1_547' title='bbox 1369 4473 1484 4533; x_wconf 84' lang='lat' dir='ltr'><strong>tuerint</strong></span> <span class='ocrx_word' id='word_1_548' title='bbox 1501 4472 1616 4533; x_wconf 89' lang='lat' dir='ltr'><strong>eruditi</strong></span> <span class='ocrx_word' id='word_1_549' title='bbox 1627 4471 1700 4544; x_wconf 88' lang='lat' dir='ltr'><strong>viri,</strong></span> <span class='ocrx_word' id='word_1_550' title='bbox 1718 4471 1771 4550; x_wconf 92' lang='lat' dir='ltr'><strong>qui</strong></span> <span class='ocrx_word' id='word_1_551' title='bbox 1789 4478 1861 4550; x_wconf 90' lang='lat' dir='ltr'><strong>post</strong></span> 
     </span>
     <span class='ocr_line' id='line_1_44' title="bbox 153 4569 1857 4648; baseline -0.002 -17"><span class='ocrx_word' id='word_1_552' title='bbox 153 4569 327 4631; x_wconf 85' lang='lat' dir='ltr'><strong>Tridentini</strong></span> <span class='ocrx_word' id='word_1_553' title='bbox 342 4569 467 4630; x_wconf 90' lang='lat' dir='ltr'><strong>concilii</strong></span> <span class='ocrx_word' id='word_1_554' title='bbox 481 4570 654 4642; x_wconf 89' lang='lat' dir='ltr'><strong>decretum,</strong></span> <span class='ocrx_word' id='word_1_555' title='bbox 671 4570 881 4631; x_wconf 80' lang='lat' dir='ltr'><strong>reformandae</strong></span> <span class='ocrx_word' id='word_1_556' title='bbox 891 4570 1036 4647; x_wconf 72' lang='lat' dir='ltr'><strong>Vulgata</strong></span> <span class='ocrx_word' id='word_1_557' title='bbox 1050 4571 1182 4630; x_wconf 90' lang='lat' dir='ltr'><strong>editioni</strong></span> <span class='ocrx_word' id='word_1_558' title='bbox 1195 4570 1395 4631; x_wconf 89' lang='lat' dir='ltr'><strong>insudarunt.</strong></span> <span class='ocrx_word' id='word_1_559' title='bbox 1412 4572 1544 4631; x_wconf 80' lang='lat' dir='ltr'><strong>Exstant</strong></span> <span class='ocrx_word' id='word_1_560' title='bbox 1558 4575 1590 4630; x_wconf 87' lang='lat' dir='ltr'><strong>at</strong></span> <span class='ocrx_word' id='word_1_561' title='bbox 1613 4569 1761 4648; x_wconf 76' lang='lat' dir='ltr'><strong>quendam</strong></span> <span class='ocrx_word' id='word_1_562' title='bbox 1788 4569 1857 4646; x_wconf 90' lang='lat' dir='ltr'><strong>epi·</strong></span> 
     </span>
     <span class='ocr_line' id='line_1_45' title="bbox 153 4665 1860 4747; baseline 0 -20"><span class='ocrx_word' id='word_1_563' title='bbox 153 4673 332 4745; x_wconf 81' lang='lat' dir='ltr'><strong>grammata</strong></span> <span class='ocrx_word' id='word_1_564' title='bbox 346 4667 387 4728; x_wconf 93' lang='lat' dir='ltr'><strong>ad</strong></span> <span class='ocrx_word' id='word_1_565' title='bbox 402 4668 519 4728; x_wconf 88' lang='lat' dir='ltr'><strong>calcem</strong></span> <span class='ocrx_word' id='word_1_566' title='bbox 536 4667 714 4739; x_wconf 89' lang='lat' dir='ltr'><strong>voluminis,</strong></span> <span class='ocrx_word' id='word_1_567' title='bbox 732 4685 748 4728; x_wconf 95' lang='lat' dir='ltr'><strong>e</strong></span> <span class='ocrx_word' id='word_1_568' title='bbox 763 4667 878 4746; x_wconf 90' lang='lat' dir='ltr'><strong>quibus</strong></span> <span class='ocrx_word' id='word_1_569' title='bbox 893 4665 968 4727; x_wconf 89' lang='lat' dir='ltr'><strong>satis</strong></span> <span class='ocrx_word' id='word_1_570' title='bbox 983 4666 1109 4728; x_wconf 87' lang='lat' dir='ltr'><strong>abunde</strong></span> <span class='ocrx_word' id='word_1_571' title='bbox 1123 4667 1228 4741; x_wconf 83' lang='lat' dir='ltr'><strong>fuerit,</strong></span> <span class='ocrx_word' id='word_1_572' title='bbox 1245 4685 1363 4747; x_wconf 89' lang='lat' dir='ltr'><strong>paucos</strong></span> <span class='ocrx_word' id='word_1_573' title='bbox 1384 4668 1441 4730; x_wconf 89' lang='lat' dir='ltr'><strong>bos</strong></span> <span class='ocrx_word' id='word_1_574' title='bbox 1468 4686 1576 4729; x_wconf 85' lang='lat' dir='ltr'><strong>versus</strong></span> <span class='ocrx_word' id='word_1_575' title='bbox 1604 4685 1662 4747; x_wconf 89' lang='lat' dir='ltr'><strong>pru</strong></span> <span class='ocrx_word' id='word_1_576' title='bbox 1690 4666 1759 4744; x_wconf 85' lang='lat' dir='ltr'><strong>ejus</strong></span> <span class='ocrx_word' id='word_1_577' title='bbox 1787 4666 1860 4729; x_wconf 88' lang='lat' dir='ltr'><strong>licet</strong></span> 
     </span>
     <span class='ocr_line' id='line_1_46' title="bbox 153 4762 1675 4844; baseline -0.001 -18"><span class='ocrx_word' id='word_1_578' title='bbox 153 4765 260 4826; x_wconf 84' lang='lat' dir='ltr'><strong>saeculi</strong></span> <span class='ocrx_word' id='word_1_579' title='bbox 274 4764 351 4826; x_wconf 86' lang='lat' dir='ltr'><strong>vitio</strong></span> <span class='ocrx_word' id='word_1_580' title='bbox 365 4764 517 4839; x_wconf 85' lang='lat' dir='ltr'><strong>inficetas,</strong></span> <span class='ocrx_word' id='word_1_581' title='bbox 535 4766 588 4844; x_wconf 89' lang='lat' dir='ltr'><strong>qui</strong></span> <span class='ocrx_word' id='word_1_582' title='bbox 603 4764 653 4827; x_wconf 84' lang='lat' dir='ltr'><strong>uel</strong></span> <span class='ocrx_word' id='word_1_583' title='bbox 667 4770 841 4834; x_wconf 91' lang='lat' dir='ltr'><strong>auctorem,</strong></span> <span class='ocrx_word' id='word_1_584' title='bbox 859 4764 908 4824; x_wconf 85' lang='lat' dir='ltr'><strong>vel</strong></span> <span class='ocrx_word' id='word_1_585' title='bbox 924 4762 1130 4842; x_wconf 92' lang='lat' dir='ltr'><strong>impulsorem</strong></span> <span class='ocrx_word' id='word_1_586' title='bbox 1146 4765 1249 4843; x_wconf 92' lang='lat' dir='ltr'><strong>operis</strong></span> <span class='ocrx_word' id='word_1_587' title='bbox 1260 4766 1436 4840; x_wconf 89' lang='lat' dir='ltr'><strong>nominant,</strong></span> <span class='ocrx_word' id='word_1_588' title='bbox 1453 4767 1675 4844; x_wconf 86' lang='lat' dir='ltr'><strong>exscripsisse:</strong></span> 
     </span>
    </p>
   </div>
   <div class='ocr_carea' id='block_1_12' title="bbox 525 5013 1263 5301">
    <p class='ocr_par' dir='ltr' id='par_1_12' title="bbox 525 5013 1205 5159">
     <span class='ocr_line' id='line_1_47' title="bbox 525 5013 1205 5094; baseline -0.007 -20"><span class='ocrx_word' id='word_1_589' title='bbox 525 5015 639 5074; x_wconf 88' lang='lat' dir='ltr'><strong>Codicis</strong></span> <span class='ocrx_word' id='word_1_590' title='bbox 649 5014 736 5071; x_wconf 91' lang='lat' dir='ltr'><strong>istius</strong></span> <span class='ocrx_word' id='word_1_591' title='bbox 747 5017 819 5086; x_wconf 93' lang='lat' dir='ltr'><strong>quot</strong></span> <span class='ocrx_word' id='word_1_592' title='bbox 833 5016 904 5070; x_wconf 92' lang='lat' dir='ltr'><strong>sunt</strong></span> <span class='ocrx_word' id='word_1_593' title='bbox 920 5013 950 5068; x_wconf 92' lang='lat' dir='ltr'><strong>in</strong></span> <span class='ocrx_word' id='word_1_594' title='bbox 965 5027 1086 5094; x_wconf 88' lang='lat' dir='ltr'><strong>corpore</strong></span> <span class='ocrx_word' id='word_1_595' title='bbox 1101 5016 1205 5070; x_wconf 83' lang='lat' dir='ltr'><strong>sancto</strong></span> 
     </span>
     <span class='ocr_line' id='line_1_48' title="bbox 560 5083 1191 5159; baseline -0.006 -17"><span class='ocrx_word' id='word_1_596' title='bbox 560 5085 686 5159; x_wconf 82' lang='lat' dir='ltr'><strong>Depictn</strong></span> <span class='ocrx_word' id='word_1_597' title='bbox 698 5085 799 5142; x_wconf 86' lang='lat' dir='ltr'><strong>turmis</strong></span> <span class='ocrx_word' id='word_1_598' title='bbox 816 5084 952 5141; x_wconf 77' lang='lat' dir='ltr'><strong>litterula</strong></span> <span class='ocrx_word' id='word_1_599' title='bbox 967 5083 1066 5151; x_wconf 80' lang='lat' dir='ltr'><strong>verris,</strong></span> <span class='ocrx_word' id='word_1_600' title='bbox 1185 5110 1191 5127; x_wconf 74' lang='grc' dir='ltr'><strong>ι</strong></span> 
     </span>
    </p>

    <p class='ocr_par' dir='ltr' id='par_1_13' title="bbox 526 5155 1263 5301">
     <span class='ocr_line' id='line_1_49' title="bbox 526 5155 1263 5238; baseline 0 -25"><span class='ocrx_word' id='word_1_601' title='bbox 526 5159 674 5214; x_wconf 88' lang='lat' dir='ltr'><strong>Mercedes</strong></span> <span class='ocrx_word' id='word_1_602' title='bbox 689 5157 804 5226; x_wconf 87' lang='lat' dir='ltr'><strong>habent,</strong></span> <span class='ocrx_word' id='word_1_603' title='bbox 818 5157 933 5213; x_wconf 87' lang='lat' dir='ltr'><strong>Christo</strong></span> <span class='ocrx_word' id='word_1_604' title='bbox 948 5155 1087 5221; x_wconf 83' lang='lat' dir='ltr'><strong>donante,</strong></span> <span class='ocrx_word' id='word_1_605' title='bbox 1104 5170 1156 5238; x_wconf 90' lang='lat' dir='ltr'><strong>per</strong></span> <span class='ocrx_word' id='word_1_606' title='bbox 1170 5172 1263 5213; x_wconf 80' lang='lat' dir='ltr'><strong>nrum</strong></span> 
     </span>
     <span class='ocr_line' id='line_1_50' title="bbox 559 5227 1216 5301; baseline -0.003 -17"><span class='ocrx_word' id='word_1_607' title='bbox 559 5227 743 5286; x_wconf 82' lang='lat' dir='ltr'><strong>&#39;PotCarulus</strong></span> <span class='ocrx_word' id='word_1_608' title='bbox 753 5245 812 5297; x_wconf 84' lang='lat' dir='ltr'><strong>rex,</strong></span> <span class='ocrx_word' id='word_1_609' title='bbox 829 5228 880 5301; x_wconf 92' lang='lat' dir='ltr'><strong>qui</strong></span> <span class='ocrx_word' id='word_1_610' title='bbox 896 5227 1021 5285; x_wconf 85' lang='lat' dir='ltr'><strong>scribere</strong></span> <span class='ocrx_word' id='word_1_611' title='bbox 1032 5227 1124 5297; x_wconf 84' lang='lat' dir='ltr'><strong>jussit</strong></span> <span class='ocrx_word' id='word_1_612' title='bbox 1138 5243 1216 5284; x_wconf 89' lang='lat' dir='ltr'><strong>eum.</strong></span> 
     </span>
    </p>
   </div>
   <div class='ocr_carea' id='block_1_13' title="bbox 525 5519 1296 5648">
    <p class='ocr_par' dir='ltr' id='par_1_14' title="bbox 525 5519 1296 5648">
     <span class='ocr_line' id='line_1_51' title="bbox 525 5519 1296 5648; baseline 0 -71"><span class='ocrx_word' id='word_1_613' title='bbox 525 5521 579 5577; x_wconf 86' lang='lat' dir='ltr'><strong>Pro</strong></span> <span class='ocrx_word' id='word_1_614' title='bbox 594 5535 652 5587; x_wconf 91' lang='lat' dir='ltr'><strong>me,</strong></span> <span class='ocrx_word' id='word_1_615' title='bbox 667 5520 794 5648; x_wconf 42' lang='lat' dir='ltr'><strong>cauisque</strong></span> <span class='ocrx_word' id='word_1_616' title='bbox 807 5519 888 5592; x_wconf 82' lang='lat' dir='ltr'><strong>leges</strong></span> <span class='ocrx_word' id='word_1_617' title='bbox 903 5532 1022 5586; x_wconf 85' lang='lat' dir='ltr'><strong>versus,</strong></span> <span class='ocrx_word' id='word_1_618' title='bbox 1038 5532 1122 5574; x_wconf 83' lang='lat' dir='ltr'><strong>orare</strong></span> <span class='ocrx_word' id='word_1_619' title='bbox 1137 5522 1296 5589; x_wconf 89' lang='lat' dir='ltr'><strong>memento,</strong></span> 
     </span>
    </p>
   </div>
   <div class='ocr_carea' id='block_1_14' title="bbox 557 5587 1121 5664">
    <p class='ocr_par' dir='ltr' id='par_1_15' title="bbox 557 5587 1121 5664">
     <span class='ocr_line' id='line_1_52' title="bbox 557 5587 1121 5664; baseline -0.009 -15"><span class='ocrx_word' id='word_1_620' title='bbox 557 5591 660 5649; x_wconf 84' lang='lat' dir='ltr'><strong>Alcuin</strong></span> <span class='ocrx_word' id='word_1_621' title='bbox 693 5591 753 5648; x_wconf 90' lang='lat' dir='ltr'><strong>icor</strong></span> <span class='ocrx_word' id='word_1_622' title='bbox 765 5607 835 5664; x_wconf 77' lang='lat'><strong>08⁰3</strong></span> <span class='ocrx_word' id='word_1_623' title='bbox 851 5595 884 5647; x_wconf 91' lang='lat' dir='ltr'><strong>tu</strong></span> <span class='ocrx_word' id='word_1_624' title='bbox 899 5590 963 5647; x_wconf 87' lang='lat' dir='ltr'><strong>sine</strong></span> <span class='ocrx_word' id='word_1_625' title='bbox 976 5589 1035 5646; x_wconf 86' lang='lat' dir='ltr'><strong>line</strong></span> <span class='ocrx_word' id='word_1_626' title='bbox 1049 5587 1121 5645; x_wconf 88' lang='lat' dir='ltr'><strong>vals.</strong></span> 
     </span>
    </p>
   </div>
   <div class='ocr_carea' id='block_1_15' title="bbox 0 0 1940 6116">
    <p class='ocr_par' dir='ltr' id='par_1_16' title="bbox 0 0 1940 6116">
     <span class='ocr_line' id='line_1_53' title="bbox 0 0 1940 6116; baseline 0 0"><span class='ocrx_word' id='word_1_627' title='bbox 0 0 1940 6116; x_wconf 95' lang='lat' dir='ltr'><strong> </strong></span> 
     </span>
    </p>
   </div>
  </div>
 </body>
</html>
