3878 6150
136 305 194 364 375
657 309 687 361 S.
707 306 913 362 muneram
931 306 1059 359 ervitte
1076 303 1328 360 steatomatis.
1794 305 1847 361 sto

18 420 31 493 J.
136 431 497 491 riutbeconseoratioue
522 430 696 502 heritarum,
712 433 741 486 et
769 431 803 486 de
833 428 962 486 lucernis
976 432 1060 523 A⁰⁶
1071 427 1246 500 expiatione.
1265 427 1302 482 De
1322 442 1400 498 aqua
1429 426 1669 485 contradictionis
1698 433 1726 486 et
1753 435 1848 488 morte

138 526 241 581 contra
254 520 430 595 Aquilonem
455 520 610 593 ponendis,
636 525 668 576 ut
698 535 829 575 mensem
849 532 960 590 panum
1020 519 1128 573 llariae.

17 656 48 675 .,
102 606 104 611 ’
139 610 350 685 propositionis
365 608 534 680 respiciant.
1054 580 1476 661 Xlll.llosesnuntiosmittit
1501 606 1537 661 ad
1566 606 1657 662 Udom
1683 608 1844 666 transitum

175 700 263 758 libe
278 699 371 772 primo
382 698 493 754 Pascha
503 696 837 765 indeserto,etseoundo
848 711 963 761 eorum,
1020 701 1134 767 potens,
1151 699 1180 750 et
1195 692 1362 765 prohibitus
1374 695 1429 749 est.
1439 699 1481 750 De
1493 698 1586 751 morte
1597 700 1694 752 Aaron
1703 697 1734 753 iu
1745 704 1847 756 monte

56 800 59 804 ’
138 788 189 861 qui
203 787 495 861 primuml'acsrenon
507 791 675 858 potuerunt:
689 791 718 842 et
728 786 808 843 tubis
819 783 965 856 argenteis
1020 784 1088 856 Hor,
1105 790 1134 840 et
1146 782 1280 840 Eleazaro
1296 799 1465 841 successore
1481 785 1541 840 lilio
1556 786 1631 856 ejus.
1654 791 1694 843 De
1710 794 1848 862 serpente

140 878 177 935 ad
193 875 432 949 congregandum
445 875 587 947 populum
599 874 752 932 iaciendis.
1020 878 1141 945 muso,et
1156 872 1268 930 nuntiis
1280 873 1316 929 ad
1329 873 1405 929 Seon
1416 888 1514 946 regem
1527 875 1763 933 Amorrhaeorum
1774 878 1849 934 dire·

175 967 238 1021 Vll.
254 963 309 1021 Ubi
325 968 404 1021 mota
419 967 607 1035 sapienetm,
638 967 762 1036 cognato
787 978 840 1019 suo
867 960 966 1017 Moses
1020 963 1086 1018 otis.

13 1028 21 1039 ’
42 1098 45 1105 .
116 1130 119 1139 Ι
140 1054 255 1124 suadet,
272 1058 304 1109 ut
319 1053 356 1109 ad
372 1059 480 1109 terram
496 1052 705 1125 promissionis
729 1068 829 1109 secum
854 1052 967 1124 pergat.
1056 1050 1131 1107 lllV.
1147 1050 1188 1107 De
1202 1049 1307 1106 Bnlsao
1318 1066 1395 1124 rege,
1411 1055 1439 1107 et
1455 1050 1553 1107 salam
1568 1052 1672 1121 ariolo,
1689 1054 1738 1110 ubi
1765 1055 1852 1112 asina

139 1144 182 1202 Ds
196 1142 430 1200 murmuratione
444 1142 554 1215 populi,
582 1147 611 1198 et
638 1142 706 1215 igne
732 1142 890 1197 iracundos
917 1141 968 1196 Dei
1021 1140 1184 1208 locutaest,
1200 1144 1228 1195 et
1242 1141 1389 1211 quomodo
1404 1142 1567 1199 econtrario
1584 1142 1766 1200 benedixerit
1795 1161 1851 1216 po·

23 1257 27 1263 ·
141 1233 319 1291 vindicantis
333 1232 363 1287 in
378 1247 422 1287 eo.
448 1231 489 1286 De
514 1230 660 1287 desiderio
685 1229 785 1303 populi
811 1229 970 1302 querentis
1023 1229 1091 1303 pulo
1107 1229 1205 1287 lsrael.

143 1339 257 1393 earnes,
274 1336 371 1394 cepas,
387 1325 416 1376 et
429 1336 612 1389 cucumeres,
636 1324 665 1375 et
679 1326 792 1388 caetsra,
814 1323 843 1373 et
871 1317 970 1374 nolen-
1057 1318 1118 1373 xV.
1135 1317 1261 1390 Populus
1277 1318 1412 1375 initiatus
1424 1319 1595 1393 belphegor.
1606 1321 1694 1378 lubet
1705 1322 1851 1380 Dominus

13 1382 17 1389 Ι
50 1404 54 1413 “
143 1412 218 1468 tium
234 1409 441 1466 dulcissimum
453 1407 782 1481 manbeSeptuagints
794 1406 970 1478 presbyteris
1023 1407 1169 1481 principes
1182 1407 1282 1479 populi
1297 1408 1438 1479 suspendi
1455 1408 1484 1463 in
1501 1408 1652 1480 patibulis.
1683 1409 1724 1467 De
1752 1419 1851 1469 scorto

144 1499 401 1572 prophetantibus,
418 1503 445 1553 et
456 1500 492 1552 de
502 1497 746 1553 coturnicibusad
755 1496 968 1551 consedendum
1023 1495 1220 1564 madianitide,
1236 1499 1265 1551 et
1279 1495 1407 1552 uindicta
1421 1497 1555 1553 Phineos.
1571 1497 1612 1554 De
1637 1498 1712 1555 bello
1737 1501 1850 1557 bisdia-

51 1636 54 1641 .
141 1590 185 1646 sis
200 1589 343 1645 irascente
358 1590 413 1644 Deo
430 1585 577 1653 adductis,
592 1590 620 1641 et
635 1585 670 1641 de
686 1584 831 1655 sepulcris
861 1599 967 1640 ooncu-
1024 1583 1851 1656 nitisillalo,etpopuloiterumnumerato.Defiliahus

144 1677 306 1752 piscentice.
1023 1673 1170 1746 Sslphaad
1187 1673 1385 1729 hereditatem
1401 1676 1611 1747 quarentibus.
1623 1682 1664 1734 De
1675 1678 1745 1733 trost
1757 1683 1852 1735 morte

181 1766 255 1822 Vlll.
266 1766 307 1822 De
324 1764 557 1821 murmuratione
572 1771 668 1820 Aaron
680 1766 710 1819 et
736 1761 846 1828 Mariae,
876 1766 905 1817 et
933 1760 969 1817 de
1025 1764 1172 1836 predicta,
1190 1767 1218 1820 et
1232 1763 1323 1820 lusus
1338 1765 1473 1820 ordinato
1488 1781 1659 1823 successore
1673 1768 1748 1837 ejus.

22 1839 56 1937 ζ’
107 1870 110 1875 ·
145 1828 1008 1929 lepraejus.Doexploratoribusadterrempromissio-B
1061 1851 1261 1908 XVl.Doritu
1290 1852 1425 1908 sacrificii
1455 1854 1603 1923 matutini,
1632 1861 1661 1912 et
1689 1855 1851 1914 holocausti

40 1942 57 1983 '·
147 1946 194 2002 nis
209 1943 451 2002 considerandam
478 1941 588 1997 missis.
615 1940 654 1996 De
678 1943 828 1996 lruotuum
853 1938 971 1996 indiciis
1025 1941 1150 1997 faciendi
1166 1958 1217 2014 per
1232 1941 1365 2013 singulos
1383 1944 1635 2015 menses,quisibi
1652 1952 1852 2004 annoverteu-

45 2066 48 2071 -
147 2032 257 2092 allatis.
276 2035 314 2088 De
329 2032 489 2088 tentatione
513 2030 614 2102 populi
643 2033 672 2085 et
701 2045 815 2102 pavore.
846 2028 885 2084 Do
916 2028 972 2083 llde
1027 2036 1053 2087 te
1070 2031 1241 2086 succedunt.
1258 2030 1299 2087 De
1313 2029 1459 2087 oblatione
1476 2032 1698 2090 inPenteooste.
1716 2036 1754 2091 De
1769 2035 1854 2092 obla·

52 2146 55 2153 ·
144 2120 277 2178 Josueet
301 2118 418 2176 Chaleb.
449 2123 487 2173 De
517 2105 670 2174 iracundia
695 2117 754 2183 Dei,
780 2116 897 2188 ubiper
925 2133 971 2172 se·
1025 2118 1157 2174 tionibus
1172 2117 1283 2174 mensis
1295 2118 1445 2188 tubarum,
1460 2121 1489 2175 st
1502 2120 1576 2177 votis
1593 2122 1763 2178 mulierum.

13 2224 30 2237 ··
144 2210 243 2284 ipsum
250 2207 455 2280 juratnullum
468 2224 502 2263 ex
510 2207 682 2264 sisterrram
694 2205 972 2278 promissionisoon-
1061 2206 1148 2262 XVll.
1166 2211 1204 2261 De
1219 2204 1422 2263 interiectione
1441 2207 1681 2277 Madiunitsrnm,
1699 2215 1727 2266 et
1755 2213 1855 2284 prada

90 2342 94 2349 .
147 2298 272 2370 tingere.
1025 2311 1139 2352 sorum.
1153 2296 1191 2351 De
1205 2295 1345 2367 petitione
1361 2294 1573 2353 Rabanitarum
1598 2303 1625 2355 et
1650 2298 1853 2368 Ganditarum,

182 2386 229 2446 lll.
244 2386 285 2443 De
300 2386 471 2459 spontaneis
481 2386 565 2442 votis.
577 2389 615 2440 De
640 2384 777 2456 primitiis
788 2382 970 2455 separandis.
1027 2389 1059 2440 ut
1075 2386 1104 2440 in
1119 2386 1221 2441 eadem
1237 2390 1314 2441 terra
1328 2384 1501 2442 animalium
1522 2388 1625 2444 merito
1641 2395 1736 2445 sortes
1755 2389 1854 2447 susei-

147 2476 188 2534 Ds
199 2475 298 2531 anima
313 2491 377 2547 quae
388 2491 438 2545 per
450 2473 657 2547 ignorantiam,
669 2471 712 2528 vel
725 2472 893 2545 snperbiam
906 2486 972 2542 pee-
1027 2475 1118 2546 piant,
1135 2479 1164 2530 et
1178 2474 1367 2531 concessione
1381 2475 1465 2533 blasi.

44 2624 60 2647 Ι,
150 2570 205 2622 cat.
236 2563 411 2620 Dehomine
437 2561 518 2634 ligna
544 2560 723 2634 colligente:
748 2577 807 2633 qua
828 2559 974 2616 sententia
1062 2562 1462 2635 xvntutoproteotionum
1486 2564 1550 2622 loos
1574 2571 1794 2637 commemoret,
1822 2570 1854 2623 st

147 2652 250 2711 debuit
262 2651 320 2708 Deo
336 2652 498 2724 imperante
507 2649 639 2706 bercelli.
668 2654 707 2705 De
723 2648 850 2705 limbriis
864 2649 894 2704 iu
922 2664 973 2703 sn·
1029 2652 1059 2708 in
1075 2652 1184 2722 quibus
1199 2651 1272 2708 locis
1287 2653 1405 2709 lixoriut
1416 2655 1554 2711 tentoria.

13 2786 37 2809 .,
147 2741 225 2818 gulis
241 2738 412 2814 palliorum.
907 2767 909 2771 <
1063 2741 1140 2797 xlx.
1156 2743 1299 2798 Dominus
1314 2742 1450 2815 pracepit
1464 2743 1591 2814 qualiter
1616 2749 1723 2800 terram
1752 2759 1856 2817 repro·

27 2828 36 2853 ”
108 2848 114 2857 ’
184 2828 719 2900 ll.Decertaminstthan,Core,ot
740 2827 861 2896 Abinna,
884 2830 913 2883 et
939 2826 975 2881 de
1029 2829 1180 2886 missionis
1193 2837 1269 2887 sorte
1284 2831 1433 2901 desidant,
1450 2836 1674 2903 elusaqueque
1687 2832 1856 2900 tribus,ou·

14 2922 18 2929 '
54 2986 64 3011 Ι,
100 2922 107 2931 “
150 2918 270 2977 interitu
286 2935 399 2975 eorum.
423 2917 552 2990 Populus
574 2922 676 2973 eontra
699 2917 799 2973 Mosen
822 2921 851 2972 et
878 2921 974 2971 Aaron
1026 2921 1076 2991 jus
1091 2918 1147 2974 looi
1162 2919 1335 2975 debeatline
1350 2919 1495 2977 concludi.

150 3025 203 3082 pro
216 3008 259 3064 eis
275 3011 478 3062 murmuratus
495 3010 550 3062 est.
567 3005 617 3062 Ubi
634 3007 679 3060 ira
694 3004 934 3071 exiitabomino,
946 3008 975 3059 et
1064 3007 1128 3062 XX.
1141 3007 1195 3063 Ubi
1204 3008 1328 3078 J'ubetur
1344 3009 1430 3065 urbes
1446 3010 1476 3063 in
1501 3008 1687 3078 lugitivorum
1717 3009 1858 3081 praesidia

149 3095 291 3169 populum
304 3093 697 3166 percutereooepit,etAaron
710 3092 892 3150 thuribulum
904 3109 973 3149 oum
1030 3096 1172 3168 separari,
1185 3101 1214 3151 et
1229 3097 1277 3168 qui
1293 3098 1352 3152 sint
1368 3098 1417 3169 qai
1429 3097 1555 3154 debeant
1570 3097 1706 3170 praesidio
1721 3099 1858 3156 contove-

148 3184 343 3257 thymiamate
354 3183 479 3238 ollerens
504 3181 689 3253 prohibuerit
715 3187 900 3237 vastatorem.
930 3188 971 3237 De
987 3191 1009 3255 (ζ
1027 3184 1063 3241 ri.
1080 3184 1142 3241 Filii
1157 3184 1283 3241 filiorum
1293 3186 1401 3258 loseph
1412 3190 1510 3243 blesen
1521 3185 1766 3259 interpellentpro
1778 3187 1857 3243 lilia·

26 3296 34 3307 ·
58 3334 66 3355 Ι
151 3272 242 3344 uirgis
256 3271 423 3339 duodeoirn,
438 3274 467 3325 et
482 3271 563 3342 virga
577 3270 672 3326 Aaron
689 3270 900 3327 frondescente.
1029 3274 1084 3330 hus
1100 3272 1258 3347 Selphaad,
1275 3290 1311 3330 ns
1326 3275 1635 3332 haereditatedonante
1651 3275 1680 3330 in
1693 3275 1852 3348 aliatribu‚

186 3361 233 3418 lll.
251 3359 431 3417 Decuslodis
446 3359 725 3431 tabernaculi,quod
741 3361 776 3414 ad
793 3362 972 3415 sacerdotem
1028 3363 1164 3435 conjugia
1175 3364 1347 3432 sortiantur,
1362 3380 1396 3420 ne
1421 3363 1544 3421 sortium
1574 3364 1707 3421 conlusio
1733 3365 1793 3434 liat,
1823 3371 1857 3423 et

148 3450 284 3523 pertinet.
297 3449 338 3505 De
348 3448 552 3521 primogenitis
564 3448 754 3517 redimendis,
765 3453 794 3505 et
805 3450 839 3504 de
850 3450 972 3505 deoimis
1028 3451 1151 3507 aliorum
1169 3452 1315 3525 possessio
1330 3453 1366 3508 ad
1392 3452 1500 3509 alteros
1523 3457 1665 3525 transeat,
1694 3461 1723 3509 et
1742 3471 1855 3526 praeoe-

148 3538 341 3597 deoimsudis.
1028 3545 1083 3612 pta
1102 3545 1172 3596 sunt
1196 3540 1226 3597 in
1242 3540 1320 3597 tribu
1337 3557 1392 3597 sua
1407 3541 1515 3612 quibus
1530 3540 1693 3598 voluisseut
1718 3543 1859 3616 conjugia

186 3631 250 3686 llll.
262 3629 303 3686 De
317 3628 407 3686 vitula
423 3630 497 3701 ruia,
514 3644 580 3700 quis
595 3631 677 3685 extra
691 3633 787 3684 castra
816 3633 971 3685 mactatur.
1028 3629 1145 3686 sociari.

787 3887 922 3943 BRDVUS
951 3886 1048 3944 LIBRI
1079 3887 1227 3945 NUMliRl.

152 4169 174 4226 l.
190 4168 362 4242 Recoguitio
377 4165 533 4223 duodecim
549 4164 683 4221 tribuum
698 4162 774 4219 laets
797 4179 815 4218 a
843 4162 923 4219 Mose
945 4167 975 4219 et
1030 4162 1103 4220 vl11.
1121 4161 1208 4219 Filios
1222 4161 1326 4232 cnuth,
1339 4162 1425 4233 jubet
1436 4161 1586 4219 Dominus
1602 4169 1719 4235 portare
1748 4179 1851 4222 aream

58 4244 62 4253 ’
187 4260 294 4324 Aaron,
310 4261 339 4312 et
353 4255 508 4313 duodecim
525 4252 721 4327 principibus,
738 4251 873 4324 aviginti
888 4250 974 4307 annis
1066 4258 1095 4307 et
1108 4267 1249 4320 mensam,
1265 4255 1294 4307 et
1305 4252 1406 4321 altere,
1424 4255 1453 4307 et
1470 4256 1502 4306 ut
1519 4269 1579 4308 non
1596 4258 1718 4326 tangant
1750 4260 1865 4324 ιιιιιοιιι,

189 4352 219 4402 et
234 4362 333 4417 supra,
346 4350 449 4418 praeter
467 4342 582 4399 Levitae
598 4344 618 4413 ¹,
634 4358 680 4397 uc.
697 4357 740 4395 ιιι.
757 4344 785 4396 et
801 4357 846 4395 or..
992 4327 1016 4392 D
1068 4358 1104 4396 ne
1117 4340 1290 4397 moriantur.

156 4434 195 4492 11.
211 4436 300 4494 lubet
311 4432 454 4490 Dominus
470 4430 579 4488 tribum
597 4430 662 4485 Levi
684 4446 742 4485 non
758 4428 907 4484 numerari
927 4432 979 4483 :ut
1035 4429 1081 4484 lll.
1100 4428 1407 4500 liliosdersonjmet
1432 4434 1548 4501 portare
1578 4429 1804 4487 tabernaculum
1835 4436 1865 4488 st

192 4526 248 4597 ipsi
264 4521 452 4580 tabernaculo
463 4520 639 4587 deserviant,
655 4523 683 4574 et
699 4517 878 4573 ministrent.
1070 4518 1142 4574 lora.

13 4614 17 4621 '
34 4612 56 4697 Ἰ
158 4615 206 4671 111.
222 4614 311 4670 lubet
326 4613 469 4668 Dominus
486 4616 517 4665 ut
530 4609 664 4665 ordinate
688 4607 848 4679 procedant
863 4623 914 4678 per
929 4606 979 4661 do·
1034 4608 1066 4663 x.
1084 4608 1172 4663 Filios
1188 4607 1290 4663 Morari
1302 4606 1600 4678 capitatebernaouli,
1616 4612 1644 4663 et
1662 4623 1745 4664 seras
1760 4614 1789 4662 et
1814 4627 1864 4667 co-

195 4719 260 4759 mus
276 4711 422 4775 paternas,
439 4704 467 4755 et
483 4715 533 4772 per
547 4702 662 4754 turmas
678 4712 758 4752 suas.
1070 4696 1198 4761 lamnas,
1214 4702 1242 4751 et
1257 4697 1354 4762 bases,
1369 4712 1471 4752 omnes
1487 4701 1636 4767 portantes
1664 4712 1738 4769 opus
1766 4698 1866 4754 taber·

158 4793 204 4849 IV.
221 4793 262 4848 De
276 4791 413 4865 progenie
428 4788 529 4858 Musis,
545 4789 693 4854 etheron,
709 4790 739 4840 et
754 4784 881 4840 liliorum
905 4783 981 4854 ejus,
1071 4785 1168 4840 naouli
1184 4791 1249 4841 nolo
1266 4784 1359 4839 inillis
1373 4785 1526 4857 quingenti
1541 4786 1699 4858 octoginta.

195 4881 245 4955 qui
261 4882 297 4936 ad
314 4876 511 4936 sacerdotium
531 4875 609 4931 uncti
626 4880 707 4930 sunt.
1036 4876 1086 4931 lll.
1104 4875 1190 4929 lubet
1202 4872 1344 4930 Dominus
1358 4874 1424 4944 ejioi
1436 4876 1471 4930 de
1482 4874 1586 4930 castris
1602 4891 1719 4931 omnem
1730 4874 1865 4933 immun·

160 4970 192 5029 V.
209 4968 403 5028 Levitesdioit
422 4965 565 5024 Dominus
576 4964 696 5036 adjungi
720 4966 826 5031 Aaron,
852 4977 885 5018 eo
903 4960 981 5033 quod
1073 4963 1155 5017 duni.

195 5057 459 5130 sibiacoeperitoos
468 5049 980 5127 proomuibusprimogenitislsrsel.
1036 5050 1101 5108 llll.
1119 5050 1159 5106 De
1174 5050 1305 5118 muliere,
1323 5066 1387 5124 quas
1401 5049 1524 5106 latenter
1535 5052 1621 5108 luerit
1633 5050 1811 5109 adulterata.

40 5146 50 5155 '
158 5150 313 5208 Ulterius
328 5147 759 5203 dinumeranturamenseuno
772 5145 911 5212 etsupra,
925 5141 983 5199 duo
1037 5141 1113 5196 lllll.
1130 5140 1170 5195 De
1181 5139 1228 5206 iis,
1244 5140 1294 5211 qui
1310 5143 1410 5195 votum
1427 5139 1557 5196 voverint
1572 5141 1729 5197 castitatis.

199 5238 292 5296 millia
307 5235 426 5293 ducenti
442 5239 470 5289 et
485 5231 672 5304 septuaginta
685 5236 823 5303 quatuor.
1037 5229 1113 5284 XlV.
1130 5229 1280 5293 Quomodo
1296 5227 1474 5284 benedicant
1489 5229 1630 5301 populum
1647 5232 1829 5288 sacerdotes.

159 5328 219 5385 Vll.
231 5333 353 5384 Dmnom
368 5321 598 5397 primogenitum
613 5319 741 5376 filiorum
755 5318 843 5375 lsrael
857 5332 985 5374 emenso
1038 5317 1101 5374 XV.
1117 5316 1203 5389 Ungit
1219 5316 1314 5372 Moses
1329 5317 1564 5388 tabernaculum,
1580 5324 1609 5374 et
1619 5318 1769 5392 principes
1799 5336 1870 5378 mu-

195 5434 253 5474 uno
270 5420 299 5472 et
315 5429 406 5487 supra
419 5412 511 5485 jussit
525 5410 669 5466 Dominus
691 5408 885 5465 dinumerari.
1076 5423 1147 5462 nera
1161 5405 1298 5463 ollerunt.

161 5546 205 5672 σε·
237 5543 316 5600 Unus
354 5538 467 5596 Palatia
502 5552 569 5607 ma,
598 5536 631 5591 Et
663 5535 804 5593 duodecim
837 5534 938 5592 Tribus
966 5534 1139 5607 primipilus
1164 5550 1181 5588 c
1209 5532 1328 5604 triptota
1356 5536 1383 5590 ct
1401 5549 1496 5605 supro,
1525 5542 1625 5606 prater
1649 5534 1762 5593 decitur
1789 5553 1869 5611 nors,

197 5628 241 5670 or..
