3878 6150
107 270 161 329 595
626 271 655 324 S.
676 268 882 326 HIERONYhss
899 270 1028 324 mritis
1045 269 1296 326 aratrorfluca.
1759 267 1814 324 596

112 398 227 456 Domini
236 400 497 471 tetragrammaton
508 396 537 451 in
548 394 725 468 quibusdem
738 394 933 451 Graerisvoln·
950 400 974 465 ,q
990 395 1127 451 venimus
1139 397 1218 452 ¹.Sed
1227 400 1257 453 et
1265 395 1374 453 Psalmi
1397 395 1818 465 tricesimuasextus’,etecn·

112 484 935 559 minibus,usquehodieautiquisexpressumlitterisin·
992 485 1114 541 issimus
1140 486 1282 555 decimus,
1305 491 1335 543 et
1363 486 1542 543 centesimus
1578 486 1767 555 undecimus,
1788 489 1819 542 at

114 628 235 671 sensum
251 611 308 668 eibi
331 610 507 674 cohereant,
522 613 584 665 tola
605 610 704 665 isthac
727 610 882 683 pericope:
899 613 937 666 Et
991 608 1155 679 elementia,
1174 607 1212 682 Ε[
1228 628 1249 676 K
1266 609 1303 681 ]Ε
1326 625 1426 681 mque
1435 608 1459 664 si
1470 609 1517 664 cui
1534 608 1761 680 possuntvideri
1780 607 1820 663 si·

114 701 213 741 neema
224 682 332 737 henaim
349 685 635 748 tetreprcmmetima‘a
655 682 818 752 quibusdam
835 682 938 739 Graecis
993 682 1074 736 milia
1089 680 1148 735 illis
1161 681 1247 746 illlll,
1257 681 1313 751 ipsi
1325 682 1374 753 qui
1391 697 1442 751 pro
1457 680 1650 736 samaritanis
1665 685 1746 737 stant
1766 679 1818 734 lit·

116 755 313 819 coturnicibus,
329 768 414 824 usque
428 751 509 807 lodie
523 756 647 824 eritiqm's
661 769 822 824 expressum
836 756 938 811 litteris
993 752 1226 878 terisqudiceut.
1239 753 1272 808 Et
1281 760 1377 808 tameo
1391 755 1433 808 ita
1443 754 1553 808 Grecis
1565 753 1674 807 nedum
1689 768 1704 807 e
1718 753 1820 823 vulgo,

117 830 282 895 latuerimus,
292 825 415 897 legenda
431 841 464 879 ac
475 826 642 894 reponendo
651 825 941 883 videturimmediate
995 840 1069 895 quoa
1105 824 1437 895 ieronymusnotatmed
1448 830 1477 880 et
1486 823 1666 879 doctissimis
1677 838 1820 880 usuveue·

12 910 17 919 '
119 905 185 957 ante
200 898 251 953 illa
265 895 419 968 superiora
432 898 528 963 verba,
545 900 574 949 in
592 894 664 952 libre
678 911 783 968 qaoque
803 898 939 954 Numero·
996 901 1041 951 rat
1056 894 1150 967 legere
1165 895 1237 950 illud
1261 900 1337 962 Πιπι,
1354 901 1386 950 ut
1409 895 1571 967 capitulum
1598 894 1659 951 sive
1684 894 1819 951 scholion

118 987 191 1035 rum,
207 976 262 1025 etc.
278 971 358 1022 lianc
374 966 591 1022 restitutionem
607 969 796 1037 quantumvis
811 985 943 1025 necessa·
996 968 1127 1037 supersit
1135 970 1296 1023 etiamnum
1308 967 1489 1039 aubuvagrii
1503 966 1717 1036 nomine,qucd
1729 972 1756 1022 et
1768 980 1822 1021 nes

120 1043 204 1107 mam,
216 1040 329 1112 judicio
350 1044 449 1094 uestro
474 1036 626 1093 noluimus
651 1040 827 1109 permittere,
844 1045 913 1112 quia
928 1057 943 1095 e
998 1042 1064 1110 post
1080 1038 1279 1094 martianaeum
1302 1039 1450 1094 edidimus
1470 1046 1542 1094 tom.
1559 1039 1598 1093 ΙΙΙ
1613 1037 1667 1093 col.
1685 1039 1749 1095 694.
1766 1038 1823 1094 hoc

121 1115 243 1185 triginta
258 1117 383 1180 quatuor
398 1125 470 1164 mse.
483 1110 642 1174 codicibus,
658 1126 731 1181 quos
744 1110 775 1166 iu
794 1111 847 1167 hoc
859 1128 944 1184 opere
999 1109 1083 1165 titulo
1100 1107 1137 1170 el<
1153 1109 1184 1162 τὸ
1198 1110 1282 1166 llllll.
1300 1111 1404 1182 Sisque
1420 1111 1449 1165 in
1465 1111 1531 1180 ipsa
1556 1110 1736 1181 expositione
1752 1124 1822 1164 con·

122 1185 281 1258 diligenter
296 1181 479 1237 contulimus
508 1197 574 1235 cum
605 1181 691 1236 editis
720 1182 813 1248 libris,
846 1182 945 1238 nullus
999 1182 1083 1237 tinuo
1098 1181 1247 1251 scribitur,
1262 1187 1292 1237 et
1315 1187 1449 1238 constare
1464 1187 1561 1237 tamen
1583 1181 1691 1237 dicitur
1711 1178 1824 1240 τούτοις

125 1256 172 1314 bic
196 1253 251 1310 luci
277 1252 453 1308 dissentiens
475 1250 624 1308 inuenitur
652 1253 688 1307 ab
717 1252 784 1320 aliu,
806 1254 856 1310 sed
887 1270 945 1310 uno
998 1256 1058 1313 τοῖς
1086 1250 1244 1326 στοιχείοις,
1272 1250 1345 1316 ’idon
1370 1253 1438 1318 Ἥπ,
1461 1250 1545 1324 utet,
1574 1252 1642 1307 Ἥπ,
1666 1253 1740 1308 hisee
1766 1251 1822 1307 ele·

125 1326 213 1385 modo
247 1327 416 1380 constanter
451 1324 577 1378 universi
614 1322 713 1388 legunt
734 1326 819 1395 juxta
841 1330 946 1382 seriem
1000 1325 1112 1393 mentis,
1130 1325 1238 1391 lod,lre.
1254 1341 1318 1392 rico,
1335 1326 1377 1389 lie,
1390 1340 1515 1396 quarum
1533 1323 1659 1379 nativam
1677 1324 1824 1395 picturam

125 1400 282 1455 inversam.
296 1396 397 1467 ltaque
407 1411 452 1450 res
465 1394 636 1464 hujusmodi
648 1395 785 1452 lectorem
796 1398 947 1453 curiosum
1001 1406 1079 1461 nini,
1099 1396 1197 1452 uraca
1221 1397 1294 1453 illlli
1325 1401 1546 1466 representem.
1571 1395 1646 1450 Olim
1670 1394 1826 1452 retulerint

127 1468 279 1527 monuisse
293 1467 377 1522 satia.
393 1471 484 1523 Maur.
1003 1468 1100 1523 adhoc
1115 1468 1294 1538 expressius,
1312 1483 1378 1523 num
1404 1474 1436 1522 ut
1458 1468 1556 1521 videre
1570 1471 1615 1522 est
1639 1466 1669 1520 in
1693 1465 1826 1537 antiquis

160 1570 197 1582 -
210 1539 280 1595 Visa
294 1538 462 1595 Martianaec
472 1541 517 1591 eet
531 1552 595 1608 quae
607 1535 654 1591 hic
664 1538 858 1610 subsequitur
870 1537 947 1610 peri·
1002 1538 1087 1595 libris
1100 1539 1150 1609 qui
1167 1539 1308 1594 Hebraico
1323 1538 1466 1595 elementa
1486 1538 1669 1603 describunt,
1684 1537 1828 1610 quemad·

127 1627 208 1684 cepe.
220 1611 251 1666 Et
266 1625 365 1665 nemea
379 1607 489 1663 Domini
503 1612 763 1677 tetragrammaton,
775 1614 820 1665 etc
835 1626 950 1682 ,usquo
1006 1610 1125 1665 modum
1138 1610 1166 1665 in
1177 1610 1215 1665 ali
1241 1609 1530 1680 uotVatioanieipeie
1552 1610 1829 1679 animadvertimus,

128 1684 297 1749 invenimus,
308 1681 465 1735 manifesta
479 1679 625 1760 iuratione
637 1678 780 1760 laborare,
793 1688 821 1736 et
837 1697 950 1753 praepo·
1006 1680 1068 1739 herr
1080 1626 1314 1754 superueclauea
1324 1686 1369 1737 est
1378 1682 1499 1737 omniuo
1512 1681 1548 1736 ad
1559 1682 1662 1735 Graeca
1676 1698 1698 1734 π
1711 1680 1807 1736 instar
1819 1694 1826 1733 ε

129 1755 224 1811 nenda
241 1753 371 1824 proxime
393 1751 557 1823 superiori:
578 1755 610 1805 ta
621 1750 693 1808 abre
717 1768 822 1833 quoque
846 1753 951 1808 Nume-
967 1770 991 1836 B
1005 1769 1060 1807 van
1075 1762 1087 1811 i
1102 1758 1200 1808 autem
1216 1758 1244 1808 et
1259 1752 1307 1808 iod
1322 1763 1332 1801 t
1347 1757 1406 1808 tam
1424 1769 1513 1825 parva
1531 1752 1694 1809 differentia
1717 1751 1828 1824 perito·

130 1841 234 1893 rerum,
250 1830 317 1888 etc..
336 1838 430 1893 usque
452 1821 626 1878 ostenditur:
644 1823 753 1894 quihus
777 1824 856 1880 illico
882 1826 953 1882 suh·
1009 1841 1073 1880 rum
1086 1840 1203 1896 quoque
1217 1825 1474 1880 oculoaiuterdom
1487 1822 1570 1881 lallit.
1586 1829 1704 1880 Certum
1714 1823 1828 1897 estigi-

133 1898 225 1953 nectit
250 1899 440 1979 sequentem:
456 1893 509 1949 Sed
531 1902 558 1949 et
581 1893 687 1949 Psalmi
710 1895 787 1961 trie,
803 1901 859 1951 etc.
879 1896 953 1952 Nam
1008 1902 1057 1952 tur
1071 1906 1160 1968 atque
1174 1896 1303 1964 evidens,
1321 1895 1367 1951 hie
1382 1894 1437 1952 loci
1460 1897 1665 1968 Hieronymum
1690 1895 1829 1965 antiquas

133 1967 329 2041 quid,inqurt‚
337 1965 440 2022 attinet
450 1964 486 2019 ad
497 1964 680 2020 characteres
690 1965 954 2037 Samaritanorum,
1007 1967 1120 2023 litteras
1134 1966 1285 2023 Chaldaeae
1299 1966 1585 2041 appellasse,quibus
1595 1968 1659 2037 jam
1677 1968 1713 2023 ab
1730 1965 1827 2022 hadra

134 2041 212 2167 qued
227 2039 255 2093 in
272 2038 347 2093 lihro
362 2036 557 2092 Numerorom
569 2038 624 2090 sub
638 2035 800 2093 Levitarum
812 2054 845 2094 ac
860 2054 954 2095 sacer·
1009 2044 1093 2094 atate
1119 2055 1208 2110 super
1237 2043 1335 2095 textus
1363 2039 1528 2109 descriptus
1556 2041 1619 2094 est':
1637 2054 1693 2093 non
1717 2037 1830 2110 priores

156 2116 236 2167 otum
253 2125 341 2165 censu
359 2106 529 2179 supputatio
541 2108 705 2163 litterarum
718 2108 954 2181 vigintiduarum
1009 2109 1218 2176 Samaritanae,
1236 2127 1300 2182 qum
1318 2112 1376 2165 lere
1391 2110 1592 2166 exulaverant:
1609 2109 1729 2165 undeet
1750 2110 1831 2165 snti-

136 2179 451 2255 myetieeostenditur‘l
480 2179 954 2250 uidetiamadtalemnumerum,
1009 2198 1076 2254 qam
1100 2181 1242 2245 absolute,
1265 2198 1321 2238 nou
1346 2184 1476 2253 antiques
1499 2181 1658 2246 llehreices,
1672 2180 1756 2237 dixit.
1779 2183 1831 2235 ht·

134 2254 213 2327 quod
229 2254 259 2308 in
272 2251 448 2322 quibusdam
457 2195 773 2331 liracisvoluminibua
785 2269 890 2309 nomeu
904 2252 955 2308 Dei
1009 2268 1065 2323 que
1080 2256 1194 2307 adeost
1209 2252 1282 2308 illud
1306 2253 1496 2308 manifestum
1510 2258 1566 2320 ast,
1581 2252 1658 2326 quod
1684 2250 1831 2323 superiori

135 2327 398 2409 tetragrammaton
410 2323 534 2393 antiquis
550 2322 787 2389 Hebraeorum,id
803 2329 954 2379 estSema·
1011 2330 1079 2380 nota
1094 2325 1313 2389 constituimus,
1327 2324 1407 2380 trulla
1422 2326 1517 2380 locum
1534 2325 1613 2379 hunc
1629 2323 1777 2379 laxatione
1791 2321 1834 2379 la·

135 2396 247 2461 rituam
260 2409 430 2465 expressum
441 2392 550 2448 titteris
561 2393 761 2448 inveniretur?
771 2395 877 2451 Probat
887 2411 955 2451 vero
1008 2395 1112 2452 horare
1122 2395 1451 2467 nullaniqueverborum
1460 2393 1831 2467 antsenaustmjectionem

135 2468 224 2525 semel
240 2470 328 2537 atque
341 2465 449 2521 iterum
465 2463 495 2520 iu
512 2464 956 2539 QuastieaibusHierenymienir
1009 2483 1175 2535 essequam
1192 2468 1341 2522 somniant
1355 2468 1462 2522 eruditi
1477 2467 1541 2531 viri,
1555 2472 1584 2521 8.
1593 2467 1688 2523 Patria
1703 2472 1833 2521 mentem

135 2540 209 2595 hanc
226 2536 406 2593 benedictini
428 2534 550 2591 editoris
573 2537 790 2593 restitutionem
814 2536 954 2605 Clericus,
1010 2555 1067 2595 non
1084 2537 1155 2593 satis
1166 2540 1303 2594 assecuti.
1329 2538 1395 2594 lam
1420 2555 1487 2596 vero
1498 2541 1555 2594 huc
1568 2538 1660 2605 placet
1671 2537 1783 2604 reterri,
1795 2535 1833 2592 ad

135 2612 221 2668 humo
237 2607 385 2665 ceteruia
400 2623 467 2663 cum
485 2608 622 2679 iniquior,
637 2614 666 2664 ct
681 2608 731 2691 qni
757 2626 814 2665 non
838 2611 908 2679 alia,
924 2616 957 2665 ut
1010 2610 1202 2667 lacerandum
1213 2609 1834 2683 hisquadiximuslucem,tlrigenialocom,

134 2683 185 2752 ait,
199 2682 235 2738 de
250 2696 340 2737 cauae
356 2679 402 2734 hic
419 2677 529 2747 laudat,
546 2679 624 2750 quod
641 2683 748 2736 veritas
760 2680 956 2752 undecunque
1010 2698 1097 2752 quem
1113 2697 1147 2737 ex
1162 2680 1225 2737 cod.
1243 2681 1282 2738 lle
1304 2682 1331 2737 io
1345 2681 1415 2737 2818
1439 2681 1675 2738 Moutlaucouius
1700 2679 1835 2752 protulit,

134 2752 242 2818 veniat,
259 2751 315 2807 sibi
340 2767 402 2808 aem
425 2766 456 2806 er
479 2750 518 2805 eit
540 2750 658 2806 veritas.
674 2751 869 2808 Nihilosecius
894 2752 954 2807 lolli
1009 2753 1182 2823 videturque
1198 2753 1260 2824 ipae
1278 2698 1471 2825 iliemnymus
1495 2755 1531 2809 ob
1555 2755 1656 2809 oculos
1679 2750 1833 2808 habuisse.

135 2831 296 2906 utrumque
321 2829 350 2878 et
377 2768 476 2886 rafae,
492 2821 564 2877 mihi
587 2838 762 2893 persuasum
785 2829 839 2888 est,
861 2825 953 2879 fraudi
1011 2824 1149 2895 Loquitur
1166 2824 1358 2880 Adamantius
1372 2825 1408 2880 de
1423 2824 1478 2880 hnc
1503 2823 1566 2896 ipso
1590 2826 1835 2895 tetragrammato

25 2906 28 2911 '
135 2902 234 2954 autem
249 2894 309 2950 illis
324 2893 455 2950 extitisse
471 2894 585 2965 opinior
599 2899 827 2965 praesumptam
844 2896 956 2967 opinio·
1010 2896 1128 2951 nomine
1140 2895 1218 2966 quod
1235 2896 1341 2966 inquit,
1367 2894 1467 2968 Κύριος
1491 2895 1555 2981 aap’
1579 2893 1715 2963 Ἕλλησιν
1742 2892 1834 2971 tapes-

135 2985 204 3025 nem
227 2965 308 3021 illum
333 2980 397 3036 qum
421 2963 505 3036 vulgo
527 2964 639 3021 obtinet
662 2965 692 3022 S.
709 2966 871 3032 Ductorem,
888 2984 955 3023 uum
1008 2971 1105 3031 νεῖται,
1122 2965 1167 3019 aui
1184 2964 1211 3020 tv
1225 2970 1285 3029 cei<
1309 2959 1432 3039 ἁκριὸἑσι
1451 2969 1505 3021 τῶν
1528 2967 1699 3058 evriypdqiov
1723 2959 1835 3040 ’uteru

33 3076 37 3081 -
136 3038 275 3110 antiquos
289 3036 472 3093 characteres
488 3035 627 3103 nominat,
645 3036 754 3108 quibua
776 3054 878 3094 numen
904 3038 954 3094 Dei
1009 3042 1068 3099 κοῖς
1095 3037 1225 3111 ἀρχαίοις
1248 3038 1563 3115 γράμμοοιγὲγροιπτοι,
1592 3034 1647 3093 αλλ
1683 3036 1749 3111 οὐχὶ
1775 3040 1837 3100 τοῖς

137 3108 384 3183 scriptumeratin
405 3108 957 3170 Graciacodieihua,Samaritanosin-
1011 3112 1068 3164 νῦν.
1099 3109 1168 3162 Φασὶ
1190 3107 1240 3183 ylp
1262 3109 1309 3163 τὸν
1330 3106 1446 3184 Ἐοδραι
1464 3109 1566 3182 ἑτέροις
1583 3109 1737 3184 χρήσασθαι
1767 3107 1837 3179 μετὰ

135 3181 292 3239 tellexisse.
304 3178 377 3234 Nam
391 3184 420 3233 et
442 3178 591 3250 conceptis
606 3178 701 3234 verbis
712 3179 916 3248 itaexplieant,
929 3185 958 3236 et
1010 3181 1061 3248 τήν
1077 3177 1288 3255 αἰχμαλωσίαις
1305 3182 1438 3236 hominus
1452 3199 1469 3236 o
1485 3181 1587 3238 Gracia
1607 3181 1730 3254 otiamur,
1753 3191 1838 3252 etque

136 3253 324 3311 manilestum
341 3256 434 3305 estex
450 3250 591 3305 orationis
602 3250 687 3313 serie.
704 3251 728 3306 si
754 3252 856 3308 isthac
880 3253 959 3322 peri·
1013 3256 1043 3309 in
1057 3254 1288 3325 diligentioribus
1301 3253 1476 3310 Hebraeorum
1490 3253 1696 3324 exemplaribus
1710 3251 1839 3322 antiquis

133 3340 206 3397 supe
220 3322 362 3394 superiori
380 3320 422 3377 illi
437 3327 633 3393 preponatur,
647 3339 703 3378 nou
720 3322 791 3378 alias
802 3341 890 3394 quom
906 3328 958 3379 Sa·
1013 3324 1147 3381 scribitur
1156 3325 1268 3389 litteris,
1276 3340 1331 3380 aera
1340 3324 1490 3380 hodierraie.
1500 3325 1628 3382 Tradunt
1637 3323 1713 3381 euim
1720 3325 1838 3379 Esdram

23 3460 26 3465 ,
135 3397 297 3453 maritanas
312 3392 424 3450 litteras
440 3393 495 3447 soh
519 3394 705 3464 antiquarum
731 3393 872 3450 vocabulo
888 3401 958 3451 tunc
1012 3396 1077 3451 aliis
1092 3412 1173 3452 usum
1187 3412 1245 3451 esse
1257 3400 1320 3466 post
1334 3398 1530 3485 captiuitatem.
1549 3396 1600 3452 llic
1617 3397 1718 3477 utique
1734 3399 1835 3451 Sama

136 3462 850 3525 denotarivernmidmininieemniumsensitS.
863 3465 958 3532 Pater,
1013 3466 1114 3523 ritauvc
1150 3466 1253 3522 littera
1285 3464 1410 3542 episima
1445 3467 1586 3524 vocabula
1618 3467 1835 3539 designantur:

136 3547 188 3595 aut
203 3539 230 3592 in
251 3552 315 3592 eam
332 3535 407 3590 trahi
425 3541 522 3608 potest
536 3536 847 3609 sententiamtigitur
865 3553 959 3607 neque
1013 3555 1107 3622 neque
1131 3538 1209 3593 enim
1240 3536 1304 3593 aba
1333 3538 1362 3594 in
1392 3537 1522 3595 Hebraeis
1546 3538 1698 3594 codicibus
1725 3543 1837 3594 veteres

136 3606 961 3678 illudremmajuxtaseriemquamcoustituuntcontra·
1014 3610 1085 3665 dicit
1109 3612 1243 3678 possunt.
1264 3613 1301 3664 At
1323 3609 1348 3664 ai
1375 3609 1446 3681 quid
1475 3611 1570 3679 video,
1590 3611 1731 3682 Origenes
1755 3624 1838 3679 sequa

138 3683 181 3739 riu
197 3680 252 3739 sibi
264 3695 353 3735 sensu
367 3678 516 3750 putandus
539 3684 584 3735 est
597 3678 741 3751 posuisse,
753 3688 779 3735 et
790 3681 959 3750 quamadec
1014 3698 1047 3737 ae
1062 3680 1259 3752 Hieronymus
1285 3680 1359 3736 uihil
1382 3679 1460 3737 aliud
1486 3698 1576 3754 quam
1599 3680 1769 3753 originales,
1784 3695 1836 3736 seu

138 3755 251 3821 dicunt,
268 3757 365 3806 textus
386 3749 493 3805 luxatio
518 3749 599 3807 nollo
623 3754 677 3808 est.
693 3751 759 3807 lem
782 3750 855 3807 illud
881 3752 959 3823 quod
1014 3752 1164 3824 archetypi
1192 3750 1303 3808 litteras
1328 3769 1361 3808 eo
1387 3752 1503 3809 numine
1528 3750 1747 3809 intellexerunt.
1764 3751 1837 3808 ltine

25 3832 29 3843 '
140 3823 291 3882 Chaldaea
307 3819 495 3883 litteras,sive
509 3838 585 3894 quas
600 3822 705 3877 lisdras
721 3822 883 3887 substituit,
902 3840 959 3878 non
1014 3840 1081 3880 vero
1093 3839 1197 3878 norum
1210 3822 1394 3879 sumimuain
1406 3840 1466 3879 rem
1478 3829 1606 3880 nostram
1617 3829 1836 3897 argumentum:

139 3896 353 3957 Samaritanae,
382 3892 571 3977 antiquarum
598 3893 716 3949 nomine
740 3893 863 3967 intelligi
883 3894 961 3957 velit,
1015 3912 1082 3949 nam
1100 3894 1185 3950 sicuti
1203 3893 1314 3949 liebrrei
1330 3894 1439 3951 codicis
1455 3897 1593 3969 antiquas
1608 3894 1723 3951 litteras
1738 3899 1838 3951 sama-

144 3968 299 4042 prcbatum
316 3965 394 4019 imus
418 3965 626 4022 evadetissimie
647 3966 830 4039 argumentis
854 3968 961 4023 subse·
1015 3969 1127 4023 ritanus
1137 3982 1213 4031 esse,
1224 3982 1310 4021 nemo
1320 3966 1462 4022 diilltctnr
1473 3984 1480 4022 ι
1492 3968 1532 4022 ita
1544 3968 1593 4024 ubi
1608 3969 1645 4023 de
1659 3966 1838 4038 Graecapu·

140 4039 241 4113 quenti
256 4035 454 4095 adnotatione.
1016 4038 1139 4112 grapho,
1149 4038 1228 4109 quod
1237 4037 1469 4095 estaChaldaieo
1480 4038 1638 4111 exemplari
1648 4037 1838 4106 translatum,

176 4115 185 4149 ¹
202 4112 333 4180 abrupte
349 4107 468 4178 quidem
486 4107 561 4164 huuc
579 4107 686 4164 iulerre
701 4108 876 4166 sententiam
892 4108 961 4164 Hie·
1000 4126 1113 4172 ,sermo
1128 4115 1183 4178 est,
1199 4108 1347 4179 antiquas,
1363 4109 1424 4165 eive
1439 4111 1483 4166 sui
1500 4111 1647 4184 archetypi
1668 4110 1838 4183 originales,

139 4199 281 4255 ronymus
297 4180 441 4246 videatur,
453 4179 508 4234 nisi
525 4178 579 4234 hoc
596 4179 691 4250 ipsum
706 4181 742 4235 de
757 4180 903 4237 industria
921 4179 961 4235 le-
1017 4199 1074 4238 non
1091 4180 1164 4237 alias
1180 4197 1266 4253 quam
1280 4179 1431 4237 Chaldaea
1446 4182 1621 4253 indicari‚ex
1635 4181 1690 4239 hoe
1703 4180 1770 4253 ipsc
1785 4187 1840 4238 tes·

138 4255 181 4311 sit
196 4257 228 4309 ut
242 4267 371 4309 errorem
394 4252 430 4306 de
444 4249 625 4306 Samariticis
652 4250 757 4306 litteris
781 4251 882 4308 lectori
908 4266 963 4307 suc
1017 4253 1138 4309 timonio
1155 4252 1340 4323 perspicuum
1357 4258 1413 4307 est.

137 4332 262 4388 caveret,
278 4324 307 4378 in
324 4338 411 4392 quem
428 4321 556 4378 diximus
571 4321 689 4377 criticos
707 4325 806 4395 magni
833 4322 963 4378 nominis
1053 4325 1201 4380 ’Sanctus
1216 4323 1421 4396 Hieronymus,
1438 4322 1466 4377 in
1483 4321 1607 4395 epistola
1620 4322 1708 4393 cujus
1722 4320 1839 4379 initium

137 4395 310 4453 incurrisse.
333 4393 388 4450 Sed
406 4393 613 4449 utcertiaaimo
624 4395 711 4461 scias,
730 4395 864 4466 Antiquos
887 4393 965 4448 litte·
1019 4399 1072 4451 est.
1088 4395 1196 4452 lindius
1210 4393 1319 4460 testim,
1336 4401 1467 4451 recenset
1482 4400 1596 4451 tautum
1610 4394 1745 4451 Psalmoa
1766 4410 1842 4466 qua-

140 4484 189 4525 ras
205 4467 313 4537 quibua
328 4479 435 4546 nomeu
451 4465 500 4521 Dei
521 4468 780 4531 tetragrammaton
804 4465 834 4521 iu
857 4464 965 4520 Gracia
982 4502 1003 4567 D
1019 4472 1096 4533 tuor,
1114 4468 1164 4537 qui
1177 4467 1339 4522 secundum
1356 4467 1487 4521 ordinem
1506 4465 1670 4522 litterarum
1690 4464 1840 4538 alphabeti

141 4539 294 4595 codicibus
309 4542 450 4605 scriptum
476 4535 681 4591 inveniebatur
704 4536 875 4591 Chaldaicos
897 4536 962 4606 qui·
1018 4537 1152 4593 Hebraici
1168 4536 1322 4608 compositi
1345 4538 1551 4607 reperiunior;
1567 4553 1620 4593 uec
1642 4536 1682 4593 ibi
1708 4536 1842 4593 meminit

141 4612 284 4668 husnunc
296 4609 418 4672 utimur,
430 4624 487 4662 non
499 4607 687 4662 samariticas
700 4606 887 4667 intellexisse.
900 4623 964 4678 pro·
1019 4608 1125 4664 Paulini
1143 4608 1282 4664 tricesimi
1298 4610 1382 4669 sexli.
1400 4626 1493 4677 oeque
1516 4606 1663 4665 Orationis
1686 4607 1840 4665 ieremias:

142 4681 186 4739 dit
200 4681 324 4753 ipsemet
338 4694 440 4733 earum
456 4682 579 4734 termam
603 4694 669 4733 curn
695 4678 777 4742 alibi,
792 4684 854 4734 tum
879 4678 962 4734 lucu·
1020 4704 1034 4731 a
1051 4679 1223 4750 Priusquam
1240 4680 1275 4734 de
1290 4679 1417 4751 singulis
1438 4681 1593 4745 (limarum,
1609 4678 1706 4750 inquit
1731 4677 1782 4735 illo
1804 4679 1840 4736 ad

142 4751 346 4810 lentissimeiu
362 4750 540 4817 epist‘25ad
556 4748 733 4815 Marcellam,
746 4749 795 4805 ubi
827 4755 964 4822 ostqnam
1019 4752 1141 4808 Puulorn
1167 4750 1313 4813 Urbicum.
1337 4752 1413 4807 scire
1437 4752 1538 4817 debes,
1558 4756 1684 4823 quatuor
1706 4750 1842 4808 Psalmo!

142 4824 216 4882 illud
233 4823 355 4881 dixisset
371 4821 518 4878 liebraicis
534 4821 641 4877 litteris
656 4821 754 4889 scribi,
769 4767 825 4890 2¹0AE
841 4823 885 4893 hs,
901 4839 964 4891 vau,
1019 4822 1181 4879 secundnm
1195 4821 1329 4879 ordinem
1344 4822 1531 4879 Hebraeorum
1542 4820 1841 4894 incipereelemantu·

143 4896 187 4969 he,
198 4896 226 4952 id
239 4900 285 4953 est
298 4902 376 4961 nint,
388 4893 489 4950 subdit
502 4894 697 4975 quodquidam
710 4907 768 4949 aen
782 4894 966 4961 intellipeates
1020 4910 1097 4961 rum,
1109 4892 1320 4950 centensimum
1331 4894 1490 4960 decimum,
1501 4899 1529 4951 et
1539 4893 1735 4951 centesimum
1748 4894 1841 4950 uude·

140 4975 253 5040 prepter
265 4967 462 5024 elementorum
484 4966 708 5027 similitudinem.
724 4981 787 5021 cum
811 4965 842 5020 is
866 4965 966 5022 Graecis
1019 4966 1141 5035 ciuium,
1156 4970 1185 5020 et
1199 4964 1278 5022 huuc
1293 4965 1329 5021 de
1344 4982 1402 5037 quo
1418 4982 1495 5022 nunc
1511 4966 1680 5035 scribimus,
1697 4970 1728 5020 at
1742 4969 1842 5022 ceute·

140 5042 222 5097 libris
246 5039 410 5111 repererint,
433 5037 510 5093 llltll
533 5038 623 5106 tepere
647 5041 852 5093 consueveram.
868 5037 964 5104 Haud,
1019 5036 1129 5094 simum
1143 5036 1402 5108 quadragesimum
1419 5042 1570 5109 quartum.
1584 5058 1598 5085 n
1609 5037 1645 5093 Et
1664 5038 1731 5108 post
1748 5052 1844 5108 pauca

140 5118 223 5185 puto,
239 5110 349 5169 clarius
364 5108 542 5180 appellasset
565 5110 602 5164 de
617 5110 736 5165 numine
750 5106 901 5165 Chaldaea
917 5108 964 5164 lit·
1019 5107 1117 5166 subdit
1132 5125 1138 5163 :
1151 5130 1165 5158 ο
1182 5108 1256 5164 Sunt
1271 5108 1322 5181 qui
1338 5113 1368 5163 et
1382 5107 1454 5165 alios
1468 5107 1637 5165 hocordinc
1650 5108 1845 5180 putantinci·

139 5191 229 5247 teras,
275 5198 329 5237 uas
360 5186 478 5250 pmpter
499 5179 711 5237 elementorum
738 5179 964 5236 similitudinem
1020 5196 1097 5252 pere,
1122 5179 1173 5235 sed
1199 5178 1271 5235 laisa
1294 5196 1395 5236 eorum
1421 5178 1520 5252 opinio
1548 5185 1636 5236 est.»
1661 5182 1729 5235 Hac
1757 5178 1845 5238 iacile

138 5255 212 5311 dixit
227 5200 365 5310 alleccia
378 5251 497 5321 perinde
513 5252 617 5322 legiae
631 5254 706 5308 iiiiii
721 5268 728 5306 :
742 5251 797 5307 nisi
816 5250 892 5307 enim
909 5268 960 5306 ao·
1019 5249 1296 5317 coneiliabuutur,si
1309 5249 1416 5307 dixeris
1429 5253 1634 5324 lliaronymum
1651 5249 1682 5307 in
1711 5249 1845 5323 Epistola

140 5328 229 5400 tiques
244 5325 300 5382 illa
317 5324 420 5380 littera
438 5322 482 5379 hee
505 5323 614 5380 suerint
637 5332 716 5385 nini.
732 5339 856 5394 quarum
883 5327 965 5378 tauta
1019 5323 1054 5380 nd
1072 5321 1191 5378 Paulum
1208 5322 1356 5392 Urbicum,
1368 5328 1518 5393 spectasse
1533 5324 1568 5378 ad
1583 5322 1845 5395 capitaverauum,

139 5416 206 5455 cum
223 5400 297 5455 llllll
318 5394 510 5453 conformitas
534 5401 589 5464 est,
606 5400 638 5451 ut
663 5393 763 5451 statim
788 5395 817 5449 iu
842 5394 965 5465 legentis
1019 5394 1492 5467 quainrsolmiaci,cx1,cxvu
1520 5399 1549 5450 et
1570 5410 1666 5462 cxciv,
1680 5392 1846 5451 decurrunt

140 5472 242 5527 oculos
258 5469 400 5535 incurrat,
417 5465 504 5523 nulla
514 5466 577 5538 jam
600 5470 694 5529 erant.
710 5471 761 5522 aut
785 5470 856 5522 aunt
878 5466 964 5523 modo
1015 5467 1101 5550 y’uxta
1114 5465 1247 5521 ordinem
1263 5464 1448 5521 Hebraarum
1463 5464 1645 5522 :litterarum
1659 5480 1666 5521 :
1678 5462 1726 5521 hic
1741 5470 1842 5523 autam

139 5558 173 5597 ex
188 5548 249 5597 toto
264 5541 393 5605 Oriente,
406 5557 470 5611 qus
480 5540 545 5607 ejus
559 5538 636 5595 vocis
669 5537 844 5609 scripturam
858 5542 965 5594 uteun·
1018 5554 1048 5592 iu
1065 5535 1184 5609 prologo
1194 5536 1423 5609 scripturarum,
1435 5537 1471 5593 de
1482 5553 1603 5593 numero
1614 5535 1718 5607 viginti
1728 5537 1844 5595 etduo·

141 5629 197 5680 que
221 5611 367 5675 referunt:
389 5610 579 5667 Samaritana
602 5619 711 5677 aulem,
733 5608 780 5664 vix
803 5609 883 5665 dictu
907 5614 963 5680 est,
1019 5625 1085 5664 rum
1100 5608 1311 5665 elementorum
1327 5609 1517 5665 dissererent
1531 5608 1599 5665 iude
1614 5606 1718 5680 probet
1737 5608 1844 5680 viginti

132 5687 283 5748 quactum
298 5683 337 5738 ab
351 5680 470 5737 illerum
489 5681 585 5755 ligura
600 5681 768 5737 abhorrent.
784 5679 893 5752 Nempe
916 5680 964 5737 bis
1018 5681 1077 5737 duo
1107 5679 1255 5738 volumina
1278 5680 1308 5735 in
1331 5684 1446 5737 canone
1475 5679 1707 5738 Hebraorumsu
1752 5680 1841 5737 utari.

116 5746 151 5801 ia
164 5751 359 5809 samaritane
371 5751 425 5811 Dei
436 5770 548 5813 nemen
565 5751 715 5815 ineffabile
730 5767 903 5830 expressum
917 5755 964 5811 est
1018 5751 1071 5820 Qui
1087 5750 1173 5825 plura
1188 5751 1223 5810 de
1238 5750 1293 5811 hoc
1320 5766 1426 5825 genere
1455 5750 1638 5812 Psalmcrum
1663 5748 1683 5809 d
1750 5750 1844 5811 smrit
