3870 6120
112 246 188 308 1213

150 375 188 433 ad
205 375 358 433 universos
373 374 554 434 babilatores
568 381 663 434 terra.

112 449 241 522 Fingens
257 448 366 520 pariter
381 465 431 506 cor
444 465 546 506 eorum
563 465 569 506 :
731 460 736 467 ·

150 520 322 593 intelligens
337 520 437 577 omnia
452 537 540 590 opera
556 537 670 577 eorum.

112 591 178 649 Non
195 591 380 649 salvabitur¹
396 609 447 648 rex
458 593 487 648 in
505 593 698 650 multitudine
712 593 867 663 exercitus,

152 679 205 720 nec
222 662 306 720 tortis
321 663 495 720 liberabitur
510 665 539 720 in
553 664 799 737 multiplicatione
814 663 944 720 virtutis.

113 734 219 792 Fallax
233 751 329 808 equus
345 735 531 804 adsalutem,

153 816 182 863 et
197 807 228 862 in
245 806 436 863 multitudine
453 806 566 863 roboris
579 805 626 862 sui
641 822 699 862 uon
717 804 853 863 salvabit.

113 879 188 934 Dece
202 878 305 935 oculus
323 879 436 934 Domini
451 895 542 951 super
555 878 694 935 timentes
708 894 776 934 enm
793 895 799 930 :

150 950 188 1006 ad
204 950 259 1021 (At.
275 951 314 1021 et)
329 954 534 1024 exspectantes
550 949 783 1006 misericordiam
797 949 871 1020 ejus.

113 1025 152 1078 Ut
169 1025 255 1077 eruat
270 1021 306 1078 de
322 1030 416 1078 morte
430 1021 545 1078 animas
561 1037 674 1092 aarum,

151 1096 181 1147 et
195 1091 324 1148 vivificet
338 1109 388 1150 eos
403 1093 433 1148 in
450 1095 537 1150 lame.

112 1163 222 1219 Anima
238 1168 339 1221 nostra
353 1165 535 1237 exspectavit
551 1164 707 1220 Dominum
725 1179 732 1219 :

148 1235 294 1291 auxilium
311 1243 446 1292 nostrum
462 1242 491 1292 et
506 1235 626 1309 clypeus
643 1240 742 1291 nester
759 1238 811 1290 cst.
911 1289 914 1295 ,

111 1304 143 1362 lu
162 1307 229 1379 ipso
243 1308 322 1362 euim
340 1307 488 1364 laetabitur
503 1324 553 1363 cor
568 1312 703 1363 nostrum
720 1323 727 1361 :

147 1378 220 1449 quia
235 1378 265 1434 in
282 1379 401 1435 nomine
417 1384 521 1435 sancto
536 1381 601 1448 eius
615 1376 812 1450 speravimus.

111 1448 366 1506 Sitmisericordia
377 1451 578 1520 tua,Domine,
594 1465 684 1522 super
700 1465 765 1516 nos,

148 1521 228 1577 sicut
241 1521 476 1595 exspectavimus
491 1527 531 1578 te.

113 1651 196 1692 urvm
225 1654 341 1700 ausano
369 1655 554 1695 caunumvrr
572 1653 606 1693 oa
625 1637 667 1710 (b.
692 1637 839 1708 saporem)
865 1653 943 1693 soon

175 1725 272 1765 conru
291 1727 464 1779 aarurnacu,
488 1728 522 1766 ar
540 1726 633 1765 erscrr
651 1724 723 1774 aun,
744 1726 778 1764 nr
795 1725 879 1766 narra.

803 252 912 310 meus
929 249 1162 310 PSALMORUH.

958 371 1136 446 ACustsdit
1150 368 1249 429 omniu
1264 386 1329 429 ossa
1344 371 1408 444 ejus
1425 388 1433 429 ε

1039 461 1130 501 uuum
1146 461 1181 501 ex
1195 443 1237 500 eis
1253 461 1310 500 non
1327 445 1537 517 confringetur.

1000 517 1161 574 laterlicict
1176 516 1301 588 impium
1319 515 1441 587 malitia,

1035 594 1064 645 et
1078 588 1209 644 odientes
1221 589 1338 658 justum
1355 587 1556 660 culpabantur
1567 591 1587 646 ⁶.

998 661 1132 718 Redimet
1147 664 1256 715 Domus
1271 658 1385 715 animas
1400 676 1550 718 servorum
1567 679 1700 734 suorum,

1035 738 1136 815 etqnon
1153 731 1822 812 peccabuntthculpabuntur)amnessperum

1069 821 1099 858 rn
1115 819 1159 858 eo.

1362 889 1458 930 navio.

998 947 1130 1020 (XXXV.)
1146 944 1260 1012 ludica,
1278 944 1410 1012 Domine,
1427 948 1610 1006 adversarios
1627 961 1731 1010 meos:

1034 1035 1134 1091 pugna
1149 1020 1250 1073 contra
1265 1015 1475 1089 impugnantes
1491 1034 1545 1076 me.

996 1089 1192 1163 Apprehende
1208 1094 1325 1144 scutum
1342 1095 1371 1144 et
1385 1089 1500 1145 hastam
1517 1091 1572 1160 (Al.
1587 1096 1730 1168 contum),

1034 1168 1063 1218 et
1078 1177 1165 1231 surge
1181 1161 1210 1214 in
1227 1160 1367 1215 auxilium
1384 1177 1482 1216 meum
1498 1162 1551 1233 (at
1570 1163 1663 1237 mihi).

1034 1234 1161 1305 Evagina
1176 1232 1318 1304 gladium.
1329 1237 1358 1286 et
1374 1248 1543 1306 praeoccupa

1034 1322 1068 1361 ex
1081 1313 1202 1361 adverso
1220 1308 1430 1377 persequentes
1447 1322 1516 1361 me:

1034 1379 1081 1432 dic
1096 1376 1201 1432 anima
1219 1393 1299 1441 mere,
1314 1374 1395 1431 salua
1409 1381 1459 1431 tua
1474 1393 1526 1450 ego
1542 1378 1594 1451 (at.
1611 1378 1657 1434 nd.
1674 1382 1762 1450 sumt.

997 1450 1223 1507 Conluuduntur
1237 1453 1266 1504 et
1276 1451 1526 1520 revereantur,qui
1542 1456 1677 1522 quarunt
1692 1453 1822 1510 animam

1069 1536 1165 1577 meam
1184 1536 1191 1574 ε

1033 1596 1241 1647 convertantur
1256 1595 1428 1657 retrorsum,
1445 1594 1474 1648 et
1488 1594 1720 1666 contundantur,

1034 1663 1085 1735 qui
1099 1664 1229 1734 cogitant
1244 1663 1355 1718 uratum
1372 1662 1455 1718 mihi.

959 1746 982 1812 Β
999 1736 1081 1792 Fiunt
1095 1736 1173 1791 sicut
1188 1733 1284 1806 pulvis
1299 1739 1366 1790 unte
1381 1735 1485 1790 taciem
1501 1736 1590 1804 venti,

113 1805 260 1878 (mlv.)
275 1808 286 1842 ⁹
301 1809 477 1864 Benedicam
493 1805 651 1863 Dominum
664 1806 787 1864 inomni
802 1810 941 1880 tempore:
1035 1812 1064 1863 et
1078 1806 1201 1878 angelus
1215 1806 1330 1862 Domini
1347 1806 1491 1877 impellat,

187 1895 307 1950 semper
320 1878 385 1935 laus
401 1881 466 1964 ejus
482 1879 512 1934 in
527 1895 577 1935 ore
593 1894 668 1934 mee.

115 1948 146 2004 ln
163 1950 286 2006 Domino
302 1949 474 2007 laudabitur
489 1952 588 2006 anima
604 1950 694 2006 mea⁸
711 1965 719 2008 τ

149 2022 276 2078 audiant
292 2022 378 2078 mites
394 2028 421 2079 et
434 2023 580 2079 latentur.

114 2093 302 2162 Magnificate
320 2094 476 2150 Dominum
492 2110 620 2158 mecum,

149 2167 180 2218 et
194 2165 358 2221 exaltemus
373 2182 478 2222 nomen
494 2166 558 2237 ejus
574 2164 692 2237 pariter.

114 2236 242 2301 Quasivi
257 2235 426 2304 Dominum,
443 2241 472 2295 et
486 2237 635 2293 exaudivit
650 2253 708 2303 me,

149 2311 181 2362 et
195 2323 229 2363 ex
244 2308 383 2364 omnibus
399 2309 543 2381 augustiis
559 2308 633 2364 meis
648 2307 782 2364 liberavit
795 2321 853 2378 me,

112 2378 264 2451 Respicite
280 2380 313 2434 ad
331 2396 410 2448 eum,
425 2386 454 2436 et
473 2379 622 2447 confluite,

149 2455 180 2506 ct
195 2449 295 2507 vultus
309 2453 399 2508 vestri
415 2469 473 2509 non
487 2451 715 2523 conluudcntpr.

110 2522 169 2577 Hic
186 2538 300 2594 pauper
314 2522 461 2590 clamavit,
479 2528 507 2579 et
522 2522 666 2578 Dominus
682 2519 851 2577 exaudivit:

148 2594 221 2649 etde
234 2593 372 2651 omnibus
382 2592 851 2665 tribulationibuseJ'rrs‘salvavit
861 2608 941 2649 eum.

109 2665 316 2792 Circumdutbit
327 2667 448 2738 angelus
460 2665 576 2722 Domini
591 2666 702 2738 ingyro
713 2664 851 2720 timentes
862 2680 940 2723 eum.

149 2741 264 2793 eterue
291 2754 352 2794 eos.

109 2809 238 2864 Gustata
254 2813 283 2865 et
296 2808 541 2881 videtequoniam
557 2809 653 2864 bonus
666 2806 809 2864 Dominus
825 2823 834 2865 ε

148 2880 255 2935 beatus
269 2880 314 2935 vir
328 2881 378 2953 qui
395 2887 495 2953 sperat
509 2881 538 2937 in
554 2897 598 2937 eo.

110 2952 230 3007 Timete
246 2951 404 3007 Dominum
420 2952 513 3009 sancti
529 2953 591 3021 eius
608 2968 615 3007 :

151 3022 294 3094 quoniam
312 3040 368 3081 non
384 3027 430 3080 est
444 3023 543 3096 iuopia
559 3020 732 3078 timentibus
744 3038 823 3078 eum.

109 3095 230 3151 Leones
244 3093 437 3162 insinuarunt
451 3100 479 3152 et
494 3096 662 3151 esurierunt
678 3110 685 3150 :

148 3166 354 3292 quffrontibus
370 3172 468 3223 autem
484 3166 644 3223 Dominum
663 3181 721 3221 non
747 3165 840 3220 deerit
855 3180 941 3221 omne

208 3253 311 3293 onum.

147 3307 256 3364 Venite
271 3308 325 3379 (At.
339 3307 520 3379 Ambulate),
536 3308 601 3377 filii,
618 3309 716 3364 audite
732 3325 789 3378 me,

149 3379 289 3436 timorem
308 3381 422 3436 Domini
438 3379 548 3436 docebo
564 3397 624 3437 voa.

110 3452 187 3517 Quis
204 3458 250 3506 est
264 3452 309 3506 vir
324 3452 374 3522 qui
389 3450 459 3507 velit
473 3452 575 3521 vitam,

149 3523 279 3594 diligens
294 3522 357 3579 dies
372 3524 470 3579 videre
484 3523 588 3579 honos.

110 3595 237 3650 Custodi
254 3593 387 3666 linguam
402 3600 481 3651 tuam
498 3611 515 3650 a
530 3593 607 3650 malo
626 3609 632 3649 :

150 3669 181 3720 et
195 3663 275 3720 labia
290 3671 340 3721 tua
355 3683 391 3722 ne
405 3666 568 3738 loquantur
582 3663 694 3721 dolum.

110 3737 227 3793 Recede
241 3753 258 3792 a
270 3736 358 3805 mala,
369 3741 398 3793 et
411 3738 455 3793 lac
469 3739 579 3795 bonum
597 3753 604 3792 :

110 3812 614 3950 oolliiilillilr{llilffllffi
630 3822 706 3864 ⁶³⁸¹·

435 3910 448 3936 θ
499 3924 505 3947 a

147 3956 179 4005 et
194 3967 282 4007 aures
297 3952 362 4021 ejus
377 3952 412 4006 ad
429 3951 574 4008 clamores
588 3967 701 4005 eorum.

108 4022 225 4077 Vultus
240 4023 357 4079 Domini
373 4040 462 4094 super
477 4023 506 4095 (b
535 4023 576 4092 ini
592 4022 731 4078 iacientes
746 4019 878 4078 mulum:

149 4099 182 4148 ut
198 4094 301 4165 perdat
315 4095 350 4149 de
365 4098 442 4150 terra
458 4093 631 4150 memoriam
647 4109 758 4148 eorum.

106 4164 321 4222 clamaverunt
334 4166 355 4232 ⁸,
371 4171 400 4221 et
414 4166 559 4223 Dominus
575 4164 733 4231 exaudivit,

998 1877 1042 1934 sit
1055 1879 1102 1934 via
1115 1894 1215 1934 eorum
1231 1878 1356 1934 tenebra
1372 1884 1400 1933 et
1413 1877 1572 1948 lubricum,

1035 1955 1064 2006 et
1080 1949 1202 2023 angelus
1219 1950 1332 2006 Domini
1349 1954 1543 2023 persequatur
1556 1967 1616 2006 eos.

999 2021 1072 2085 Quia
1087 2023 1195 2078 trustra
1210 2021 1428 2078 absconderunt
1443 2021 1515 2076 mihi
1530 2021 1655 2079 insidias
1670 2022 1739 2080 retis
1754 2023 1821 2082 sulz

1035 2094 1097 2149 sine
1113 2109 1201 2149 causa
1217 2093 1354 2148 tullerunt
1368 2092 1473 2148 anima
1490 2109 1572 2148 mere.

998 2164 1103 2220 Veniat
1118 2163 1144 2221 ei
1167 2165 1221 2232 (Αἱ.
1237 2164 1290 2234 eis)
1305 2162 1457 2220 calamitas
1472 2180 1561 2235 quam
1576 2163 1703 2237 ignorat,

1036 2241 1066 2291 et
1080 2243 1142 2292 rete
1153 2253 1239 2292 suurn
1251 2236 1327 2308 quod
1341 2235 1494 2292 abscondit
1503 2236 1731 2308 comprehendat
1743 2253 1823 2310 eum,

1036 2314 1063 2362 ct
1079 2309 1164 2363 cadat
1180 2308 1208 2363 in
1225 2308 1363 2379 laqueum
1380 2306 1421 2376 (h.
1439 2307 1469 2362 in
1485 2306 1705 2381 calamitatem).

998 2379 1103 2434 Anima
1118 2383 1216 2435 autem
1233 2396 1298 2435 mee
1313 2378 1473 2435 exsultabit
1486 2378 1516 2433 in
1532 2379 1669 2448 Domino,

1035 2449 1181 2506 laetabitur
1197 2450 1226 2505 iu
1243 2450 1338 2506 salute
1352 2467 1407 2506 sua
1422 2450 1475 2522 (Al.
1493 2450 1566 2523 tua).

998 2523 1104 2580 Omnia
1118 2539 1184 2578 ossa
1200 2539 1264 2578 urea
1279 2523 1387 2588 dicent,
1404 2523 1535 2591 Domine,
1551 2520 1619 2593 quia
1630 2522 1737 2580 similis
1752 2520 1796 2579 tui
1813 2538 1821 2581 a

1034 2611 1140 2650 eruens
1156 2593 1271 2665 inopem
1289 2594 1468 2662 evalidiora,

1005 2725 1007 2731 ,
1033 2674 1059 2721 et
1072 2682 1229 2738 pauperem
1247 2683 1280 2721 aa
1295 2665 1463 2721 mendicum
1479 2681 1496 2720 a
1511 2664 1646 2720 violento.

996 2741 1155 2809 surgentes
1169 2742 1258 2793 testes
1272 2736 1364 2809 iniqui
1383 2753 1391 2794 :

1034 2826 1098 2881 qua
1114 2809 1281 2864 nesciebam
1298 2808 1519 2881 interrogabaut
1534 2821 1591 2863 mc.

998 2881 1170 2936 Reddebant
1186 2880 1259 2935 mihi
1276 2880 1351 2936 mala
1367 2897 1419 2952 pro
1434 2881 1510 2934 bono
1527 2894 1534 2934 :

1034 2952 1219 3008 sterilitatem
1236 2952 1340 3008 animae
1356 2968 1437 3007 mea.

996 3024 1056 3095 Ego
1072 3029 1169 3079 autem
1186 3040 1253 3079 cum
1270 3025 1501 3079 infirmarentur.
1518 3020 1685 3076 induebarl
1701 3019 1818 3080 cilicio:

962 3113 977 3141 a
1033 3095 1226 3151 humiliabam
1244 3095 1273 3150 in
1289 3096 1402 3167 jejunio
1418 3094 1547 3149 animam
1565 3108 1671 3158 meam,

1032 3172 1062 3222 ct
1077 3168 1169 3223 oratio
1186 3183 1249 3222 rnca
1265 3168 1294 3222 in
1306 3166 1412 3238 (atad)
1423 3166 1521 3221 sinum
1538 3180 1635 3221 meum
1648 3168 1820 3222 revertetur.

997 3238 1085 3305 Quasi
1100 3240 1136 3295 ad
1153 3239 1282 3294 amicum
1298 3239 1339 3306 (h.
1357 3237 1511 3309 sodalem),
1538 3236 1620 3308 quasi
1646 3237 1682 3292 ad
1698 3237 1818 3293 tratrem

1068 3327 1165 3366 mcum
1181 3310 1224 3365 sie
1239 3310 1428 3366 ambulabam
1446 3327 1453 3367 ε

1032 3382 1115 3452 quasi
1126 3382 1229 3451 lugens
1247 3390 1340 3438 mater
1355 3381 1448 3438 tristis
1464 3378 1648 3434 incurvabar.

996 3449 1796 3523 litiaintirmitatemealatabanturetcangrepabantur
1811 3466 1819 3507 ε

1031 3523 1143 3580 collecti
1159 3529 1229 3580 sunt
1244 3527 1384 3581 adversus
1400 3541 1447 3580 mc
1463 3522 1820 3596 percutientes‚etncscie·

1030 3596 1099 3652 ham
1116 3614 1124 3656 z
1141 3597 1308 3654 scindentes
1322 3601 1351 3653 et
1366 3615 1423 3652 non
1440 3600 1569 3653 tacentes
1583 3594 1604 3649 ⁸.

994 3667 1026 3722 ln
1043 3668 1233 3723 simulatione
1246 3669 1401 3724 verborum
1419 3669 1565 3724 lictorum.

1030 3740 1204 3794 l'rcndchant
1219 3745 1320 3795 contra
1335 3756 1380 3793 me
1393 3739 1530 3793 dentibus
1547 3736 1620 3791 suis.

994 3809 1126 3875 Domine,
1143 3814 1252 3881 quanta
1265 3811 1380 3864 videbis
1395 3810 1448 3878 (ΑΙ.
1465 3808 1612 3879 aspicies).

1029 3887 1164 3936 converte
1180 3879 1309 3936 animam
1331 3897 1425 3936 meam
1442 3896 1458 3935 a
1484 3877 1702 3935 salubritatibus
1715 3893 1816 3933 eorum

1065 3954 1107 4007 ΑΙ.
1125 3952 1198 4020 suis)
1214 3968 1220 4006 :

1029 4040 1046 4078 a
1061 4023 1196 4079 leonibus
1209 4022 1372 4079 solitarium
1391 4039 1495 4077 meam.

991 4094 1157 4150 Confitebor
1171 4095 1224 4149 tibi
1240 4095 1269 4150 in
1287 4094 1417 4151 Ecclesia
1432 4092 1534 4165 grandi
1550 4092 1603 4165 (Al.
1620 4089 1763 4162 magam?

1028 4167 1056 4221 in
1076 4166 1183 4238 populo
1199 4167 1265 4222 lorti
1281 4165 1408 4222 laudabo
1425 4170 1462 4220 te.

147 4240 178 4292 et
191 4237 371 4293 exomnibus
385 4237 734 4293 tribulationibuseorum
746 4233 878 4292 liberavit
887 4251 937 4291 ees
991 4241 1055 4294 Non
1072 4237 1207 4293 latentur
1222 4255 1312 4310 super
1327 4255 1372 4293 me
1386 4237 1499 4292 inimici
1515 4235 1570 4290 mei
1590 4234 1745 4289 mandaces
1761 4249 1768 4287 ι

105 4307 200 4363 Juxta
215 4312 259 4363 est
273 4308 418 4366 Dominus
433 4309 566 4365 contritis
582 4309 678 4379 corde,

146 4384 177 4434 et
190 4380 354 4436 confractos
371 4379 476 4451 spiritu
494 4380 629 4435 salvabit.

1026 4310 1158 4365 odientes
1174 4325 1220 4365 me
1236 4311 1346 4365 trustra
1360 4310 1548 4365 conniventes
1563 4307 1616 4378 (rii.
1633 4305 1814 4379 cohibentes)
1918 4300 1923 4311 ’

1064 4380 1148 4437 oculo
1163 4398 1170 4436 :

144 4451 247 4506 Multae
269 4449 474 4508 tribulationes
499 4452 540 4521 (h.
566 4450 658 4507 Multa
682 4449 770 4522 mala)
781 4450 864 4521 justo
880 4450 934 4523 (ll.
953 4487 975 4552 D
991 4452 1052 4509 Non
1068 4453 1145 4508 enim
1163 4469 1262 4523 pacem
1289 4452 1461 4525 loquuntur,
1487 4452 1537 4507 sed
1554 4451 1583 4506 in
1600 4450 1704 4523 rapina
1717 4454 1813 4508 terra.
1893 4476 1897 4483 ·

179 4522 278 4594 justi),

1027 4525 1114 4580 rerba
1129 4524 1316 4580 fraudulenta
1332 4525 1518 4580 concinnant.

145 4600 174 4649 et
190 4610 225 4648 ox
240 4593 379 4649 omnibus
395 4592 453 4649 illis
468 4593 605 4650 liberabit
628 4593 682 4665 (rt.
708 4592 855 4666 liberavit)
869 4609 937 4649 eum
991 4596 1025 4651 lit
1041 4596 1236 4652 dilataverunt
1250 4613 1340 4667 super
1353 4612 1398 4650 mo
1415 4610 1562 4651 ossuum.

182 4664 340 4721 Dominus.

144 4878 155 4913 ¹
171 4878 206 4933 ln
223 4875 347 4933 instanti
364 4875 472 4934 habent
487 4877 580 4933 nostri
598 4893 669 4933 mss.
685 4876 820 4933 salvatur.

144 4946 386 5019 'alphabeticus
406 4947 453 5004 bie
477 4965 594 5021 quoque
620 4949 753 5020 psalmus
774 4952 829 5011 est,
854 4952 883 5003 et
907 4947 937 5004 in

1027 4668 1164 4723 dixerunt
1179 4667 1245 4736 vah,
1262 4667 1316 4723 vah
1334 4684 1341 4724 z
1358 4667 1432 4724 vidit
1446 4666 1549 4724 oculus
1565 4669 1674 4723 noster.

992 4879 1045 4935 alis
1062 4879 1235 4951 Hieronymo
1250 4879 1421 4952 suscriptas.

1028 4950 1237 5023 ³Dremplaria
1252 4953 1379 5008 Canania
1401 4957 1430 5007 et
1453 4951 1564 5021 aliquot
1585 4968 1658 5010 mss.
1674 4953 1812 5011 codices:
1918 5020 1921 5025 ,

105 5019 308 5102 υυοῃυῑᾶοη]
325 5019 512 5077 cisterciensi
530 5037 585 5077 ms.
602 5020 665 5076 suis
690 5021 815 5093 quisque
831 5018 937 5076 litteris
991 5024 1021 5078 la
1039 5023 1151 5077 Damam
1168 5024 1310 5079 laetalitcr
1325 5027 1420 5081 orrima
1434 5040 1505 5081 rnen.
1523 5025 1617 5081 Mean.

104 5090 276 5149 versiculus
292 5108 325 5147 ex
350 5091 454 5148 ordine
477 5096 668 5163 praenotatur,
691 5109 728 5147 ne
751 5108 804 5147 aaa
819 5091 936 5159 quidem

1027 5093 1125 5147 lillud
1142 5097 1200 5165 rjus
1230 5095 1321 5149 nostri
1350 5111 1421 5152 mss.
1453 5113 1510 5151 non
1540 5098 1665 5164 addunt,
1690 5099 1718 5150 et
1747 5111 1814 5151 mox

106 5162 323 5237 praetermisso,
338 5162 367 5216 in
385 5179 442 5235 qno
464 5167 563 5218 notum
590 5169 687 5219 tamen
712 5167 757 5218 cst
773 5163 802 5218 in
818 5162 938 5218 llebraen
991 5165 1157 5233 circumdet,
1175 5183 1225 5236 pro
1240 5169 1423 5224 circrnoduttt
1437 5168 1548 5241 legunt.

107 5235 271 5307 archetypo
287 5235 394 5290 seriem
412 5234 606 5307 interrumpi;
623 5251 675 5291 nec
691 5234 774 5290 lacile
791 5240 895 5306 potest,
906 5239 938 5290 ut

107 5321 245 5376 nuperus
259 5304 417 5377 Scriptura
431 5306 574 5376 interpres
595 5311 689 5379 putat,
706 5306 849 5376 suppleri,
872 5322 936 5361 ver·

1027 5237 1038 5270 ⁵
1054 5236 1205 5292 intorserit
1219 5254 1296 5293 uuus
1311 5238 1430 5296 Cisterc.
1448 5257 1502 5295 ms.
1519 5241 1596 5306 iusti.

1026 5307 1037 5342 ⁸
1053 5308 1147 5363 Nostri
1163 5325 1265 5365 anrncs
1282 5327 1354 5367 mss.
1369 5312 1430 5384 pari
1447 5327 1591 5366 consensu
1607 5308 1812 5381 superabantur

108 5376 208 5434 siculo
223 5377 348 5449 septimo
364 5377 400 5432 ab
416 5376 453 5432 iis
471 5377 567 5433 verbis
582 5379 669 5434 ducto
687 5395 694 5432 :
709 5386 783 5442 mnu
802 5385 891 5442 albii,
909 5387 937 5434 et
991 5395 1043 5452 pro
1057 5380 1254 5448 culpabuntur.

109 5451 247 5506 Drmiam
259 5447 405 5504 arcadici!
418 5463 490 5503 eum.
515 5449 597 5505 'l'nnc
620 5450 698 5504 enim
721 5448 847 5520 septima
863 5448 936 5504 deli·

1026 5451 1035 5485 ⁷
1052 5456 1114 5505 Duo
1129 5467 1144 5505 e
1160 5454 1268 5507 nostris
1289 5470 1360 5513 mss.
1378 5452 1485 5524 aliique
1500 5469 1589 5523 penes
1605 5449 1812 5508 Martian.Cum

108 5520 168 5577 ciet
182 5532 196 5579 t
212 5519 282 5574 Zeia
296 5518 404 5586 littera,
420 5520 482 5575 siva
497 5520 544 5575 cui
559 5521 585 5576 ei
604 5521 748 5576 tribuatur
763 5521 935 5577 versiculus:
991 5523 1151 5591 infirmarer
1166 5526 1200 5578 ab
1215 5525 1264 5591 cis,
1281 5525 1426 5589 induebar,
1442 5533 1497 5580 etc.

108 5589 170 5648 nisi
186 5590 244 5647 tria
259 5591 319 5646 bac
331 5591 427 5649 rerba.
446 5589 496 5645 iste
509 5605 616 5661 pauper
629 5592 771 5651 clamavit.
782 5589 935 5675 prosolido

1025 5593 1146 5649 tecnon
1162 5596 1344 5665 Carcasson.,
1369 5596 1525 5652 scirrdeatee
1546 5598 1572 5650 et
1591 5609 1646 5649 aon
1660 5594 1809 5667 renuentes

109 5660 260 5720 versiculo
275 5661 636 5734 haberevelis,ipsumque
652 5662 755 5719 inverti
771 5661 934 5720 litterarum
988 5667 1164 5736 sanquinem.
1180 5666 1259 5723 ldem
1286 5666 1411 5723 babetur
1426 5667 1454 5724 in
1478 5666 1594 5722 Danaae
1617 5669 1810 5723 San-Germa·

110 5732 259 5791 ordinem.
282 5734 351 5791 Eaa
374 5732 626 5790 animadvertinua
664 5737 697 5791 ut
722 5734 745 5790 si
769 5733 934 5803 uideamus,
989 5737 1072 5793 nensi
1089 5739 1255 5808 nostro,sed
1270 5738 1402 5796 secunda
1417 5738 1597 5798 medullula
1610 5737 1730 5799 lectioni
1740 5753 1809 5798 oon·

111 5818 164 5903 aar
175 5800 290 5864 litterae
303 5818 363 5864 non
373 5801 465 5865 aaa
473 5800 505 5864 lu
515 5801 620 5866 Datim
628 5778 757 5880 lntsrpra

788 5805 935 5867 translata
989 5809 1076 5869 nouat
1088 5805 1240 5885 chaldam
1253 5805 1475 5884 paraphrastes.
1491 5806 1587 5869 aare.
