3870 6120
27 216 63 369 ,Χ
152 264 211 329 us
740 269 904 332 naraon
927 270 1278 336 anuaorormoeou
1798 270 1859 334 110

57 384 61 391 ’
98 479 103 487 ,
154 404 188 462 in
212 398 335 481 Regum
360 400 470 480 libros,
487 400 656 461 secundum
683 420 807 464 sensnm
840 402 977 464 11111011·-
991 403 1019 471 A
1033 404 1283 479 nonrolnmina,
1300 402 1804 483 nonalitarinterpretandaesunt
1818 404 1860 467 de

154 519 260 560 coriam
275 499 420 573 Petrum,
437 505 571 579 quotuor
602 497 908 560 Commentariorum
935 500 977 561 li·
1034 508 1126 564 aetate
1142 502 1277 578 Hebraei,
1294 504 1348 582 qni
1376 501 1497 564 scholia
1514 500 1701 580 marginalia
1723 502 1862 563 Oanouis

155 597 227 659 bros
253 598 351 676 edidi,
369 617 445 678 qreos
468 601 498 655 et
525 598 741 659 saeratissimo
769 599 911 679 genitori
934 618 980 658 oe·
1034 601 1194 663 Hebraicae
1221 600 1376 677 veritatis,
1407 605 1438 661 ct
1466 598 1651 661 traditiones
1686 599 1863 661 Hebraioaa

155 703 222 757 stro
249 694 403 757 Leidom'co
441 696 623 777 imperatori
656 696 905 778 praesentialiter
946 696 979 755 in
1034 697 1142 775 edidit,
1190 705 1323 761 exeunte
1351 698 1467 761 saeculo
1498 704 1622 771 octav0,
1647 702 1703 759 aut
1729 697 1863 761 insonte

155 799 264 856 nostro
297 794 486 854 monasterio
514 794 660 855 tradidi:
685 794 719 854 in
756 793 869 876 quibus
898 793 994 856 sicut.
1035 812 1132 858 nono.
1155 796 1277 858 lithaeo
1296 801 1369 858 sunt
1397 802 1532 878 tempora
1561 795 1709 856 moderna
1738 795 1863 858 [tabani

156 896 186 950 et
200 890 395 971 inpraesenti
415 900 503 973 opere
526 891 606 970 saei,
634 889 772 974 losepii,
795 891 981 960 Judoeorum
1036 893 1151 972 Mauri,
1180 894 1353 974 inquibus
1384 898 1518 956 testatur
1544 892 1689 955 floruisse
1726 893 1863 973 scripto-

158 989 315 1071 iistorici,
337 992 563 1067 narrationem,
592 996 621 1050 et
647 988 778 1053 Hebraei
805 991 980 1071 crey'uadam,
1036 991 1252 1066 remillum,a
1279 1009 1342 1071 quo
1358 991 1498 1070 plurima
1526 995 1736 1052 mutuatoret
1763 991 1866 1052 inter-

157 1089 317 1149 modernis
331 1088 520 1171 temporibus
536 1088 569 1148 in
598 1088 682 1170 legis
709 1089 842 1150 scientia
865 1091 982 1165 fioren-
1039 1090 1127 1171 ponit
1166 1090 1198 1150 in
1239 1089 1304 1150 suis
1338 1088 1590 1151 Commentariis.
1627 1088 1868 1160 Quantumcun-

160 1186 215 1266 ris,
240 1187 400 1268 opiniones
421 1187 586 1269 plerisque
614 1188 647 1248 in
678 1187 757 1249 iocis
785 1187 984 1270 interposui:
1040 1206 1102 1268 que
1119 1205 1194 1249 vero
1222 1194 1298 1249 nota
1323 1187 1414 1248 nobis
1441 1187 1483 1248 sit
1510 1192 1586 1248 aetas
1613 1186 1737 1248 Hebraei
1765 1186 1863 1261 iliius,

160 1285 217 1346 sed
244 1305 305 1346 non
336 1288 392 1365 ita,
424 1293 459 1346 nt
487 1286 580 1368 quasi
611 1286 754 1348 lectorem
783 1288 915 1348 invitum
944 1288 986 1347 ait
1041 1285 1218 1348 scholiaatis
1246 1290 1278 1347 ct
1318 1284 1587 1359 commentatoris,
1625 1285 1780 1346 incertum
1819 1291 1867 1345 ta·

163 1383 302 1465 ipsorum
340 1384 526 1446 traditionis
569 1404 731 1446 assensum
751 1384 986 1468 pertraherem5
1042 1400 1114 1446 men
1139 1402 1237 1463 genus
1256 1389 1409 1445 remanet.
1440 1386 1521 1444 Nam
1548 1382 1635 1463 quod
1676 1400 1748 1444 com
1777 1381 1866 1450 lose·

162 1481 218 1543 sed
227 1482 334 1563 magis
340 1482 471 1564 jredieio
499 1502 535 1543 ac
542 1483 729 1565 probationi
743 1484 844 1566 iptsim
864 1484 923 1546 itta
939 1485 989 1545 de·
1042 1481 1102 1547 oio
1130 1480 1307 1548 ludaeorum
1348 1481 1500 1542 historico
1542 1481 1696 1561 adjungat
1738 1481 1869 1542 Maurus

163 1580 356 1662 relinquens.
400 1585 447 1643 Ex
488 1581 527 1643 lis
581 1582 781 1663 exploratum
824 1583 915 1646 nobis
941 1583 987 1658 dt,
1042 1579 1232 1642 Praefatloue
1271 1579 1578 1642 Commentariorum
1617 1579 1650 1640 in
1698 1579 1867 1659 Paralipo-

165 1680 333 1743 Rabanum
363 1683 505 1742 Maurum
533 1681 579 1743 ita
608 1681 640 1742 in
677 1680 781 1762 primo
812 1680 989 1744 testimonio
1045 1695 1150 1751 mena,
1178 1676 1290 1739 ambos
1325 1696 1390 1739 ona
1417 1678 1587 1758 scriptores
1622 1676 1695 1737 illos
1735 1677 1867 1739 forsitan

165 1777 405 1857 intelligendum
434 1786 573 1853 0000,οι
608 1779 724 1841 dixerit
759 1780 899 1860 capitula
934 1776 1204 1844 cu-lirecensere
1253 1775 1365 1849 voluit,
1404 1781 1439 1837 ut
1481 1776 1667 1836 doceremur
1718 1774 1867 1837 iudaeum

162 1873 290 1954 jusdam
306 1874 431 1937 Hebraei
458 1894 515 1938 suo
544 1877 731 1956 temporalo
755 1877 885 1939 scientia
912 1876 991 1957 legis
1044 1879 1214 1953 utrumque
1228 1873 1333 1935 tuisse.
1349 1874 1389 1935 st
1403 1873 1476 1934 huic
1490 1872 1632 1953 opinioni
1659 1891 1722 1934 non
1751 1890 1866 1953 parum

163 1972 306 2033 florentis
335 1973 503 2035 inseruisse
531 1974 676 2054 plurimis
703 1974 780 2035 locis
806 1993 934 2036 suorum
954 1974 985 2035 in
1045 1975 1204 2050 repugnat
1232 1969 1374 2032 scholion
1414 1970 1588 2048 marginala
1628 1969 1763 2031 Cononis
1804 1972 1868 2031 lla·

162 2073 287 2147 Regum
303 2069 465 2129 volumina
487 2071 805 2144 Commentariorum,
836 2088 906 2151 quae
935 2089 987 2133 ca·
1043 2068 1160 2131 braicos
1201 2068 1341 2131 veritatis
1394 2069 1533 2149 positum
1575 2067 1636 2130 eol.
1689 2071 1758 2147 lto,
1812 2068 1867 2130 ubi

161 2165 264 2246 pitulo
306 2166 509 2229 traditionem
560 2168 767 2230 Hebraeorum
794 2170 986 2232 contineant.
1044 2183 1165 2228 morem
1178 2167 1363 2228 Latinorum
1392 2168 1659 2242 secutusiauctor
1686 2165 1872 2244 hujusmodl

163 2263 262 2343 quue
287 2263 501 2327 indubitatum
537 2283 604 2327 esse
646 2267 818 2348 comperiet
840 2267 989 2347 quisquis
1045 2265 1297 2338 adnotationum,
1322 2265 1400 2327 dlcit
1431 2264 1462 2325 in
1491 2263 1624 2326 Hebraeo
1656 2262 1767 2325 haberl
1802 2267 1871 2325 Nu·

162 2360 195 2423 in
239 2360 369 2423 Rabani
412 2362 663 2443 expositionibus
692 2368 724 2426 ot
750 2365 989 2427 Commentariis
1044 2380 1203 2425 marorum
1240 2363 1344 2442 capita
1385 2378 1461 2438 1111,
1488 2379 1570 2424 vers.
1593 2363 1636 2423 6:
1666 2360 1871 2442 Fueruntque

162 2458 327 2539 opiniones
354 2478 391 2522 ac
420 2462 574 2522 sectiones
607 2462 747 2541 integras
774 2463 988 2532 Quaestionum
1044 2461 1144 2541 virga
1169 2460 1416 2521 duodecimcum
1444 2457 1677 2540 oirgaAaron.
1694 2462 1730 2520 In
1748 2459 1870 2520 Latinis

161 2557 388 2619 Hebraicarum
403 2558 436 2620 in
452 2558 551 2621 libros
566 2562 687 2639 Regum
713 2565 745 2622 et
773 2562 987 2642 Paralipome-
1044 2566 1151 2620 autem
1167 2558 1337 2630 codicibus,
1363 2576 1443 2639 qnos
1457 2577 1531 2619 suos
1558 2561 1652 2619 vocat
1672 2557 1768 2636 juxta
1794 2574 1870 2618 con·

67 2668 75 2697 1
161 2675 228 2720 000
256 2657 374 2736 positas
402 2657 671 2733 animadverterit,
701 2665 796 2739 atque
824 2661 989 2722 (10101000-
1044 2655 1241 2718 suetudinem
1270 2656 1454 2737 hieronymi
1468 2661 1499 2716 et
1522 2653 1699 2734 Augustini,
1714 2653 1868 2735 scriptum

163 2752 262 2815 tarios
290 2752 396 2815 Mauri
425 2758 457 2816 01
485 2753 609 2816 liebraei
637 2755 821 2818 traditiones
848 2757 930 2820 inter
956 2777 989 2821 se
1043 2771 1121 2828 esse,
1145 2757 1333 2834 tractantque
1343 2752 1442 2835 virge
1465 2752 1628 2814 duodecim
1643 2751 1758 2833 absque
1771 2751 1872 2834 virga

164 2853 389 2933 composuerit.
435 2854 509 2926 Quis
548 2854 649 2934 igitur
675 2856 771 2918 luerit
806 2856 990 2920 scholiastes
1043 2853 1166 2915 Aaron.
1196 2851 1362 2924 Hebraeus,
1378 2852 1493 2931 lnquit,
1522 2851 1719 2925 cumnostri,
1736 2848 1868 2932 absque;

165 2951 314 3025 Canania,
329 2956 360 3013 et
375 2970 438 3031 quo
452 2956 597 3032 tempore
610 2953 734 3028 vixerit,
752 2960 872 3017 certum
887 2960 990 3018 exstat
1043 2953 1074 3014 id
1090 2958 1137 3013 est
1151 2951 1302 3014 Hebraeus
1324 2957 1428 3014 textos
1451 2951 1528 3031 legit
1545 2970 1614 3012 cum
1629 2951 1724 3031 virga
1737 2950 1868 3025 Aaron3

43 3062 46 3067 ’
165 3067 204 3110 cx
247 3049 352 3110 allatis
393 3049 516 3110 duobus
558 3051 679 3112 llabanl
716 3053 815 3114 Mauri
849 3055 990 3117 testimo·
1044 3050 1144 3112 nostri
1184 3050 1309 3112 codices
1335 3049 1448 3124 Latini,
1479 3048 1593 3131 absque
1620 3049 1715 3129 uirga
1742 3049 1870 3111 Aaron.

172 3145 245 3206 niis.
263 3143 419 3206 Hebraeus
442 3146 482 3207 ab
498 3164 535 3208 eo
562 3145 663 3210 dietus
690 3154 748 3222 00,
778 3155 811 3210 tu
859 3148 1029 3216 1111111111
1048 3151 1121 3210 Non
1140 3147 1208 3209 allis
1235 3147 1336 3209 verbis
1364 3163 1437 3209 usos
1479 3146 1574 3209 luisse
1603 3146 1726 3208 Latina
1754 3145 1871 3226 lingua

168 3242 254 3323 tagis
282 3261 348 3304 non
378 3243 578 3305 mediocriter
614 3244 756 3319 celebris,
784 3246 874 3327 cujus
902 3267 990 3311 com·
1045 3245 1189 3307 homines
1226 3245 1259 3305 in
1287 3243 1455 3306 recitandis
1494 3243 1689 3308 variantibus
1724 3243 1872 3305 lectioni·

165 3341 376 3402 mentationes
399 3358 436 3404 ac
464 3343 658 3414 Quaestioocs
685 3345 857 3408 llaehraicae
886 3347 990 3410 locum
1044 3342 1105 3404 bus
1145 3341 1379 3421 scripturarum
1417 3341 1608 3414 divinarum,
1635 3340 1732 3420 probe
1771 3358 1871 3402 nove·

165 3440 282 3502 habere
324 3441 498 3502 meruerint
537 3441 621 3503 inter
667 3445 839 3507 sententias
879 3447 989 3510 Hiero·
1045 3445 1120 3501 runt
1146 3438 1328 3520 quicunque
1355 3444 1536 3501 sanctorum
1565 3439 1694 3501 Petrum
1719 3437 1870 3500 lucubra-

165 3538 264 3617 nymi,
281 3539 460 3618 Augustini,
478 3545 509 3601 et
536 3539 671 3603 aliorum
700 3542 867 3606 doctorum
895 3547 993 3607 nomi.
1047 3537 1147 3598 tiones
1175 3537 1335 3599 01011001.
1377 3540 1417 3598 111
1457 3535 1652 3616 superfluum
1695 3541 1778 3598 esset
1818 3536 1872 3598 hio

166 3635 400 3697 notissimorum
432 3637 464 3697 in
508 3638 649 3699 Ecclesia
672 3638 799 3703 Christi.
844 3641 992 3704 Florebat
1047 3635 1193 3715 exempla
1228 3651 1399 3714 0011801'01‘0
1426 3635 1459 3696 in
1484 3652 1549 3696 rem
1573 3634 1695 3697 cuncti!
1718 3634 1869 3696 studiosit

167 3737 274 3793 autem
290 3732 609 3795 seientiadiviusrum
626 3735 860 3814 scripturarum
879 3740 991 3801 eodem
1045 3733 1256 3795 indubitatam
1283 3740 1378 3813 atque
1405 3732 1616 3795 manifestam.
1647 3737 1798 3813 Superest
1811 3732 1872 3811 igi-

166 3837 310 3912 tempora
337 3852 400 3912 quo
421 3834 575 3895 Alcuinus
602 3835 714 3915 stipae
734 3837 987 3900 itabanusMau.
1046 3837 1098 3893 tur
1126 3838 1161 3894 ut
1184 3831 1328 3893 dicamus
1363 3831 1530 3893 llebraeum
1565 3831 1756 3894 scholiastae
1802 3829 1869 3892 Co·

164 3946 244 3990 rus:
272 3948 344 3990 nam
383 3931 469 4011 apud
497 3932 642 3993 Maurum
679 3933 826 3994 moderna
854 3940 990 4018 tempora
1044 3928 1131 3990 dices
1149 3930 1624 4010 Latinorumsuosappellassa‚
1650 3929 1725 4010 quia
1750 3948 1789 3991 01
1810 3933 1870 3992 La·

166 4032 321 4089 vocantur
352 4027 408 4087 illa
434 4031 579 4106 tempora
616 4028 730 4106 quibus
769 4031 837 4111 ipse
865 4038 989 4095 aetutem
1044 4024 1446 4108 dualinguahominibus
1469 4032 1643 4107 prognatus
1669 4026 1781 4103 lucrat,
1813 4034 1870 4088 aut

166 4122 311 4203 degebat,
328 4129 363 4187 01
378 4125 466 4187 testis
481 4132 528 4187 est
554 4125 808 4204 prefatiuncula,
837 4132 989 4211 senapis·
1044 4131 1129 4188 certe
1157 4127 1241 4206 quod
1281 4125 1315 4187 in
1342 4123 1499 4187 Christum
1524 4125 1682 4198 credens,
1719 4127 1871 4186 nomana

167 4219 244 4294 tola,
261 4222 455 4283 dedicatoria
482 4222 790 4287 Commentariorum
818 4226 850 4287 iu
874 4227 990 4292 librum
1043 4223 1190 4286 Ecclesia
1216 4223 1325 4298 libros,
1357 4241 1432 4283 suos
1472 4221 1619 4302 deinceps
1647 4240 1719 4283 cum
1748 4223 1871 4283 01010110

167 4322 332 4394 Geneseos,
369 4319 422 4381 ubi
466 4320 648 4381 modernum
689 4327 808 4405 tempus
850 4326 990 4406 appellat
1043 4321 1189 4382 lldallbus
1203 4320 1368 4383 nominare
1391 4319 1501 4382 voluit.
1518 4323 1560 4380 At
1574 4319 1655 4380 unde
1678 4317 1788 4390 habes,
1816 4318 1871 4379 in·

167 4418 284 4474 atatem
296 4412 476 4495 Freeuipii‚
494 4415 533 4476 ad
562 4433 656 4495 quem
685 4417 753 4497 ipsc
782 4421 924 4483 rescribit
952 4441 989 4484 ac
1044 4420 1112 4498 quit
1126 4419 1206 4480 10110
1229 4418 1329 4480 lector
1352 4417 1477 4498 aliquis,
1508 4416 1698 4478 scholiastae
1720 4415 1810 4477 illum
1841 4420 1872 4478 et

168 4512 343 4591 praelator:
370 4511 566 4594 Magreorum
595 4512 734 4577 oirorrrm
763 4536 909 4580 conamen
938 4514 1205 4582 an-Dauctorem
1234 4516 1452 4580 'iraditionum
1481 4515 1708 4577 Hebraicarum
1745 4513 1872 4576 Christo

167 4610 393 4692 liquitussuit‚
411 4617 445 4671 ut
473 4612 603 4672 invicem
627 4612 802 4697 scribendo,
832 4636 890 4679 sua
910 4627 992 4701 pro·
1046 4633 1161 4677 nomen
1196 4614 1354 4675 dedisse?
1402 4613 1688 4675 manifestissimum
1731 4610 1874 4691 religiosi

168 4709 440 4786 vocarentstudia,
452 4716 481 4770 et
495 4717 670 4771 exercerent
684 4713 824 4793 ingenia.
841 4714 937 4793 Quod
951 4716 991 4777 ii·
1045 4718 1077 4774 et
1098 4710 1268 4774 Christiani
1295 4711 1344 4773 sui
1371 4710 1474 4773 cultus
1497 4715 1719 4790 argumentum
1734 4710 1872 4790 praebuit

167 4810 215 4865 cet
228 4825 334 4866 eorum
349 4807 486 4874 exemplo
514 4807 660 4868 arroderno
676 4814 807 4891 tempore
821 4832 916 4892 agere
934 4812 991 4873 de·
1043 4810 1177 4890 ipsomet
1200 4810 1335 4890 scriptor
1360 4808 1523 4882 liebroena,
1560 4815 1591 4869 ct
1617 4808 1650 4868 in
1681 4808 1873 4880 0011011001-

171 4904 317 4983 creveris,
345 4911 447 4966 tamen
477 4905 643 4966 mirandus
671 4907 704 4967 in
741 4907 798 4969 trac
834 4930 878 4986 es,
907 4910 991 4991 quod
1044 4908 1103 4969 bus
1116 4907 1277 4969 Hebraicis
1292 4905 1333 4968 ad
1362 4905 1507 4967 libruml
1536 4909 1671 4984 Regum,
1696 4923 1767 4985 cap.
1794 4921 1866 4978 xxi,

166 5001 392 5064 conuenientem
426 5010 594 5084 personam
631 5004 673 5063 ad
716 5004 806 5066 istud
843 5026 989 5068 conamen
1043 5023 1125 5067 vars.
1141 5008 1172 5079 d,
1188 5005 1281 5066 fidem
1298 5021 1387 5066 suam
1416 5002 1524 5082 prodit
1550 5002 1599 5064 his
1627 5002 1754 5065 verbis:
1789 5000 1873 5062 Tra-

167 5117 229 5159 non
251 5101 425 5180 quaesieris.
449 5101 634 5162 blodemum
658 5099 766 5181 itaqua
790 5108 915 5185 tempus
942 5105 991 5166 in·
1043 5103 1125 5164 dunt
1137 5100 1267 5164 Hebrai
1282 5120 1474 5183 nequaquam
1488 5098 1598 5162 Dauid
1621 5119 1671 5161 eos
1700 5098 1873 5161 comedisse

165 5194 281 5275 telligit
308 5198 433 5259 1110101
450 5203 574 5277 tempus
597 5198 701 5277 ipsum
731 5218 794 5281 quo
823 5201 989 5265 Commeo·
1040 5209 1137 5284 panes
1153 5221 1161 5279 ;
1178 5202 1233 5262 sed
1247 5200 1342 5262 aliter
1357 5204 1457 5260 tamen
1476 5196 1635 5260 Dominus
1660 5199 1692 5259 in
1720 5196 1872 5279 Evange-

167 5294 264 5354 tarios
293 5295 451 5356 scribebat
499 5295 530 5355 in
584 5295 738 5372 Genesim,
783 5308 912 5380 rogatus
950 5299 989 5361 ab
1044 5297 1089 5360 iio
1103 5298 1190 5379 (luc.
1206 5314 1248 5373 vr,
1260 5298 1304 5380 l).
1320 5296 1478 5358 Christum
1493 5314 1568 5376 ergo
1582 5296 1756 5357 Dominum
1777 5312 1873 5356 suum

168 5390 317 5472 episcopo
346 5392 525 5473 Frecuipbo
555 5409 563 5452 t
594 5409 692 5471 qnare
712 5394 829 5457 similes
844 5395 988 5476 phrases,
1044 5390 1469 5475 agnoscit‚etanngeiium
1497 5393 1577 5473 ejus,
1605 5393 1799 5455 contrariom
1830 5391 1871 5453 li·

169 5504 241 5565 quae
295 5496 465 5554 occurrunt
519 5489 552 5549 in
604 5490 843 5555 tralationibus
896 5496 988 5557 Com·
1044 5490 1874 5556 0111101010000110001111.0111111οο00

170 5588 397 5651 mortariorum
447 5586 480 5651 iu
523 5590 643 5666 Regum
686 5607 723 5652 ac
771 5592 988 5675 paralipome·
1047 5589 1142 5655 stiam
1182 5595 1276 5672 gente
1304 5590 1407 5673 capite
1441 5606 1494 5652 111
1516 5588 1572 5652 lib.
1602 5591 1627 5653 1.
1643 5595 1767 5670 Regum
1791 5606 1880 5652 non·
