3870 6120
117 191 187 247 1259

117 318 192 373 Ecce
207 314 363 373 Palaestina
372 316 401 371 et
415 314 511 387 Tyrus
525 327 591 370 cum
602 312 749 386 AElbiopia
763 329 771 371 ε

153 390 208 445 iste
224 394 311 444 natus
326 390 372 444 est
386 385 437 443 ibi.

118 461 160 517 sd
173 460 241 515 Sion
257 464 357 515 nutem
370 457 499 512 dicetur:

152 532 209 599 vir,
224 535 253 586 et
263 530 306 586 vir
322 532 409 585 natus
423 527 513 585 estin
528 543 573 594 es,

152 605 260 673 etipse
277 601 409 657 fundavit
421 616 486 657 eam
503 599 652 657 Dxcelsus.

115 674 258 732 Dominus
274 672 439 729 numeravit
452 671 585 729 scribens
600 671 724 745 populos
740 689 747 729 :

152 746 208 803 iste
223 748 367 801 natusest
381 744 423 800 ibi
437 745 458 798 ¹.
474 745 602 800 Saursn.

117 816 152 874 st
167 821 302 874 cantores
316 818 327 852 ¹
343 816 428 888 quasi
443 815 606 872 inchoris:

152 905 256 946 omnes
270 889 365 945 tontes
381 887 438 945 mei
451 887 481 943 in
497 893 536 944 te.

114 1021 247 1063 cimicum
266 1019 400 1070 panutius
410 1002 452 1073 (b.
466 1001 836 1075 rerumquererumque,
849 1017 940 1061 ricro-

150 1095 179 1134 ιιι
192 1094 245 1134 rsn
264 1094 376 1133 erronum
396 1092 429 1132 an
448 1091 658 1132 rnmntnsnncu
672 1091 940 1134 snuorrronrsssum

150 1165 281 1206 nznurm.

114 1245 309 1318 (LXXXVIII.)
321 1245 441 1301 Domine
456 1244 534 1300 Deus
549 1242 654 1300 salutis
670 1260 751 1314 meas,

151 1334 203 1390 per
219 1317 295 1373 dicm
311 1316 445 1384 clamavi,
462 1322 491 1374 et
502 1322 586 1372 nocte
600 1331 698 1373 coram
713 1324 751 1373 te.

15 1438 26 1453 .
115 1389 303 1474 Ingrediatur
318 1395 386 1445 ante
402 1395 430 1445 te
444 1390 537 1445 oratio
554 1403 619 1444 mea
635 1403 642 1442 :

150 1459 260 1516 inclina
274 1476 376 1517 aurem
391 1464 471 1516 tunm
487 1460 522 1516 nd
539 1456 736 1517 laudationem
750 1476 857 1517 msam.

114 1533 187 1598 Ouia
203 1531 313 1604 repleta
326 1537 371 1589 est
386 1530 471 1589 malis
487 1529 587 1588 anima
599 1547 675 1588 msa.

149 1603 243 1662 etrite
254 1602 519 1662 menadinternnm
530 1601 939 1677 dsscendIt(i1.nsqusperrs·

186 1676 252 1744 nil).

113 1748 155 1806 Re
178 1751 279 1804 utatus
295 1763 361 1802 sam
377 1762 444 1804 cum
461 1745 709 1803 descendentibus
723 1746 753 1802 in
769 1745 865 1804 lacum
883 1764 891 1803 t

150 1764 245 1946 Ktcltsss
260 1835 327 1875 sum
343 1820 428 1891 quasi
441 1818 528 1876 bomo
543 1817 701 1887 invalidus,
718 1819 940 1877 intermortuos

199 1908 207 1945 I
231 1906 284 1947 er:

115 1961 199 2019 Sicut
214 1961 361 2018 interiecti
375 1958 591 2018 stdormientss
606 1959 635 2016 in
651 1960 797 2034 sepulcro,

151 2049 278 2105 quornm
295 2048 353 2088 non
370 2033 533 2088 recordaris
546 2032 699 2102 amplius:

149 2106 271 2177 etquis
286 2120 375 2160 menn
391 2108 443 2159 tua
458 2103 566 2160 abscisi
579 2109 649 2160 sunt
662 2105 683 2158 ⁸.

114 2177 230 2233 Posuisi
247 2191 293 2231 me
307 2175 337 2231 in
353 2173 417 2230 lscu
434 2175 591 2231 novissimo
605 2175 646 2247 (b.
663 2175 833 2249 subteriori)

151 2249 181 2303 ia
196 2246 328 2304 tenebris
343 2245 374 2300 iu
390 2246 444 2317 (It.
462 2247 625 2303 tenebrosIs
640 2249 679 2319 st)
695 2248 859 2319 profundis.

116 2323 210 2390 Super
226 2332 274 2373 ms
288 2318 483 2374 contirmalns
498 2324 543 2373 est
559 2318 570 2353 ⁸
585 2319 665 2374 lurcr
680 2324 761 2388 laus,

150 2396 179 2447 st
193 2389 307 2445 cunctis
322 2387 460 2446 fluctibus
475 2389 534 2446 tuis
549 2388 678 2446 alliiristi
696 2405 752 2447 me.
767 2393 893 2448 Ssursn.

114 2462 213 2534 Longo
231 2459 323 2516 iecisti
340 2465 424 2516 notos
439 2477 521 2516 meos
537 2477 554 2516 a
569 2477 626 2525 ms,

150 2532 277 2606 posuisti
293 2547 340 2587 ms
355 2532 605 2588 abominationem
616 2532 670 2588 sis.

149 2606 298 2670 clausum,
312 2608 341 2660 st
357 2620 414 2659 non
431 2605 634 2676 prodeuntem.

112 2676 226 2735 Oculus
238 2691 321 2731 meus
337 2674 504 2732 infirmatus
519 2681 563 2732 est
575 2675 612 2731 ab
627 2674 794 2747 alilictione,

146 2746 246 2804 vocavi
256 2746 310 2818 (It.
327 2746 470 2818 invocavi)
484 2751 524 2814 te,
539 2747 673 2815 Domino,
689 2753 750 2805 lota
764 2750 813 2805 dis
828 2763 834 2803 :

148 2818 274 2892 expandi
289 2818 325 2874 ad
339 2823 366 2874 te
382 2818 495 2890 palmas
507 2834 598 2874 meas.

115 2890 256 2964 Nunquid
270 2890 395 2946 mortuIs
411 2890 499 2946 iacies
515 2888 663 2946 mirabilia

149 2968 201 3020 aut
215 2963 350 3033 gigantes
365 2966 486 3032 surgent
501 2961 555 3032 (st.
572 2963 749 3034 resurgent),
770 2965 799 3018 et
812 2962 937 3020 conlite-

186 3034 298 3090 buntur
312 3032 390 3088 tibi?
405 3034 526 3089 Saarna.

114 3105 255 3177 Nunqnid
270 3104 440 3161 narrabitur
451 3105 481 3160 in
496 3102 630 3176 sepulcro
654 3104 857 3163 misericordis
875 3109 937 3176 lua,

151 3179 258 3234 veritas
273 3177 326 3248 (It.
344 3182 372 3232 et
385 3176 502 3242 veritus)
515 3181 566 3233 tua
580 3175 610 3232 in
627 3176 814 3248 perditione?

116 3248 256 3332 Nunqnid
280 3253 440 3304 noscentur
459 3247 629 3304 intenebris
643 3248 790 3305 mirabilia
805 3253 865 3314 tua,

152 3326 180 3376 el
191 3319 310 3391 justitia
324 3324 375 3376 tua
390 3319 420 3374 in
436 3325 512 3375 terra
526 3336 590 3391 qua
606 3318 744 3376 oblivioni
759 3320 866 3376 tradita
880 3319 938 3376 esti

114 3390 175 3463 Dgo
190 3396 288 3533 ιωῑοῖη
303 3392 339 3446 ad
355 3396 393 3459 te,
411 3391 544 3460 Domine,
560 3388 739 3463 clamantib.
766 3392 938 3464 depressius

186 3478 253 3518 snm
271 3504 278 3528 ,

150 3537 180 3588 st
194 3548 278 3589 mane
291 3531 384 3589 oratio
401 3547 466 3587 men
480 3531 640 3604 prevenis)
653 3535 693 3589 le.

115 3602 221 3674 Quare,
238 3604 372 3673 Domine,
388 3602 491 3675 abjicis
506 3603 636 3660 animam
652 3619 760 3673 msam,

149 3674 307 3733 abscondis
324 3675 427 3731 taciem
444 3679 524 3731 tuam
540 3692 558 3731 a
573 3675 648 3732 mei

151 3748 391 3805 commemorabo
401 3745 760 3821 ¹supsrbInetsabytonis
775 3747 938 3806 scientibus

187 3835 244 3876 ms.

153 3964 162 3998 ¹
179 3960 279 4017 Plures
293 3977 366 4017 mss.
382 3960 484 4033 legunt
500 3979 507 4028 3
522 3962 771 4032 commentantem
797 3961 847 4019 alii
872 3979 939 4020 vcro

116 4040 341 4106 consequenter,
355 4032 504 4106 Babylonis
517 4032 629 4090 ruentis
647 4049 700 4102 mc,
718 4050 769 4105 pro
792 4035 940 4093 scientibus

117 4121 171 4160 arc.
189 4105 220 4160 ln
235 4106 355 4161 Heuraeo
371 4105 513 4175 scriptum
529 4110 575 4160 est
589 4113 658 4166 ml
678 4116 736 4165 :Illa
761 4107 850 4163 ruitur
870 4108 938 4162 ulra·

117 4176 170 4243 bel,
187 4177 215 4232 id
232 4182 286 4243 est,
303 4175 394 4233 dotat
409 4180 435 4232 et
450 4176 612 4249 Dutyicur'r,
629 4183 661 4232 ut
679 4178 787 4250 legitur
811 4178 842 4234 in
866 4176 939 4235 Vul-

116 4248 378 4376 gtfi'liſtrgfflmss.
398 4317 557 4391 pluresque
574 4318 636 4384 elit,
656 4318 825 4376 Martianso
853 4324 938 4387 teste,

114 4392 354 4461 commemorator,
371 4396 434 4446 tum
444 4392 560 4446 scientes
574 4393 818 4465 meussmeginoe
833 4393 940 4449 retInst

113 4464 342 4532 commemorabo,
356 4478 389 4517 ac
404 4478 489 4534 porro
504 4461 620 4518 scientes
634 4461 716 4535 legit.

150 4549 269 4606 ¹Nostri
283 4568 353 4606 mss.
367 4550 424 4621 ipse
437 4556 518 4607 natus
541 4558 581 4607 ert
601 4553 631 4606 ia
652 4567 695 4608 er.
725 4551 799 4608 'l'um
828 4551 936 4608 Cister-

115 4620 207 4677 ciens.
228 4630 254 4677 ct
269 4622 430 4687 coartabant,
445 4639 513 4677 cnm
537 4623 651 4694 pridem
676 4622 764 4678 editis
789 4639 796 4678 ε
821 4624 936 4698 Reginis

114 4697 214 4749 autem
229 4694 292 4750 cod.
314 4693 421 4749 minori
436 4710 567 4763 numero,
584 4704 610 4751 ct
624 4694 747 4750 mutabit
768 4698 861 4766 quari,
878 4700 934 4752 etc.

151 4781 252 4837 ¹Editi
267 4798 300 4838 ac
310 4799 383 4839 mss.
396 4780 570 4854 aliquolibri
589 4798 595 4836 :
613 4782 644 4837 Et
657 4782 818 4838 cantabunt.
837 4787 935 4840 Canon

114 4854 479 4911 recessa-Germanensis
503 4869 536 4909 ac
559 4854 756 4911 Memmianus
779 4854 882 4927 legunt
905 4857 937 4911 st

111 4923 347 4997 principer,)oata
357 4925 510 4981 Hebraeum
521 4926 641 4981 verbnm
658 4935 736 4986 num
750 4925 848 4996 saritn,
858 4927 936 4999 quod

112 4995 265 5070 patricinae,
280 4997 323 5053 ccl
339 5007 472 5065 cantores,
490 4995 647 5069 significat.
665 4996 755 5054 Mina.

149 5072 235 5126 ‘Duc
251 5084 323 5125 mss.
340 5070 372 5124 Di
386 5068 441 5138 ipsi
454 5085 473 5125 o
487 5085 573 5124 manu
588 5076 635 5125 tac
650 5068 754 5125 abrasi
764 5070 936 5127 suntlllsnr.

147 5157 453 5214 'San-Germanensis
469 5158 566 5212 Canon
583 5161 613 5213 et
627 5158 837 5229 Memmiadae,
855 5174 938 5232 saper

110 5245 155 5286 me
168 5234 377 5286 consummatur
391 5236 441 5284 cst.
458 5231 549 5284 Mina.

144 5302 203 5355 ¹In
219 5299 399 5357 cisterciens.
418 5316 473 5354 ms.
488 5301 597 5355 Pcrme
609 5299 792 5369 transierunt,
808 5304 864 5374 etc,

143 5374 153 5407 ⁷
170 5374 249 5427 Idem
263 5389 330 5442 ms,
350 5369 525 5427 Eruditicnis
541 5368 640 5439 littae,
653 5376 708 5427 etc.

139 5460 151 5495 ⁸
166 5461 236 5517 ldss.
253 5476 357 5516 omnes
373 5465 478 5531 prater
491 5458 677 5523 San-Germ..
693 5459 814 5515 Memm.
826 5464 856 5515 et
870 5464 937 5517 Bor·

105 5529 246 5588 bonicum
265 5532 359 5600 :Quia
373 5530 484 5598 dixisti,
502 5535 557 5586 etc.
569 5532 678 5586 Deinde
688 5530 787 5587 Canon
803 5528 937 5589 Curense.

106 5617 174 5658 cum
192 5604 332 5661 Vaticano
348 5603 448 5660 codice
464 5619 471 5657 :
490 5600 568 5659 Sicut
582 5603 662 5658 coelos
684 5603 819 5674 sandalis
832 5604 934 5661 uerita

109 5675 258 5731 temlerum
274 5677 304 5731 r'n
318 5674 367 5733 sir.
384 5678 476 5732 Mser.

143 5743 154 5780 ⁸
168 5743 356 5807 cisterciens.
372 5762 443 5805 mss.
458 5743 509 5821 qui
522 5761 585 5805 cant
598 5760 629 5805 ec
642 5748 749 5818 scribet
764 5760 830 5804 mox
855 5747 937 5806 rimi·

648 192 678 245 S.
699 190 902 246 misceamur
921 190 1047 245 DIVINA
1064 187 1313 244 bibulorum.

955 317 983 384 A
1001 315 1113 384 Pauper
1127 325 1181 383 ego
1192 314 1221 367 st
1235 325 1419 368 arumnosas
1434 314 1471 369 ab
1487 312 1705 383 adolescentia3

1750 190 1821 248 test)

1033 382 1145 456 portavi
1160 383 1288 439 iurarem
1304 388 1399 454 tuum,
1416 385 1611 443 conturbatus
1625 402 1705 442 snm.

1067 460 1160 526 Super
1174 470 1221 510 me
1236 454 1442 511 transierunt¹
1457 457 1505 512 ire
1518 462 1586 527 tua,

1031 530 1158 582 terrores
1171 524 1226 595 (It
1242 531 1271 582 et
1285 529 1423 599 terrores)
1438 528 1481 584 tui
1496 532 1715 603 oppresserunt
1731 544 1785 587 ms.

995 597 1258 654 Circumdederunt
1272 613 1319 654 ms
1334 599 1418 671 qussi
1433 617 1515 674 aqua
1532 607 1595 658 tota
1609 603 1669 671 dis,

1030 669 1213 727 vallaverunt
1223 685 1270 725 me
1285 672 1403 742 pariter.

995 745 1091 813 Longe
1106 740 1201 797 iecisti
1212 757 1229 796 a
1241 757 1287 797 me
1300 741 1427 798 amicum
1445 747 1472 799 et
1488 743 1632 809 sodalem,

1032 819 1116 870 notos
1130 828 1211 869 meos
1225 812 1374 870 abstulisti
1390 814 1431 885 (b.
1448 831 1509 887 prs
1523 816 1681 885 tenebris).

1201 944 1329 986 nannum
1347 946 1434 987 nrnsn
1452 929 1462 963 ⁷
1481 947 1611 988 szaurnc.

994 1025 1159 1098 (IXXXIX.)
1174 1026 1390 1085 Misericordiae
1413 1028 1530 1086 Domini
1559 1029 1592 1086 in
1612 1031 1758 1087 aternum
1777 1029 1816 1101 (b.

1032 1170 1038 1181 .
1066 1099 1220 1181 sucatum)
1236 1099 1370 1169 cantabo,
1471 1172 1476 1183 Ι

1029 1175 1663 1317 XXggss‘tffibollssfnirtorssogtggceammlozeeffitclsm
1687 1244 1814 1303 luamin

1063 1330 1113 1370 ors
1126 1329 1201 1370 meo.

993 1381 1067 1448 Quin
1081 1385 1142 1441 dlxi
1156 1385 1177 1453 ⁸,
1193 1385 1372 1456 sempiterna
1384 1383 1424 1458 (b.
1442 1386 1595 1460 seculum)
1615 1387 1817 1446 misericordis

1071 1457 1276 1524 aedificabitur,

1029 1528 1117 1585 coelcs
1132 1528 1282 1596 fundabis,
1294 1531 1323 1585 st
1336 1528 1444 1586 veritas
1459 1533 1511 1587 tna
1522 1530 1552 1587 in
1569 1531 1624 1588 eis.

991 1599 1127 1658 Percussi
1142 1600 1238 1658 sindus
1252 1617 1320 1656 oum
1335 1599 1426 1658 electo
1440 1618 1506 1660 meo
1524 1619 1531 1658 :

1026 1670 1124 1745 jurari
1142 1672 1229 1728 David
1244 1688 1326 1730 servo
1342 1688 1418 1729 meo.

996 1744 1094 1817 Usque
1108 1744 1137 1798 in
1153 1749 1295 1801 aternum
1311 1743 1459 1801 stabiIInm
1476 1759 1579 1802 semen
1593 1749 1696 1815 tuum,

1029 1824 1059 1874 st
1071 1815 1223 1874 aedificabo
1233 1818 1263 1871 in
1276 1816 1464 1887 generations
1478 1822 1507 1873 et
1528 1817 1721 1890 generatione
1739 1817 1813 1876 thro-

1061 1903 1130 1943 num
1145 1893 1240 1945 tunm.
1257 1888 1380 1944 Sauras.

993 1958 1028 2015 iit
1041 1957 1100 2087 (ΑΒΖ.
1124 1961 1177 2042 tec.
1205 1959 1251 2031 Et)
1266 1958 1486 2017 confitebuntur
1500 1959 1565 2017 coeli
1588 1960 1740 2018 mirabilia
1757 1964 1809 2035 tac,

1090 2046 1196 2087 omine.

1029 2106 1058 2158 et
1071 2102 1222 2159 veritatem
1239 2108 1315 2158 tuam
1331 2100 1361 2158 in
1377 2101 1696 2160 ecclesiasanctorum.

993 2173 1064 2240 Quis
1079 2173 1195 2229 enimin
1208 2174 1286 2231 nube
1296 2173 1493 2257 (Itnnbibus)
1505 2176 1674 2246 aequabitur
1682 2175 1807 2246 Domino,

993 2245 1209 2305 assimilabitur
1221 2250 1345 2303 Domino
1361 2245 1392 2303 in
1409 2246 1466 2318 (It.
1481 2246 1529 2316 de)
1544 2245 1615 2304 ultis
1625 2248 1702 2304 Dei?

991 2318 1071 2376 Deus
1085 2316 1212 2402 inclytus
1227 2318 1267 2391 (b.
1283 2316 1436 2390 robustus)
1460 2317 1490 2374 in
1512 2334 1623 2376 arcanc
1644 2323 1804 2378 sanctorum

1066 2405 1166 2458 namra,

1028 2464 1057 2518 et
1073 2458 1213 2517 terribilis
1228 2459 1258 2514 in
1274 2458 1387 2516 cunctis
1403 2459 1453 2533 qui
1477 2460 1639 2518 circaeam
1665 2462 1710 2534 (b.
1731 2476 1805 2536 saper

1063 2547 1166 2588 omncs
1181 2531 1231 2603 qui
1247 2531 1277 2587 in
1292 2531 1416 2589 circuitu
1428 2531 1505 2604 ejus)
1521 2537 1594 2589 sunt
1606 2534 1628 2590 ⁸.

990 2604 1114 2660 Domine
1131 2604 1205 2660 Deus
1221 2602 1412 2671 exercituum,
1428 2603 1495 2676 quis
1510 2602 1621 2661 similis
1635 2605 1713 2662 libii

1027 2675 1188 2731 fortissime
1205 2674 1336 2745 Domine,
1351 2681 1380 2732 et
1392 2677 1499 2733 veritas
1514 2681 1565 2733 lun
1579 2676 1611 2732 in
1622 2676 1805 2734 circcilatnc.

990 2750 1030 2804 Tu
1045 2747 1209 2803 dominaris
1224 2746 1368 2820 superbis
1383 2747 1486 2818 maris,

1026 2829 1053 2877 et
1068 2816 1207 2943 elqtiones
1221 2817 1369 2892 gurgitum
1385 2818 1450 2890 ejus
1464 2824 1495 2877 tu
1513 2818 1739 2893 comprimisib.
1753 2834 1805 2875 ms·

1066 2906 1095 2945 nr
1109 2907 1192 2946 rens.

990 2962 1032 3019 Tu
1044 2890 1213 3034 {onirngsti
1228 2960 1313 3033 qnasi
1327 2959 1511 3018 vulneratum
1527 2961 1703 3035 superbum.

953 3061 975 3131 c
1031 3034 1061 3089 In
1071 3033 1190 3090 brochlo
1205 3032 1386 3090 tortitudinis
1397 3036 1456 3090 tuas
1466 3032 1633 3106 dispersisti
1650 3032 1803 3091 ¹¹inimiccs

1066 3109 1144 3161 tuos.

992 3175 1045 3232 Tui
1061 3180 1131 3232 sunt
1145 3173 1220 3242 omli,
1236 3178 1266 3232 st
1281 3179 1333 3232 tua
1347 3178 1392 3232 est
1405 3178 1494 3246 tsrrs,

1029 3248 1130 3304 orbem
1146 3252 1175 3304 et
1191 3247 1408 3319 plenitudinem
1421 3248 1498 3319 ejus,
1513 3248 1545 3304 ta
1562 3247 1696 3307 tundam
1710 3264 1752 3305 sn.

993 3318 1169 3391 Aquilonem
1185 3322 1213 3374 et
1228 3318 1377 3375 dexteram
1395 3322 1427 3376 tn
1443 3320 1548 3376 creasti
1565 3322 1602 3387 ¹¹,

1028 3391 1147 3447 Tbnbor
1160 3395 1188 3447 et
1202 3390 1327 3447 llermon
1344 3406 1450 3448 nomen
1465 3395 1552 3447 tunm
1565 3390 1740 3449 laudabunt.

1028 3463 1124 3519 Tuum
1136 3462 1177 3535 (b.
1195 3461 1271 3534 Tibi)
1286 3461 1438 3519 brachium
1454 3478 1523 3518 cuna
1538 3460 1728 3520 tortitudine:

1029 3534 1183 3592 roboretur
1195 3551 1302 3590 manns
1314 3539 1377 3601 tua,
1392 3538 1421 3590 et
1435 3533 1580 3590 exaltetur
1592 3534 1714 3591 dextera
1726 3538 1781 3591 tan.

992 3603 1114 3663 institia
1128 3610 1157 3661 et
1168 3604 1315 3677 judicium
1331 3606 1552 3662 firmamentum
1568 3605 1669 3662 tbrcni
1683 3606 1737 3675 tui,

1030 3676 1230 3734 misericordia
1244 3686 1271 3733 et
1285 3677 1394 3734 veritas
1408 3677 1574 3749 precedent
1598 3678 1706 3736 lactem
1725 3683 1804 3735 tuan.

993 3745 1100 3804 Beatus
1116 3747 1240 3822 populus
1256 3749 1306 3821 qni
1322 3748 1543 3820 ncritjubilum
1562 3748 1595 3818 ¹¹,

1028 3819 1196 3888 Domine,in
1213 3820 1325 3877 lumine
1338 3819 1438 3878 vultus
1448 3822 1493 3878 tui
1506 3819 1713 3879 ambulabant.

995 3959 1233 4030 mffimffl

1030 4032 1053 4068 ¹⁰
1069 4031 1263 4099 ldcm.ms.,et
1278 4031 1308 4087 ie
1323 4030 1435 4089 tractio
1448 4033 1517 4102 sorti
1531 4034 1578 4089 tao
1592 4030 1806 4104 esturmenta

994 4104 1069 4160 Tum
1086 4103 1170 4160 lertio
1185 4103 1221 4158 ab
1236 4103 1291 4161 boc
1306 4120 1392 4160 versa
1416 4109 1597 4177 postremam
1621 4122 1656 4162 ca
1681 4103 1802 4162 voculam

994 4174 1200 4248 pretermittit.

993 4320 1020 4372 M
1031 4249 1052 4282 ¹¹
1064 4246 1170 4318 Regius
1185 4261 1219 4302 ac
1233 4244 1429 4315 Corbeisasis,
1445 4247 1480 4303 iit
1492 4246 1624 4304 dextrum
1640 4256 1670 4305 ta
1683 4247 1786 4304 creasti

1022 4334 1085 4373 sar.

1029 4419 1064 4430 -
1078 4388 1161 4445 IIsud
1177 4390 1392 4446 contemnende
1405 4388 1613 4447 Cistsroisnsis
1644 4406 1701 4447 ms.
1726 4386 1810 4451 tectio.

955 4431 978 4496 D
994 4459 1183 4531 dectrampro
1194 4460 1376 4517 dexteramei
1386 4461 1436 4533 qui
1447 4462 1559 4534 passim
1570 4461 1678 4536 legerit
1691 4462 1722 4518 in
1737 4464 1810 4516 com·

995 4531 1146 4588 mentnriis
1161 4536 1189 4587 S.
1206 4530 1308 4612 Peras,
1339 4532 1389 4588 ubi
1413 4532 1450 4588 ds
1464 4533 1613 4615 Aquilone
1641 4550 1738 4590 sermo
1763 4534 1811 4599 ssi.

989 4605 1102 4675 esquilo,
1127 4611 1223 4659 uentus
1236 4601 1412 4673 domuimus,
1427 4619 1541 4662 nomene
1571 4621 1683 4661 nnana
1701 4612 1810 4661 uocatu.

990 4678 1063 4730 Nam
1075 4673 1153 4746 qnod
1169 4673 1219 4731 alii
1235 4680 1363 4746 quatuor
1380 4676 1483 4732 mundi
1498 4674 1604 4749 plagas
1619 4677 1676 4733 sab
1692 4674 1810 4733 nomini·

990 4748 1045 4802 bus
1059 4745 1222 4817 Aquilonis,
1238 4750 1267 4801 et
1282 4747 1415 4815 dexteras,
1427 4747 1543 4804 Tbabcr
1557 4752 1588 4803 et
1600 4747 1731 4805 Hermon
1745 4743 1810 4803 desi·

991 4817 1074 4889 gnari
1091 4816 1288 4889 patent,baud
1303 4818 1363 4875 scic
1378 4836 1437 4892 qua
1447 4817 1734 4876 anctoritateeorum
1743 4833 1811 4897 mcn3

992 4892 1067 4945 tium
1082 4890 1203 4945 nomine
1215 4905 1268 4961 pro
1283 4893 1395 4946 criente
1409 4895 1498 4962 atque
1511 4891 1667 4947 occidente
1681 4904 1809 4974 usurpari

991 4960 1093 5017 velint.
1108 4963 1144 5016 nt
1157 4960 1218 5017 scio
1233 4964 1333 5017 tamen
1348 4961 1384 5018 sb
1400 4961 1419 5018 S
1441 4963 1683 5034 mmacbo,cujus
1697 4975 1811 5020 mutuas

992 5033 1155 5088 delectatus
1170 5032 1286 5122 ingenio
1299 5039 1344 5089 est
1368 5037 1398 5090 ὃ.
1419 4979 1516 5101 Xster,
1537 5034 1693 5091 redditum
1715 5035 1809 5097 ursa

992 5103 1040 5164 Εἰς
1058 5099 1157 5179 βόῤῥαν
1171 5122 1216 5157 και
1232 5098 1328 5173 δεξιάν.

1029 5176 1050 5212 ¹¹
1067 5175 1153 5232 Foedo
1169 5191 1266 5232 errcrs
1280 5173 1357 5247 apud
1371 5172 1506 5231 liartlan.
1535 5176 1627 5249 etque
1640 5176 1740 5234 editos
1762 5172 1808 5250 pn'·

993 5247 1059 5303 dom
1070 5246 1172 5314 libros,
1189 5246 1261 5319 quia
1276 5247 1364 5303 etism
1380 5262 1452 5303 mss.
1467 5245 1583 5318 aliquot
1593 5247 1758 5321 obtinebat,
1772 5243 1811 5319 cti

992 5317 1064 5374 nolit
1078 5316 1210 5385 lubitum.
1231 5317 1290 5375 Nos
1306 5320 1436 5390 primum
1453 5318 1593 5376 ilsbrrrns
1616 5324 1733 5391 textas,
1744 5328 1809 5380 tacti

993 5399 1089 5455 mutin
1107 5398 1168 5454 ¹ll'tt
1189 5399 1254 5454 bitti
1268 5390 1346 5462 qaod
1357 5394 1403 5446 est
1413 5389 1449 5446 ad
1464 5389 1601 5460 verbum,
1615 5394 1722 5450 seam
1733 5406 1809 5465 pop·-

993 5463 1037 5517 tas
1059 5459 1148 5516 eciem
1170 5460 1316 5517 buccinam
1340 5460 1451 5532 inflare,
1476 5460 1579 5520 docuit
1603 5463 1810 5524 restituendum

992 5530 1066 5588 norit
1082 5548 1133 5603 pro
1144 5532 1242 5599 noluit,
1258 5536 1322 5589 tum
1338 5548 1416 5589 unas
1431 5532 1623 5592 Cistsrcisns.
1648 5550 1709 5594 ms.
1737 5548 1812 5608 mpt-

993 5604 1081 5660 sitnm
1099 5620 1116 5659 a
1131 5604 1216 5660 nobis
1232 5603 1388 5661 lectionem
1400 5604 1541 5678 suffragio
1556 5610 1809 5679 sncctqnesnslc·

994 5675 1079 5732 ritate
1093 5676 1303 5748 comprobavit.
1321 5674 1412 5733 Vetus
1439 5692 1560 5750 quoqne
1584 5678 1694 5737 Latina
1710 5673 1810 5743 Vernis.

992 5747 1091 5806 Beatus
1103 5748 1232 5823 populus,
1247 5750 1299 5825 qui
1311 5749 1363 5809 ecit
1372 5746 1676 5826 isidoticamjnxts
1692 5750 1810 5813 Drecun
