3870 6120
109 202 181 262 1503
351 257 352 261 ,
582 204 603 235 '⁴
630 198 1298 262 s.s1ss01tsst1u1v1ssulsulu'ffluca.
1330 224 1351 269 a
1749 208 1817 265 tuot

110 327 245 384 sciebant
260 322 342 395 loqui
356 321 478 380 iudaice
500 326 530 380 et
553 323 749 396 loquebantur
769 322 855 394 juxta
881 325 936 382 lin-⁴
950 332 977 400 Α
992 325 1057 396 hoc,
1074 330 1107 383 ut
1121 327 1347 399 prevaricamur
1371 329 1401 385 in
1425 330 1483 388 Deo
1498 335 1614 400 nostro,
1629 336 1660 388 et
1674 332 1820 393 ducamus

111 414 200 526 guam
216 396 316 469 populi
331 400 361 450 st
375 396 486 467 populi.
502 396 537 451 st
552 397 706 467 obiurgavi
721 411 783 461 eos,
798 401 828 450 et
846 399 936 454 mole·
994 415 1098 454 uxores
1113 401 1307 471 peregrinas?

133 467 756 533 ixi.tltcecidiexeisviros,etdeclaravi
781 471 936 525 ausetad·
1027 471 1153 527 Deflliis
1175 480 1272 527 autem
1302 472 1405 528 Joaida
1428 473 1482 528 fllii
1513 473 1624 530 utissiu
1648 475 1821 533 sacerdotes

109 540 252 612 juraviin
271 540 326 595 Deo
357 544 389 593 ut
418 555 476 594 non
503 540 608 594 darent
632 538 937 597 liliossuestiliiseo·
993 542 1102 625 magni,
1119 559 1209 614 gener
1221 548 1283 599 erat
1296 545 1480 600 sanaballat¹
1496 546 1644 614 Orouites,
1660 562 1752 619 quem
1779 548 1822 603 iu·

112 615 235 677 rom,et
263 627 320 665 non
346 609 512 681 acciperent
541 612 576 665 de
606 611 723 666 filiabus
750 613 936 689 eurumliliis
991 628 1160 684 gavrsme.
1178 616 1489 673 Recordarc.Domiue
1507 619 1583 673 Deus
1602 620 1823 685 meus,adrer·

111 686 185 747 suis,
215 688 244 737 et
267 682 478 753 sihemctipsis‚
509 679 797 755 dicens:Numqu1d
825 702 882 740 oon
906 687 936 740 in
992 687 1178 755 sumeosqui
1193 687 1327 755 polluunt
1339 687 1670 761 sacerdotium,jusque
1686 691 1818 747 sacerdo·

111 753 364 833 hujuscemodire
390 753 519 823 peccavit
540 753 678 810 Salomon
700 772 747 812 rex
772 750 884 811 israeli
908 762 937 811 ot
990 757 1049 812 tale
1064 763 1092 810 et
1112 757 1283 813 Leviticum.
1302 758 1392 829 igitur
1408 762 1542 816 mundavi
1559 777 1611 816 eos
1626 764 1665 816 ah
1680 761 1822 818 omnibus

110 825 390 894 certeingentrbus
417 824 520 879 multia
544 842 602 880 non
627 831 690 881 erat
709 845 758 884 rex
773 827 881 885 similis
897 829 934 892 ei,
990 827 1175 897 alienigenis,
1204 834 1234 884 et
1260 830 1399 885 constitui
1429 831 1546 887 ordines
1576 833 1767 888 sacerdotum
1792 840 1820 889 et

110 901 139 952 et
154 895 280 951 dilectus
295 902 353 952 Deo
369 913 423 950 suo
445 901 517 958 erat,
543 903 572 951 et
599 898 779 968 poeniteam
803 906 877 956 Deua
891 916 936 954 re·
989 901 1169 969 Levitarum,
1190 917 1434 973 unumquemque
1448 904 1477 956 in
1503 903 1671 959 ministerio
1695 920 1769 969 sno;
1792 909 1820 960 at

111 984 177 1039 gem
197 984 286 1035 super
300 983 417 1023 omnem
434 967 522 1049 Israel
540 983 547 1021 :
564 972 593 1024 et
609 969 707 1039 ipsum
732 988 801 1042 ergo
816 973 852 1028 ad
863 986 936 1097 Xsc-
991 970 1018 1024 iu
1037 971 1185 1026 oblatione
1202 972 1349 1043 lignorum
1366 976 1394 1027 in
1411 975 1597 1046 temporibus
1608 975 1819 1040 constitutis,et

110 1043 209 1094 catum
225 1039 373 1094 duxerunt
389 1038 528 1095 mulieres
544 1040 725 1111 alienigenae.
742 1042 860 1115 Nunqui
908 1047 937 1097 et
990 1042 1024 1096 in
1041 1042 1219 1113 primitivis²
1237 1051 1405 1100 :memento
1422 1046 1478 1101 mei
1496 1047 1572 1103 Deus
1599 1061 1698 1112 meus,
1716 1046 1745 1102 in
1767 1047 1819 1104 bo·

110 1125 165 1166 nos
180 1108 384 1166 inobedientes
408 1110 549 1167 laniamus
572 1127 658 1168 omna
689 1114 800 1172 malum
825 1114 936 1186 grande
990 1129 1076 1168 num.
1091 1116 1192 1169 Amen.

805 1264 927 1338 Explicit
946 1264 1016 1321 liber
1036 1264 1121 1320 Sarae.

145 1416 546 1490 ¹lllcndosehabetlteginae
563 1436 618 1476 ms.
632 1424 778 1492 generaret
797 1420 932 1477 Sanctol-
1022 1420 1128 1475 ’idem
1145 1435 1212 1489 ms,
1228 1419 1361 1492 prioritri,
1399 1420 1428 1475 ui
1445 1424 1474 1478 et
1496 1424 1684 1494 postremum
1699 1421 1817 1482 uerbum

110 1487 153 1545 tut
170 1489 316 1545 loronitis.
986 1493 1085 1558 Amen,
1101 1491 1178 1564 quod
1195 1507 1289 1564 oeque
1304 1493 1335 1547 in
1351 1492 1390 1548 He
1413 1509 1469 1549 rao
1483 1496 1539 1563 est,
1554 1493 1654 1550 verius
1677 1497 1763 1550 tacet.

111 1670 1816 1700 Q:

364 1815 625 1905 PHAEFATIO
663 1815 947 1907 HillRONYMl
986 1815 1039 1906 IN
1078 1815 1269 1904 LIBRUM
1307 1815 1503 1905 ESTHHH
1525 1807 1550 1904 ¹.

145 2168 264 2225 Librum
280 2170 382 2227 Esther
397 2169 486 2226 variis
501 2171 855 2228 translatoribusconstst
866 2186 931 2227 esse
945 2172 969 2238 Β
984 2174 1090 2240 teram,
1106 2176 1135 2227 at
1150 2169 1256 2240 audiri,
1268 2169 1345 2226 sicut
1362 2168 1536 2225 solitumest
1549 2167 1741 2224 scholaribus
1754 2169 1837 2224 dis..

109 2258 256 2323 vitiatum,
274 2276 361 2330 quem
378 2275 431 2331 ego
448 2259 483 2315 de
505 2259 631 2316 archivis
648 2260 832 2317 Hebraeorum
862 2259 938 2315 rels·
990 2259 1126 2333 ciplinis³
1140 2263 1257 2330 sumpto
1272 2258 1413 2322 themate,
1428 2257 1592 2327 excogitare
1617 2258 1729 2329 quihus
1754 2273 1835 2314 ver·-

112 2363 195 2413 vans,
209 2347 330 2402 verbum
347 2364 362 2403 a
377 2347 464 2402 verbo
480 2348 612 2419 pressius
632 2348 780 2403 transtuli.
797 2348 886 2412 Quem
901 2346 936 2401 li·
989 2348 1035 2405 bis
1051 2349 1093 2404 uti
1109 2348 1204 2419 potuit
1219 2346 1269 2421 qui
1286 2345 1426 2419 injuriam
1442 2362 1550 2419 passus
1570 2350 1627 2412 est,
1643 2346 1690 2402 vel
1706 2346 1754 2403 ille
1768 2354 1834 2420 qui

115 2435 201 2491 hrum
218 2435 308 2491 editio
323 2434 449 2508 Vulgata
460 2435 610 2492 laciniosis
620 2435 688 2492 hinc
703 2436 936 2493 indeverborum
989 2436 1129 2510 injuriam
1146 2436 1223 2494 lecit.
1234 2437 1410 2505 vosautem,
1421 2452 1437 2492 o
1448 2435 1580 2491 Paulast
1594 2434 1788 2492 Eustochium
1801 2442 1822 2511 ⁴,

122 2523 237 2580 sinibus
248 2524 344 2581 traht²
356 2541 362 2580 :
375 2525 486 2582 addens
503 2541 536 2581 aa
546 2542 653 2597 quaeax
664 2530 794 2598 tempore
817 2525 873 2581 dici
887 2542 936 2598 po·
990 2526 1131 2599 quoniam
1146 2524 1176 2581 iu
1191 2524 1408 2581 Bibliothecaei
1419 2524 1507 2580 Hebr.
1521 2523 1689 2581 studuistis
1700 2525 1818 2599 intrare,

150 2683 259 2740 ¹·Huno
279 2684 388 2741 librum
411 2701 477 2740 oum
494 2685 616 2753 Prologo
640 2686 675 2740 sd
699 2686 775 2742 duos
796 2685 936 2741 Vaticana
988 2687 1018 2742 in
1034 2684 1168 2758 margine
1183 2683 1272 2741 aliam
1296 2681 1464 2750 lectionem,
1489 2698 1601 2757 nempe
1623 2682 1806 2743 Scholastica.

90 2818 93 2827 ¹
110 2754 294 2812 bibliothecas
306 2757 541 2813 vestustissimos
556 2756 753 2813 oodioesmss.
767 2757 936 2827 exegimus:
987 2764 1081 2815 Mser.

110 2827 425 2899 alterumquemolirn
451 2829 567 2900 Reginae
595 2830 751 2883 Suanorum
782 2832 937 2884 numero?
1023 2827 1200 2883 ‘iuniorem
1217 2824 1333 2882 Paulam
1349 2824 1657 2907 intelligequiaPaula
1668 2826 1802 2883 Eustachii

111 2904 306 2971 praenotatum
321 2900 463 2963 diximus,
475 2900 599 2955 alterum
615 2899 755 2956 Vaticano
773 2899 936 2956 Palatinum
988 2899 1229 2956 materdeluncta
1242 2902 1302 2954 erat
1316 2900 1526 2953 anteLutrnam
1537 2898 1628 2973 istam
1649 2897 1800 2956 translatio·

112 2987 237 3027 numero
249 2971 452 3043 prescriptum
468 2972 514 3039 24,
530 2987 618 3043 quem
633 2971 740 3043 oppido
755 2971 935 3027 emendatio·
987 2988 1054 3026 nam
1074 2987 1108 3026 ex
1128 2970 1258 3038 Hebraeo,
1271 2969 1314 3023 uti
1325 2967 1409 3040 plane
1421 2969 1512 3039 liquet
1523 2983 1558 3023 ex
1570 2969 1610 3024 iis
1620 2969 1799 3041 quedelibro

111 3059 174 3097 rem
191 3042 242 3097 illo
258 3043 474 3114 perspeximus.
988 3043 1093 3100 Esther
1114 3042 1309 3114 Hieronymus
1335 3040 1454 3110 scripsit
1471 3040 1649 3096 prefatione
1664 3039 1696 3095 in
1713 3041 1797 3112 Josue,

149 3114 159 3148 ²
176 3113 277 3169 Plures
289 3130 361 3170 mss.
378 3113 507 3183 Codices,
524 3113 667 3169 amborum
683 3113 798 3182 (unibus
822 3113 934 3169 trabit:
987 3130 1077 3187 quam
1100 3113 1214 3168 consuli
1239 3111 1360 3168 omnino
1383 3110 1528 3167 volumus.
1555 3111 1618 3166 Nec
1635 3128 1797 3184 quemquam

113 3184 261 3251 nonnulli,
270 3186 414 3242 uerborum
427 3185 601 3256 suoibospru
611 3185 729 3240 sinibus.
746 3184 833 3240 Porro
845 3201 935 3256 quam
988 3190 1102 3242 moveat
1114 3186 1191 3256 quod
1202 3199 1306 3239 nomen
1314 3183 1445 3252 iunioris
1454 3182 1580 3254 virginis
1590 3185 1724 3255 positum
1736 3188 1798 3257 lega·

108 3254 261 3313 laciniosis
277 3257 394 3313 sinibus
408 3258 574 3313 traheretur
585 3255 657 3311 lihar
672 3257 777 3313 Esther
791 3255 820 3309 in
836 3271 933 3312 exem·
987 3263 1037 3314 tur
1051 3263 1118 3312 anto
1143 3271 1248 3311 nomeu
1266 3253 1426 3318 llustochii,
1451 3255 1579 3324 cujusat
1605 3254 1698 3310 l'ratre
1721 3255 1800 3328 neptis

112 3327 245 3399 pluribus
273 3329 380 3384 veteris
407 3329 536 3397 Vulgatrs
562 3328 681 3394 Latium,
710 3328 855 3382 testisast
877 3343 933 3383 ros.
987 3327 1217 3386 luitPaulalllie
1238 3325 1556 3381 Letaetsiccnimfleri
1574 3327 1799 3398 amatapudex·

110 3403 211 3454 noster
226 3416 308 3455 num.
323 3401 351 3465 7,
365 3400 414 3471 qui
430 3400 588 3454 editionem
599 3397 755 3467 Vulgatam
768 3415 823 3454 usu
840 3414 935 3470 recep·
986 3401 1154 3471 scriptores,
1175 3397 1225 3470 qui
1241 3399 1270 3452 in
1287 3396 1369 3452 libris
1390 3396 1665 3469 Hieronyniaminis
1686 3398 1802 3470 quotidie

109 3473 170 3525 tam
187 3476 255 3525 anta
269 3469 698 3541 Hieronymumoemplactitur.
711 3471 766 3525 Tot
778 3471 932 3525 animisn·
986 3470 1201 3543 scriptitabant,
1225 3469 1348 3525 oPuulc
1369 3475 1396 3522 et
1424 3468 1612 3523 Eustochium.
1641 3469 1802 3525 Nesaiehaut

109 3544 199 3611 taque
227 3540 268 3596 ibi
294 3542 394 3596 addita
422 3542 568 3606 leguntur,
584 3556 649 3611 qum
672 3556 707 3595 ex
729 3546 860 3610 tempore
874 3541 930 3596 dici
946 3533 968 3601 C
987 3544 1110 3600 alteram
1128 3539 1257 3605 Paulam,
1279 3538 1450 3596 nesciebant
1474 3543 1594 3612 tempus
1618 3539 1800 3613 scriptionum

110 3616 246 3685 poterant
260 3617 288 3667 et
303 3612 419 3680 audiri;
436 3617 469 3667 ut
482 3613 529 3666 vix
553 3627 587 3667 eu
611 3612 788 3680 conJecturis
811 3612 931 3683 assequi
985 3613 1173 3685 Hieronymi:
1190 3610 1258 3683 quid
1275 3610 1366 3681 igitur
1381 3610 1535 3674 mirum,si
1553 3610 1801 3684 ordinemperurr·

111 3684 322 3767 potuissemus,
333 3684 390 3740 nisi
401 3685 497 3739 adhuc
513 3684 622 3751 scripta
643 3684 727 3738 nobis
744 3688 933 3753 superessent
985 3686 1076 3745 tarint
1090 3687 1119 3739 in
1135 3684 1190 3738 hac
1203 3683 1326 3737 vocandi
1342 3682 1490 3737 iormulo‘t
1505 3682 1607 3738 Mass.

111 3771 142 3810 ro
158 3756 295 3827 proedicto
311 3755 433 3825 entique
448 3761 639 3811 monumento
649 3755 928 3811 Sao-Germaueosi.
1019 3786 1055 3798 -
1069 3758 1145 3813 Sunt
1160 3754 1209 3827 qui
1226 3770 1278 3826 pro
1302 3753 1391 3808 Postu
1404 3757 1430 3808 et
1446 3753 1642 3820 Eustochium,
1668 3753 1801 3810 substitui

111 3827 181 3891 Quis
196 3843 323 3899 namque
331 3826 505 3882 credidisset
517 3842 567 3897 pro
579 3827 664 3883 unico
674 3825 818 3882 versiculo
828 3827 932 3895 quinto
984 3828 1086 3896 velint,
1102 3827 1236 3882 Homerico
1249 3830 1276 3879 et
1290 3825 1454 3892 nepotiane,
1479 3825 1590 3895 quibus
1617 3826 1698 3880 huno
1721 3825 1806 3881 luisse

110 3898 215 3968 capitis
226 3898 331 3954 decimi
343 3899 450 3970 quarti,
463 3898 521 3953 ista
532 3898 567 3953 ab
580 3903 697 3953 auctore
712 3899 776 3965 ejus
793 3897 931 3953 editionis
984 3899 1161 3971 inscriptum
1172 3898 1225 3953 abs
1237 3897 1412 3967 Hieronymo
1422 3895 1530 3952 librum
1543 3895 1708 3968 gemineex
1718 3897 1806 3968 capite

108 3970 214 4026 veteris
225 3969 333 4026 Latine
345 3971 436 4026 luisse
446 3969 622 4040 subjectat«
632 3974 688 4041 Ego
698 3969 797 4025 oudivi
808 3970 836 4023 io
848 3970 932 4025 libris
985 3973 1240 4040 argumentantur.
1256 3968 1400 4035 Primum,
1416 3967 1494 4038 quod
1510 3969 1539 4023 in
1556 3966 1682 4039 Prologo
1705 3968 1742 4023 ad
1757 3969 1805 4023 Ha·

132 4041 242 4096 sternis
254 4042 338 4106 meis,
353 4041 485 4108 Homine,
501 4042 642 4111 quoniam
659 4041 717 4097 Noe
733 4042 762 4095 io
783 4040 868 4109 aquis
883 4041 930 4095 di·
985 4042 1080 4111 dcam,
1093 4039 1224 4096 utsimul
1236 4039 1332 4095 Esther
1345 4055 1381 4093 ec
1395 4040 1507 4096 Hebraeo
1520 4041 1694 4110 transferret
1715 4038 1809 4112 rogari

109 4058 181 4169 fuvii
206 4112 477 4194 conservastirsgo
502 4112 601 4167 audivi
631 4112 659 4165 in
690 4111 773 4167 libris
801 4113 932 4182 paternis
985 4130 1017 4170 se
1031 4114 1069 4169 ah
1092 4113 1139 4181 iis,
1155 4111 1261 4167 dixerit
1283 4114 1312 4164 S.
1336 4114 1430 4165 Pater.
1460 4083 1704 4182 alterumquod
1727 4111 1810 4167 Paula

110 4185 194 4249 meis,
212 4184 345 4243 Domine.
361 4200 501 4254 quoniam
518 4187 548 4238 tu
565 4183 688 4237 Abrahae
704 4184 733 4238 io
751 4184 888 4239 trecentis
904 4188 932 4238 et
985 4190 1081 4240 mater
1096 4182 1245 4240 Hustochii
1263 4187 1348 4238 antea
1363 4181 1486 4237 obiisset
1507 4197 1596 4252 quam
1621 4181 1699 4237 hanc
1722 4182 1811 4238 inter·

109 4255 211 4311 decom
226 4264 290 4310 octo
303 4255 373 4312 ciris
389 4272 491 4310 novem
519 4270 600 4324 reges
617 4254 763 4309 tradidisti
779 4270 787 4310 t
802 4271 855 4321 ego
879 4271 931 4310 au·
986 4255 1178 4328 pretationem
1192 4254 1387 4325 Hieronymus
1402 4252 1570 4309 adornaret.
1588 4255 1627 4308 Ac
1644 4255 1729 4325 prius
1745 4255 1811 4336 qui·

110 4327 168 4382 divi
185 4326 213 4381 in
232 4327 314 4382 libris
330 4326 459 4398 paternis
480 4326 564 4387 meis,
591 4325 723 4387 Domine.
746 4325 883 4394 quoniam
899 4331 931 4381 tu
985 4328 1052 4383 dem
1066 4330 1287 4399 argumentum,
1301 4324 1378 4393 quod
1396 4323 1475 4378 falsa
1492 4323 1629 4380 lectionis
1642 4324 1813 4397 prejudicio

109 4398 215 4455 locam
232 4398 379 4453 daventre
398 4398 453 4452 ceti
465 4396 595 4452 liberasti
607 4412 614 4453 :
627 4413 680 4467 ego
692 4396 788 4452 audivi
802 4399 830 4452 io
848 4396 932 4453 libris
985 4399 1100 4461 nititur.
1116 4396 1197 4453 nullo
1213 4396 1329 4468 nogotio
1344 4395 1537 4452 exsufflamus
1550 4412 1557 4449 :
1570 4411 1605 4451 sc
1627 4397 1746 4452 dudum
1761 4413 1814 4453 nos

110 4471 240 4542 paternis
251 4469 334 4534 meis,
346 4470 477 4534 Hornine,
490 4467 631 4550 quoniam
651 4475 682 4523 tu
695 4469 849 4535 Ananiam,
861 4470 931 4524 Aza·
981 4471 1068 4542 juxta
1084 4470 1285 4525 btartianaum
1301 4467 1337 4522 ab
1353 4483 1387 4523 eo
1402 4468 1465 4523 loco
1480 4465 1597 4537 Prologi
1620 4467 1652 4522 in
1678 4468 1813 4536 Esdran,

109 4541 194 4605 riam,
210 4540 310 4597 Misaal
328 4540 488 4597 dscamino
504 4540 581 4610 ignis
594 4539 724 4596 liberasti
742 4555 748 4595 :
764 4555 817 4612 ego
832 4541 932 4595 audivi
985 4543 1021 4598 sd
1038 4558 1110 4598 mss.
1125 4541 1184 4596 iare
1195 4539 1328 4595 omnium
1355 4538 1455 4605 fidem,
1471 4537 1592 4595 Estteroe
1606 4554 1720 4595 noman
1735 4556 1813 4597 amo·

108 4612 238 4667 inlibris
255 4613 384 4684 paternis
398 4610 773 4679 meia‚[)omine,quonicrc
786 4617 815 4665 tu
828 4611 929 4667 Daniel
985 4613 1100 4681 vimus,
1118 4628 1151 4667 ac
1164 4611 1236 4666 satis
1248 4610 1402 4666 manifesto
1419 4609 1616 4678 ostendimus,
1632 4610 1729 4667 luisse
1746 4611 1813 4668 illue

108 4684 144 4738 da
158 4683 223 4739 lucu
239 4681 357 4739 leonum
370 4683 471 4740 eruisti
485 4700 491 4737 τ
503 4699 556 4751 ego
569 4683 666 4737 audivi
686 4684 715 4738 in
734 4682 816 4737 libris
836 4687 931 4753 pater·
984 4689 1094 4741 temero
1106 4683 1291 4738 librariorum
1304 4680 1388 4753 culpa
1398 4682 1601 4752 importatum.
1613 4681 1707 4737 lllteri
1717 4688 1811 4739 autem

108 4755 155 4810 nis
171 4756 255 4819 meis,
271 4755 553 4827 Domine,quoniam
564 4759 595 4809 tu
608 4754 800 4824 Hzechircragi
810 4754 931 4811 tndao·
984 4774 1017 4813 or
1039 4759 1158 4811 umento
1169 4755 1328 4826 repositum
1339 4753 1527 4809 aHartianeo
1542 4768 1612 4808 eum
1624 4754 1812 4811 eruditorum

108 4841 174 4882 rum
190 4832 283 4882 morte
298 4828 445 4889 damnato,
456 4826 588 4882 atorauti
599 4825 725 4896 provita,
737 4825 876 4881 misertus
887 4843 930 4894 es,
983 4771 1084 4900 vulgo,
1104 4843 1160 4881 nou
1176 4825 1224 4881 hic
1240 4824 1358 4881 Paulam
1374 4822 1522 4879 Eustochii
1538 4826 1678 4893 matrem,
1694 4827 1748 4881 sed
1763 4828 1812 4897 ju-

108 4903 138 4953 et
152 4899 270 4955 donasti
285 4897 311 4953 ei
326 4898 391 4953 vitre
406 4914 499 4954 annos
512 4896 682 4967 quindecim
700 4912 771 4969 :ego
785 4898 883 4952 audiui
900 4898 929 4953 in
946 4901 970 4965 D
985 4901 1097 4955 nicrum
1112 4897 1218 4953 dehere
1233 4895 1367 4967 inlelligi,
1378 4895 1460 4950 Lete
1476 4893 1578 4962 liliam,
1594 4910 1630 4950 er
1644 4895 1814 4971 iratrenap·

110 4968 193 5026 libris
206 4971 334 5041 paternis
344 4971 428 5035 meis,
445 4969 577 5038 Domine,
591 4968 769 5039 quoniamtu
784 4970 874 5024 Annae
885 4985 931 5040 pe·
985 4973 1037 5027 tim
1053 4968 1202 5026 ilustochii
1220 4984 1226 5024 :
1249 4967 1380 5039 illudque
1404 4966 1567 5022 scribarum
1582 4967 1766 5037 oscitantis,
1781 4986 1814 5026 au

110 5042 222 5098 teutiin
235 5041 381 5097 desiderio
395 5041 500 5098 aalma
512 5039 930 5113 liliigeneratiooamdonasti:
985 5046 1107 5113 receptae
1127 5040 1156 5095 in
1173 5040 1220 5096 his
1239 5038 1384 5112 ponendis
1408 5036 1580 5095 nominihus
1601 5041 1816 5098 consuetudini

107 5128 162 5183 ego
188 5113 284 5169 audivi
301 5112 331 5167 in
347 5112 431 5170 libris
446 5113 577 5183 paternis
598 5111 681 5171 meis.
708 5111 839 5179 Domino,
857 5129 931 5184 quo·
984 5110 1411 5184 imputandumquodamita
1439 5108 1546 5181 neptis,
1577 5109 1695 5167 seniori
1719 5113 1817 5184 junior

107 5184 187 5240 niem
204 5189 236 5240 tn
250 5184 467 5254 complacentes
483 5183 534 5238 tihi
555 5183 673 5249 liberas,
690 5183 820 5248 Domine,
838 5199 931 5254 usqrra
985 5184 1176 5257 praeponitur,
1192 5182 1281 5239 Nobis
1311 5181 1381 5253 quid
1411 5180 1465 5236 hac
1492 5194 1582 5252 super
1609 5196 1642 5237 re
1668 5183 1818 5250 videatur,

106 5254 137 5311 iu
153 5256 252 5324 linem,
271 5276 285 5304 u
300 5261 356 5312 eto.
373 5256 466 5312 lllulta
492 5254 551 5309 ulia
578 5258 737 5310 occurrunt
755 5255 784 5310 iu
801 5255 855 5310 hac
869 5255 930 5311 edi·
984 5255 1222 5328 quondoquidem
1238 5254 1299 5309 hiso
1314 5269 1372 5309 nun
1389 5251 1504 5319 longius
1520 5251 1700 5310 aNotarum
1739 5272 1819 5329 rupo·

108 5327 188 5383 tione
203 5327 340 5398 Vulgata,
356 5343 420 5395 quos
436 5327 522 5381 lidem
541 5325 652 5381 iaciunt
676 5326 842 5398 Hieronymi
869 5343 930 5382 rer·
985 5327 1041 5384 sito
1058 5328 1247 5397 abducerent,
1261 5326 1292 5381 iu
1307 5324 1426 5397 praelixa
1440 5323 1509 5379 huiu
1524 5323 1621 5380 Temo
1639 5273 1817 5385 Prassstione

107 5398 154 5455 bis
170 5414 178 5453 τ
193 5399 269 5470 quod
288 5399 406 5470 quidem
424 5398 594 5452 fatebuntur
610 5397 734 5454 studiosi
751 5397 861 5469 uirique
875 5398 930 5453 viri
984 5399 1142 5455 dicendum
1157 5401 1213 5453 est.

106 5470 133 5525 ei
148 5487 212 5526 eam
230 5470 404 5541 perlegerint
414 5471 444 5525 io
457 5469 617 5540 appendice
631 5473 732 5525 nostru
752 5469 864 5525 Veteris
881 5471 930 5524 lo·
1019 5470 1030 5504 ⁸
1046 5470 1128 5542 apud
1139 5474 1252 5525 veteres
1267 5466 1363 5522 Bittio
1374 5465 1459 5522 Socra
1470 5463 1816 5536 appellabautnriliilio·

107 5545 262 5598 trumenti.
281 5543 372 5597 llaec.
985 5543 1085 5601 thecae:
1103 5557 1194 5613 quare
1203 5541 1313 5595 intrsra
1324 5539 1511 5594 Hebreorum
1524 5535 1731 5598 Bibliothecae
1742 5543 1814 5600 nibil

141 5614 219 5669 ⁸Hs.
237 5611 523 5669 San-Germsoeosis
540 5626 621 5666 num.
637 5611 652 5664 4
678 5627 711 5666 ac
735 5611 930 5668 Memmionus
984 5613 1063 5668 aliud
1077 5614 1104 5669 id
1122 5608 1661 5684 siguificat,quumessesulllcientem
1680 5613 1814 5688 legendis

107 5682 204 5740 Cenon
223 5683 277 5740 hoo
293 5685 379 5741 modo
394 5684 505 5754 legunt.
516 5682 587 5739 sicut
601 5682 712 5738 solitum
722 5688 771 5748 cst,
782 5683 929 5740 secuturi·
984 5701 1018 5741 ac
1027 5684 1227 5757 intelligendis
1238 5680 1436 5738 voluminibus
1444 5679 1573 5737 Hebraeis
1583 5680 1754 5755 Scriptura
1766 5702 1813 5745 ss·

108 5752 157 5808 tus
170 5755 327 5825 dicipltoic.
344 5756 421 5811 [dem
430 5761 528 5812 lamen
536 5755 627 5811 codex
638 5754 836 5813 Memmianus
849 5760 931 5813 notat
984 5773 1039 5814 crs
1054 5774 1061 5813 τ
1077 5756 1105 5813 in
1120 5772 1178 5828 quo
1192 5753 1337 5827 religiosa
1356 5753 1484 5823 lemine,
1503 5750 1681 5826 Christique
1696 5773 1814 5832 sponsa
