3878 6150
108 326 165 381 397
791 325 899 379 uuita
919 324 1163 382 uuussaoaunt.
1769 328 1821 385 398
1891 342 1895 350 ’

105 450 190 506 narni
206 449 398 507 multitudiue
413 447 545 506 illiorum
564 446 663 505 israel.
683 449 813 518 Dumque
838 446 941 504 levite
957 448 982 515 Α
1001 449 1107 519 primo,
1119 449 1220 505 dioens
1233 468 1239 506 :
1254 451 1370 507 i'soiant
1381 450 1431 520 dlii
1443 450 1531 507 lsrael
1546 451 1639 509 Phaae
1650 452 1678 507 in
1691 456 1824 527 tempore
1911 484 1918 498 .

108 542 222 598 tuerint
236 556 335 597 eoram
351 538 484 606 Domino,
508 543 618 611 ponent
630 536 693 610 {iiiii
721 536 808 593 lsrael
832 552 939 591 manus
994 553 1047 592 sun
1063 545 1169 609 ‹yuarta
1185 541 1300 596 decima
1316 540 1363 595 die
1377 540 1487 596 mensis
1504 540 1594 612 hujus
1610 541 1645 598 ad
1657 558 1821 614 vesperam,

108 646 182 687 suas
196 645 287 702 super
300 645 361 686 eos.
376 628 413 684 ut
428 628 529 684 oileret
544 625 584 699 [b.
600 627 735 697 elevabit]
751 631 846 682 Aaron
865 625 939 681 Levi·
991 626 1077 697 juxta
1103 644 1205 683 omnes
1229 628 1416 685 ceremonias
1440 633 1469 684 et
1493 630 1721 699 justificationes
1746 631 1819 702 ejus.
1929 638 1934 663 “·

111 724 170 786 tas,
185 735 298 774 munus
312 717 342 773 in
356 721 513 789 conspeetu
531 715 644 772 Domini
665 733 681 771 a
698 714 767 770 filiis
787 713 887 780 israel,
909 717 941 768 ut
995 714 1192 789 Prusaepitque
1209 717 1303 774 idoses
1319 717 1389 774 filiis
1403 717 1502 784 lsrael,
1520 724 1551 775 ut
1573 719 1702 776 iacerent
1714 719 1818 778 Phasa.

109 810 241 866 serviant
256 807 285 863 in
301 805 466 863 ministerio
482 805 546 877 ejus
567 804 667 860 Levita
691 820 808 876 quoque
832 805 941 875 ponent
994 804 1048 868 Qui
1063 804 1194 860 iecerunt
1206 810 1336 877 tempore
1348 822 1402 862 suo
1414 821 1420 860 :
1433 810 1539 877 quarta
1549 807 1664 864 decima
1674 808 1721 864 die
1735 824 1820 865 men·

108 914 220 954 msuus
233 912 303 952 suas
319 911 409 967 super
423 894 520 967 nepita
546 894 647 964 boum,
673 909 688 949 a
713 893 823 965 quibus
847 907 940 947 unum
994 893 1036 949 sis
1056 894 1091 948 ad
1122 895 1332 966 vesperam,in
1363 899 1462 950 monte
1490 894 1672 965 Sinaitb.in
1702 897 1818 955 deserto

111 987 205 1044 iacies
226 1001 279 1060 pro
302 989 433 1057 peorato,
459 988 487 1039 et
510 983 635 1039 alterum
671 982 700 1038 in
734 980 939 1037 holocaustum
995 982 1098 1054 Sinai).
1123 986 1211 1039 tuxia
1240 984 1338 1040 omnia
1366 1001 1430 1056 queo
1460 986 1649 1042 mandaverat
1677 987 1819 1043 Dominus

112 1076 244 1146 Domini,
259 1079 292 1131 ut
306 1074 472 1146 depreceris
487 1089 538 1144 pro
551 1072 604 1128 ais.
620 1072 796 1143 Statuesqua
826 1070 940 1125 Levites
995 1071 1079 1140 ltosi,
1104 1072 1239 1129 iecerunt
1263 1072 1315 1127 dlii
1344 1072 1694 1146 israel.(G.liXV.)Dooe
1720 1080 1820 1132 antem

111 1166 142 1221 in
159 1167 320 1236 eonspeatu
331 1168 428 1219 Aaron
440 1166 469 1217 et
484 1160 613 1217 illiorum
624 1162 700 1233 ejus,
712 1166 741 1216 et
754 1157 941 1216 consecrabis
995 1160 1116 1232 quidum
1133 1163 1279 1217 immundi
1301 1178 1392 1234 super
1407 1163 1505 1218 anima
1529 1162 1670 1231 hominis,
1686 1165 1736 1236 qui
1762 1180 1820 1222 non

112 1252 231 1309 oblatos
247 1251 382 1320 Domino,
399 1268 432 1307 aa
454 1251 606 1323 separabis
632 1251 668 1306 de
692 1249 788 1305 medio
812 1247 940 1304 illiorum
996 1252 1129 1320 poterant
1157 1251 1250 1306 iacere
1275 1250 1367 1307 Phase
1395 1251 1424 1306 in
1453 1251 1500 1306 die
1523 1251 1582 1318 illo,
1600 1252 1770 1309 aecedentes
1785 1252 1820 1308 ad

112 1342 216 1410 lsrael,
229 1346 264 1398 ut
277 1341 338 1397 sint
354 1341 467 1397 meilit
477 1344 578 1412 postea
593 1337 942 1411 ingredienturtaberua-
995 1338 1094 1394 Mosen
1121 1343 1150 1394 et
1172 1341 1266 1396 Aaron
1292 1339 1428 1397 dixerunt
1450 1340 1510 1396 eis:
1544 1340 1692 1397 immundi
1717 1358 1822 1399 sumus

109 1432 215 1488 aulum
238 1430 379 1487 ioedoris¹
405 1428 446 1499 [b.
464 1444 580 1501 semper
604 1427 693 1483 babet
715 1425 940 1483 tabernaculum
995 1442 1085 1498 super
1106 1429 1204 1484 arninsa
1232 1428 1371 1485 bominis.
1388 1431 1482 1495 Quare
1510 1429 1683 1487 fraudamur
1703 1435 1736 1486 ut
1763 1448 1820 1488 uon

111 1520 227 1594 placiti]
255 1524 288 1575 ut
317 1517 445 1576 serviant
472 1518 557 1575 mibi.
579 1515 685 1589 Siaque
714 1515 884 1589 puriiloabis
914 1519 943 1570 et
995 1515 1260 1573 valeamusoiierre
1283 1517 1460 1574 oblationem
1489 1518 1612 1576 Domino
1636 1520 1665 1575 in
1689 1525 1822 1592 tempure
1926 1564 1929 1569 .

110 1608 302 1667 eonsecrabis
317 1624 366 1664 eos
381 1607 411 1663 in
427 1605 604 1665 oblationem
620 1604 737 1661 Domini
753 1605 795 1674 [h.
813 1620 871 1659 non
888 1603 942 1658 ha·
996 1621 1050 1660 suo
1064 1604 1141 1660 inter
1162 1605 1238 1661 filios
1264 1607 1352 1662 lsrael
1367 1607 1377 1661 l
1392 1607 1506 1673 Quibus
1531 1608 1682 1680 respondit
1705 1609 1819 1666 Moses:

111 1700 165 1755 bet
180 1697 317 1769 Domini],
334 1696 475 1769 quoniam
501 1696 577 1751 douo
604 1694 703 1750 donati
732 1698 803 1750 sunt
832 1691 943 1747 mihis
996 1694 1075 1749 State
1088 1695 1281 1751 utaonsulam
1294 1696 1818 1769 quidprecipiatDomiuusdevobis.

112 1787 186 1843 ntiis
204 1784 306 1844 israel.
325 1786 367 1856 [C.
383 1784 478 1854 xxii]
495 1784 548 1838 Pro
573 1781 774 1856 primogenitis
795 1798 859 1853 quae
875 1797 942 1850 ape·
959 1784 1040 1867 Bic·
1064 1782 1172 1845 XXVI.)
1188 1784 1374 1856 Looutusque
1400 1790 1446 1841 est
1473 1784 1616 1842 Dominus
1644 1787 1679 1841 ad
1709 1787 1818 1854 Mosen,

110 1877 196 1934 riuni
218 1890 335 1932 ornnem
357 1873 471 1931 vulvam
501 1872 531 1929 in
556 1871 772 1943 israei‚saoepi
802 1886 862 1926 eos.
881 1870 944 1926 lies
998 1870 1264 1943 dicens:boquero
1278 1872 1346 1930 filiis
1362 1873 1470 1929 lsrael:
1488 1875 1579 1931 iiomo
1594 1875 1644 1947 qui
1660 1874 1747 1932 tuerit
1760 1875 1821 1932 im·

109 1971 187 2025 sunt
208 1965 309 2021 omnia
332 1962 530 2036 primogenita
558 1961 685 2018 filiorum
712 1958 810 2027 lsrael,
826 1963 887 2014 tam
910 1974 944 2013 ex
999 1961 1129 2017 mundus
1143 1978 1233 2034 super
1248 1963 1355 2030 animo,
1373 1962 1433 2019 sive
1449 1964 1477 2018 in
1493 1965 1538 2019 via
1553 1964 1655 2036 prooul
1679 1964 1709 2020 in
1734 1969 1820 2038 gente

111 2054 290 2114 bominibus
305 2069 394 2125 quam
406 2051 607 2124 exjumentis.
621 2051 660 2105 Dx
676 2050 723 2106 die
739 2066 796 2122 quo
811 2047 943 2119 percussi
997 2056 1102 2117 vestra,
1132 2051 1218 2106 iaciat
1241 2051 1335 2107 Pbase
1364 2051 1480 2108 Domini
1510 2055 1521 2088 ³
1550 2068 1651 2110 meuse
1677 2054 1818 2122 secundo,

109 2160 206 2203 omne
222 2140 448 2216 primogenitum
471 2141 501 2196 in
528 2144 606 2196 terra
620 2139 746 2211 AEgypti‚
763 2135 943 2193 sanetificavi
998 2140 1232 2210 quartadecima
1247 2140 1293 2196 dio
1309 2141 1420 2197 mensis
1435 2141 1470 2196 ad
1486 2157 1647 2214 vesperam,
1664 2159 1730 2198 oum
1756 2158 1823 2215 azy·

110 2251 168 2292 eos
183 2232 266 2297 mihi,
281 2230 379 2287 attuli
398 2229 507 2287 benitas
523 2245 575 2302 pro
602 2229 716 2285 eunetis
738 2224 944 2299 primogenitis
998 2228 1055 2284 mis
1068 2233 1096 2283 et
1112 2228 1233 2284 lactucis
1254 2230 1406 2301 aprestibas
1422 2230 1463 2299 (h.
1480 2247 1538 2287 nou
1557 2229 1656 2303 babet)
1671 2231 1826 2288 comedent

109 2323 245 2380 tiliorum
262 2319 352 2378 israel
364 2337 372 2390 ;
383 2319 550 2391 tradidique
561 2335 611 2374 eos
636 2318 713 2373 dono
724 2322 820 2371 Aaron
831 2320 860 2370 et
874 2314 943 2370 tiliis
996 2313 1069 2369 illud
1082 2331 1088 2370 :
1103 2332 1159 2371 nou
1176 2316 1343 2388 relinquent
1358 2333 1392 2372 ex
1407 2333 1440 2373 eo
1456 2318 1607 2390 quidpiam
1620 2335 1714 2391 usquo
1724 2334 1823 2389 mano,

108 2413 235 2486 ejusde
259 2409 354 2466 medio
377 2408 505 2464 illiorum
523 2406 615 2463 lsrrrol
631 2407 652 2474 ²,
671 2410 701 2461 nt
716 2403 845 2460 serviant
870 2402 943 2458 mibi
997 2409 1026 2459 et
1039 2421 1072 2459 os
1087 2405 1152 2475 ejus
1176 2422 1234 2461 non
1258 2406 1453 2479 confringent,
1469 2423 1588 2463 omnem
1613 2407 1704 2465 ritum
1728 2407 1825 2465 Phaae

110 2518 173 2576 pro
189 2499 257 2555 tiliis
271 2498 359 2555 lsrael
371 2498 400 2553 in
416 2495 605 2552 tabernaculo
621 2494 777 2550 ioederiset
792 2496 876 2548 orent
890 2507 943 2563 pro
997 2492 1205 2549 observabunt.
1222 2494 1251 2549 Si
1268 2495 1336 2565 quis
1357 2500 1455 2551 autam
1471 2500 1500 2551 et
1522 2497 1723 2564 mundasset,
1738 2501 1769 2553 et
1791 2496 1821 2553 in

110 2591 175 2658 eis,
187 2604 224 2645 ne
238 2588 278 2644 sit
293 2587 322 2642 in
340 2586 447 2659 pupulo
464 2585 561 2658 plaga,
573 2584 597 2639 si
609 2583 673 2639 susi
688 2581 943 2637 inerintaccedere
997 2579 1101 2637 itinere
1116 2599 1172 2638 uon
1189 2582 1252 2654 init,
1269 2588 1297 2638 ot
1312 2588 1410 2640 tamen
1436 2600 1493 2641 non
1520 2584 1587 2640 ierit
1610 2587 1712 2656 l‘base,
1726 2591 1820 2643 exter·
1930 2654 1933 2659 Ι

111 2679 157 2738 ad
173 2676 354 2734 sanctorium
370 2675 411 2745 [b.
428 2679 457 2731 at
471 2678 555 2730 orent
568 2688 618 2745 pro
633 2671 703 2728 illiis
728 2668 828 2738 lsrael,
845 2684 881 2724 ue
905 2668 944 2724 sit
998 2671 1160 2726 minabitur
1171 2672 1271 2727 anima
1287 2671 1338 2728 illa
1352 2672 1388 2729 do
1403 2672 1518 2744 populis
1533 2674 1607 2744 suis,
1622 2674 1690 2747 quia
1705 2674 1819 2731 saoriil·

111 2768 151 2825 in
167 2765 237 2822 illlis
253 2762 340 2821 israel
356 2767 452 2836 plaga,
464 2777 532 2818 aum
548 2759 725 2817 secesserint
738 2758 790 2814 filii
808 2755 895 2814 israel
907 2756 942 2811 ad
996 2758 1074 2814 oium
1086 2758 1210 2815 Domino
1229 2777 1286 2815 nou
1311 2760 1418 2817 obtulit
1436 2767 1566 2834 tempore
1577 2779 1648 2819 suo:
1664 2769 1817 2835 peecatum

113 2853 346 2923 sanctuariuml.
363 2852 563 2924 Feceruntque
578 2850 672 2906 Moses
686 2853 715 2904 ot
730 2854 825 2904 Aaron
841 2855 868 2903 et
880 2861 943 2902 om·
996 2864 1084 2904 suum
1100 2847 1161 2921 ipso
1177 2850 1312 2922 portabit.
1325 2849 1499 2923 Peregrinus
1516 2867 1634 2924 quoque
1648 2857 1677 2909 et
1698 2853 1821 2910 advena*

108 2946 166 3002 nis
190 2943 349 2999 multitudo
369 2939 496 2996 illiorum
522 2938 609 2996 israel
635 2954 724 3010 super
748 2935 855 2993 Levitis
879 2950 942 3007 que
997 2937 1022 2993 si
1036 2937 1124 2993 tuerit
1138 2938 1215 3010 apud
1232 2955 1281 2994 vos
1297 2938 1337 3003 (b.
1352 2939 1464 2996 advena
1478 2956 1595 3012 quoque
1618 2940 1669 3013 qui
1693 2941 1821 3015 peregri-

107 3036 296 3109 preaeperat
311 3031 452 3086 Dominus
478 3029 570 3085 liosi:
589 3026 795 3099 purificatique
818 3028 898 3094 sunt,
914 3028 943 3079 et
998 3027 1117 3083 nubitur
1132 3027 1209 3099 apud
1226 3034 1297 3097 vos),
1311 3028 1399 3084 laniet
1414 3028 1507 3086 Pbase
1528 3028 1651 3087 Domino
1663 3031 1747 3103 Juxta
1769 3047 1823 3087 aa·

113 3125 258 3181 laverunt
272 3119 445 3176 vestimenta
459 3135 523 3174 sua.
539 3116 723 3186 Elevavitque
736 3131 785 3171 eos
800 3120 895 3169 Aaron
912 3113 942 3167 in
1001 3116 1146 3173 remonias
1162 3122 1191 3172 et
1209 3116 1437 3188 justificationes
1461 3119 1535 3190 ejus.
1551 3118 1731 3192 Praeaeptum
1747 3119 1825 3177 idem

112 3214 281 3286 conspeetu
306 3209 432 3277 Domini,
444 3214 473 3265 et
496 3207 589 3265 oravit
612 3223 663 3278 pro
678 3205 720 3261 eis
745 3210 777 3260 ut
798 3202 944 3277 purificati
959 3176 981 3245 G
1002 3207 1057 3260 erit
1071 3205 1148 3278 apud
1159 3221 1207 3261 vos
1219 3209 1277 3261 tam
1290 3205 1407 3262 advene
1418 3223 1507 3279 quam
1520 3206 1675 3279 indigenae.
1686 3208 1826 3279 (mxli

117 3302 352 3376 ingrederentur
366 3299 403 3354 ad
427 3296 521 3354 oilioia
535 3312 589 3353 sua
604 3296 645 3366 (b.
662 3300 694 3350 ut
709 3294 944 3367 purificarentur.
1001 3294 1093 3366 igitur
1107 3294 1153 3350 die
1169 3310 1228 3366 qus
1243 3299 1371 3351 ereetum
1389 3302 1434 3352 est
1457 3295 1693 3365 tabernuoulum,
1707 3297 1824 3371 operuit

116 3392 156 3449 m
172 3394 240 3464 post
253 3389 316 3445 baeo
329 3387 455 3457 ingressi
471 3390 542 3442 sunt
556 3384 658 3441 Levita
673 3385 710 3440 ad
726 3383 824 3439 oiiioia
839 3384 903 3453 sua]
916 3382 946 3436 in
1002 3380 1074 3437 illud
1092 3383 1195 3438 nubes.
1209 3384 1232 3437 A
1248 3399 1367 3455 uespere
1382 3389 1480 3440 autem
1497 3401 1587 3458 super
1595 3385 1754 3443 tentorium
1765 3391 1829 3443 erat

118 3477 348 3538 tabernaoulum
365 3475 482 3534 ioederis
497 3490 595 3531 eoram
616 3475 712 3529 daron
729 3477 758 3527 et
781 3471 850 3528 illlis
872 3472 948 3542 ejus.
1003 3470 1087 3541 quasi
1104 3470 1215 3543 speeies
1230 3470 1306 3541 ignis
1321 3489 1415 3545 usque
1431 3489 1527 3530 mane.
1543 3474 1590 3531 Dio
1605 3475 1694 3531 fiebat
1705 3474 1827 3547 jugiter:

116 3573 202 3629 Siout
217 3572 398 3643 praeeperat
413 3565 557 3622 Dominus
574 3565 645 3620 liosi
661 3565 697 3618 de
715 3562 832 3630 Levitis,
850 3563 889 3617 itn
905 3562 948 3617 ia·
1005 3574 1056 3631 per
1080 3559 1155 3615 diem
1185 3559 1334 3633 aperiebat
1364 3560 1436 3616 iliud
1461 3563 1612 3632 nubes,at
1636 3580 1687 3636 per
1711 3569 1825 3619 nontam

122 3667 205 3720 etum
220 3662 277 3715 est.
295 3657 337 3730 [B.
350 3655 426 3725 xlx,
440 3655 472 3710 G.
485 3654 595 3725 xxiii]
608 3654 789 3722 locutusque
805 3650 949 3707 Dominus
1005 3647 1088 3719 quasi
1104 3648 1217 3720 speeies
1233 3648 1321 3722 ignis.
1341 3648 1384 3720 (Β.
1400 3649 1503 3718 XXVL,
1514 3654 1545 3706 c.
1562 3651 1828 3722 XXVII.)Cumque

122 3750 158 3808 ad
183 3748 298 3814 Mosen,
314 3744 432 3801 disens:
449 3747 513 3799 tinea
536 3746 581 3798 est
596 3741 641 3798 lex
668 3740 850 3796 levitarum:
867 3741 889 3794 il
904 3739 949 3793 ri·
1005 3736 1102 3792 ablata
1118 3738 1223 3793 luisset
1237 3738 1404 3808 nubesque
1415 3738 1635 3795 taberuaoulum
1647 3740 1828 3812 protegebat,

122 3838 198 3913 giuti
215 3836 351 3908 quinque
365 3833 452 3889 annia
467 3837 496 3889 et
512 3849 602 3904 supra
622 3829 834 3902 ingredientur,
848 3832 880 3884 ut
894 3827 951 3883 mi·
1006 3829 1077 3881 iuno
1098 3827 1359 3898 proficiscebantur
1387 3826 1438 3881 iiiii
1456 3828 1602 3898 israel‚et
1627 3828 1656 3883 in
1686 3828 1749 3884 loco
1778 3828 1829 3883 ubi

125 3926 256 3983 nistrent
270 3923 301 3979 iu
317 3919 505 3978 taberuaoulo
521 3920 647 3976 ioederis.
659 3922 790 3990 Cumque
805 3918 951 3990 quinqua·
1007 3915 1137 3972 stetisset
1149 3916 1253 3982 nubes,
1267 3917 1305 3971 ibi
1317 3917 1609 3973 castrametabantur.
1620 3917 1663 3972 lid
1674 3916 1830 3987 imparium

124 4015 272 4087 gesimam
289 4027 400 4068 annum
416 4010 509 4065 etatis
523 4007 719 4081 impleverint,
736 4006 844 4063 servire
860 4022 953 4062 cessa·
1007 4007 1122 4062 Domini
1140 4007 1412 4079 proilnisaabantur,
1429 4013 1457 4062 et
1470 4008 1506 4063 ad
1522 4007 1679 4079 imperium
1705 4006 1786 4063 illius
1801 4006 1833 4062 u-

125 4105 200 4161 bunt
211 4120 219 4160 :
231 4104 378 4172 eruntque
394 4098 521 4155 ministri
538 4098 662 4152 iratrnm
680 4112 801 4153 suorum
814 4095 843 4151 in
860 4097 954 4151 taber·
1008 4097 1116 4168 gebeni
1138 4094 1358 4150 tabernaculum
1376 4096 1417 4165 (b.
1434 4095 1739 4166 oastrameta'oantur).
1756 4101 1833 4152 Duu-

127 4194 231 4249 naeuio
263 4189 381 4246 ioederis
409 4194 442 4244 ut.
470 4186 639 4244 custodiunt
667 4201 732 4257 qure
761 4185 817 4241 sibi
847 4184 955 4240 inerint
1009 4188 1064 4240 otis
1080 4183 1194 4253 diebus,
1209 4183 1318 4254 quibus
1334 4184 1431 4241 stabat
1446 4185 1539 4242 nubes
1556 4202 1645 4259 super
1660 4186 1832 4242 tabernacu-

128 4279 345 4346 commendata,
358 4293 445 4349 opera
461 4280 558 4331 autem
575 4275 641 4346 ipsae
656 4273 696 4330 th.
714 4290 771 4330 nou
787 4274 884 4344 babet)
896 4289 954 4329 nou
1008 4272 1083 4341 lum,
1100 4274 1259 4329 manebant
1285 4273 1314 4328 in
1330 4274 1431 4329 eodem
1448 4273 1511 4330 loco
1524 4292 1530 4342 ;
1542 4279 1571 4330 et
1585 4275 1611 4330 ai
1640 4275 1786 4331 evenisset
1802 4279 1835 4330 ut

130 4370 247 4426 isaiam.
263 4366 312 4423 Sio
328 4365 466 4439 dispones
482 4364 589 4420 Levitis
607 4364 635 4418 in
650 4362 791 4418 custodiis
805 4362 878 4418 suis.
1011 4361 1103 4418 multo
1115 4367 1245 4434 tempore
1257 4363 1667 4434 maneretsuporillud,erant
1679 4362 1732 4419 iiiii
1743 4362 1832 4420 lsrael

163 4459 209 4531 (Τ.
226 4459 276 4523 Vl,
292 4456 324 4511 B.
338 4454 398 4520 xli,
420 4454 451 4510 G.
477 4451 547 4518 XIX,
575 4452 642 4524 Gap.
667 4453 727 4523 ix.)
757 4451 883 4507 loeutus
912 4455 957 4507 est
1010 4453 1040 4506 in
1057 4451 1187 4507 excubiis
1204 4452 1375 4517 Domini,et
1389 4468 1447 4507 uon
1473 4451 1832 4524 proiloisoebanturquot·

132 4546 273 4603 Dominus
288 4544 325 4600 ad
338 4542 438 4599 Mosen
450 4543 480 4597 iu
493 4542 609 4597 deserto
626 4540 805 4606 Sinnianae
824 4540 955 4595 secundo
972 4541 993 4606 D
1009 4544 1077 4611 quoi
1090 4540 1194 4595 diebus
1211 4539 1315 4596 inisset
1331 4540 1424 4597 nubes
1440 4555 1531 4612 super
1545 4536 1832 4596 tabernaculumdd

133 4640 287 4708 postquam
316 4631 427 4705 egressi
455 4634 527 4687 sunt
551 4631 587 4686 de
616 4628 954 4701 terraAEgypti‚meuse
1010 4629 1167 4701 imperium
1184 4629 1298 4685 Domini
1312 4629 1599 4702 erigebauttentoria
1614 4629 1654 4701 (b.
1667 4628 1835 4702 prossoisue·

168 4866 292 4922 ¹Mouet
303 4863 350 4920 bio
369 4861 502 4919 sabolion
524 4859 818 4942 marginuie,textum
836 4858 955 4914 Hebrai·
1010 4861 1120 4933 placiti,
1135 4861 1163 4915 id
1180 4866 1225 4916 est
1240 4870 1328 4926 auito.
1344 4860 1541 4933 Hieronymus
1558 4860 1732 4934 plerumque
1754 4860 1837 4916 testi-

135 4953 209 5005 uum,
226 4954 280 5011 pro
295 4935 476 4992 tabernaculo
498 4933 621 5004 sedem,
639 4947 754 5003 semper
778 4931 886 4986 babere
912 4935 956 4986 ta·
1012 4935 1112 4999 monii,
1127 4937 1179 4988 aut
1201 4933 1311 5004 luderis
1334 4933 1432 4999 vertit,
1449 4933 1545 4989 rarius
1566 4932 1676 5004 placiti.
1694 4934 1726 4989 ur
1743 4930 1837 5002 potuit

138 5008 319 5066 termentum
345 5004 458 5076 placiti.
477 5004 508 5059 ln
538 5003 656 5059 Hebraeo
686 5002 804 5074 quidem
833 5001 958 5073 legimus
1011 5013 1158 5062 tamenex
1181 5004 1235 5060 hoo
1256 5005 1318 5076 ipso
1348 5010 1449 5075 putare
1477 5004 1661 5062 Martianaeus
1687 5008 1837 5061 auctorem

140 5080 710 5170 ramperrutnbrta‚otelmoed:rutt2
729 5090 806 5146 moad
830 5104 896 5145 vero
922 5091 959 5145 ab
1014 5076 1192 5135 scholiorum
1211 5076 1432 5158 Hieronymum
1555 5150 1560 5160 ⁶
1698 5146 1703 5156 Ι
1802 5143 1840 5156 ..

138 5171 312 5241 Hieronymo
333 5166 469 5239 placitum
495 5163 706 5234 interpretetur
729 5161 780 5216 lib.
809 5163 819 5216 i
846 5165 958 5232 Regum
1049 5149 1108 5203 ’in
1125 5146 1269 5219 vulgatis,
1299 5149 1335 5204 Da
1359 5146 1448 5202 taedio
1463 5148 1570 5220 popula,
1586 5142 1838 5203 utservrantmtbt

139 5255 196 5313 oap.
212 5257 261 5307 xx,
273 5240 321 5305 35,
335 5244 365 5294 et
379 5236 469 5294 aiibi:
488 5235 565 5291 uude
581 5251 638 5290 non
655 5231 850 5315 improbabile
865 5233 960 5289 sumi·
1014 5235 1063 5293 Diti
1079 5220 1172 5275 lsrael·

141 5314 417 5384 turargumentum.
430 5306 539 5364 sobolis
555 5305 861 5378 marginalraoanonis
872 5306 960 5360 Hebr.
1051 5291 1063 5326 ⁸
1078 5291 1146 5346 MSS·
1163 5295 1191 5344 θῑ
1215 5304 1306 5345 ⁰³⁰⁰ss
1331 5292 1413 5360 liciti
1427 5289 1512 5362 Dilssiss
1535 5287 1662 5355 nornine
1680 5287 1757 5359 ‘iu0d
1774 5301 1841 5359 llffl'·

143 5384 219 5440 uerit.
237 5391 388 5439 auctorem
411 5377 552 5435 habuisse
576 5378 714 5434 eumdem
737 5377 960 5449 Hieronymum.
1016 5362 1154 5444 ῑΰᾱθβὸῑ,
1166 5361 1235 5432 quia
1246 5346 1346 5445 nupti
1359 5362 1482 5418 damnat
1498 5366 1592 5442 potest
1607 5357 1802 5439 interpretari,
1814 5360 1846 5413 at

145 5455 232 5511 itm,
1017 5434 1132 5489 Domino
1162 5437 1190 5488 ot
1218 5433 1326 5489 Domini
1356 5441 1388 5490 ut
1417 5438 1526 5489 norunt
1562 5431 1669 5503 linguas
1699 5431 1844 5486 Hebraico

177 5579 304 5637 -idam
318 5593 403 5643 mss..
419 5573 623 5649 inprarliantur.
638 5574 721 5638 Quod
737 5572 860 5629 adnotat
874 5575 964 5631 Sabo·
1019 5503 1228 5631 Ρθῖῄῧτξίἒὲξ
1258 5591 1339 5645 ms,
1366 5575 1534 5646 Perepra'aar
1569 5588 1631 5629 varo
1672 5581 1697 5629 at
1740 5571 1846 5629 advena

148 5644 240 5708 taus
265 5665 384 5725 semper
411 5648 441 5705 iu
472 5648 592 5705 Hebraeo
620 5645 723 5703 haberi
751 5644 966 5702 tabernaculam
1021 5662 1089 5705 mox
1117 5662 1184 5703 oum
1199 5645 1275 5714 aliis,
1289 5648 1378 5702 Faciet
1394 5643 1616 5715 PtareDomini,
1632 5660 1685 5717 pro
1712 5644 1855 5700 nemius.
