3870 6120
106 212 178 271 1273

141 338 263 415 impleta
278 342 323 396 eet
338 341 415 395 terra
426 340 612 411 possessione
626 344 686 398 tua.

105 417 165 473 Hoc
182 429 262 468 mare
283 427 424 495 magnum
440 415 469 467 et
485 412 578 467 latum
596 415 743 484 manibus,

142 487 183 542 ibi
200 484 317 558 reptilia
333 483 561 540 innumerabilia
576 500 583 539 ι

143 556 283 615 aniuralin
299 572 387 628 parva
402 571 468 610 eum
483 557 655 628 grandibus.

107 632 149 687 lbi
164 645 251 684 naves
266 631 494 700 pertranseuut¹
512 645 519 682 :

142 701 288 756 leviathan
306 702 396 755 istum
411 698 548 770 plasmati
561 701 594 755 ut
608 699 744 758 illuderet
758 701 782 759 ei
795 703 816 758 2.

107 773 214 831 Omnia
230 773 258 827 in
276 777 304 826 te
320 775 449 840 sperant,

144 851 177 901 ut
192 845 243 899 des
259 843 358 898 cibum
372 844 415 898 eis
431 843 460 898 in
477 847 608 914 tempore
624 859 688 900 suo.

107 917 202 975 Dante
219 920 246 971 te
262 914 331 982 iltis,
348 913 511 986 colligent:

143 988 291 1062 aperiente
306 993 333 1043 te
350 1002 471 1041 manum
487 990 580 1055 tuam,
596 986 840 1061 replebunturlh.
852 992 931 1044 setu-

181 1059 333 1126 rabuntur)
348 1059 435 1128 bono,

108 1132 276 1190 Abscondes
292 1129 404 1185 veritum
421 1135 518 1194 tuum,
536 1128 755 1200 turbabuntur;

146 1204 260 1259 artiores
277 1201 414 1272 spiritum
430 1216 544 1266 eorum,
560 1201 707 1274 deliciunt,

145 1279 174 1330 et
187 1275 216 1329 in
233 1271 381 1346 pulverem
397 1289 484 1328 suum
500 1277 694 1344 revertentur,

109 1346 234 1403 Emittes
250 1345 385 1416 spiritum
403 1350 486 1400 tuum
502 1347 531 1399 et
545 1345 734 1410 creabuntur,

146 1424 175 1474 et
189 1417 369 1474 instaurabis
384 1417 487 1472 faeiem
504 1421 587 1471 terras
608 1433 615 1472 τ

109 1491 154 1549 Sit
162 1490 253 1560 gloria
267 1489 384 1544 Domini
397 1489 426 1543 iu
438 1488 649 1559 sempiternum
661 1488 702 1561 (b.
714 1487 743 1543 in
761 1486 930 1563 seculum:

146 1561 293 1617 letabitur
308 1560 451 1616 Dominus
466 1560 494 1614 in
509 1559 649 1631 operibus
665 1560 739 1633 suis,

109 1634 164 1701 Qui
180 1633 300 1705 respicit
314 1636 423 1687 terram
440 1635 469 1687 et
484 1634 589 1686 tremet
604 1631 661 1706 (st.
677 1631 786 1705 tremit)
802 1648 810 1688 τ

146 1706 242 1777 tangit
258 1708 372 1759 montes
391 1707 420 1759 et
431 1703 597 1758 fumabunt.

110 1777 241 1835 Cantabo
257 1775 381 1831 Domino
396 1774 425 1830 in
442 1774 499 1830 vita
515 1790 603 1830 mee:
692 1778 695 1784 '

147 1848 269 1923 psallam
288 1853 343 1903 Deo
359 1862 423 1903 meo
440 1845 568 1919 quandiu
584 1861 660 1903 sum.

112 1921 231 1978 Placeat
245 1920 269 1975 ei
287 1919 437 1990 eloquium
454 1934 551 1973 meum
570 1934 576 1973 :

147 2009 202 2065 ego
218 1991 272 2063 (ll.
288 1991 350 2047 odd.
368 1995 478 2059 autem)
494 1989 614 2045 letabor
629 1988 659 2044 in
676 1987 809 2047 Domino.

112 2064 256 2121 Deficiunt
272 2067 436 2133 peccatores
452 2063 487 2117 de
501 2066 589 2119 terra.

145 2142 172 2192 et
188 2135 271 2206 impii
289 2136 365 2191 ultra
380 2151 439 2190 non
456 2133 516 2188 sict
532 2149 539 2187 ε

144 2208 279 2335 δεῖῐῗᾱῇο,
296 2206 394 2263 anime
407 2221 482 2275 mea,
498 2203 622 2261 Domino
637 2202 872 2280 (rilDominum).
886 2205 934 2264 al·

193 2296 281 2337 eura.

111 2353 190 2420 tGV.)
210 2347 396 2407 confitemini
412 2348 550 2418 Domino,
567 2347 702 2405 invocate
724 2364 832 2405 nomen
847 2350 911 2421 ejus
928 2365 935 2405 :

109 2429 194 2483 notas
211 2423 296 2507 tacite
312 2421 428 2495 populis
443 2419 636 2495 cogitationes
652 2419 692 2494 (h.
703 2420 937 2492 adinventiones)

202 2511 280 2550 ece.

145 2511 269 2624 CantJate
286 2563 324 2631 ei,
335 2569 363 2620 et
379 2564 479 2637 pellite
495 2562 550 2631 illi,

110 2637 267 2711 loquimini
283 2638 312 2692 in
330 2636 477 2693 universis
494 2633 682 2690 mirabilibus
697 2634 764 2707 ejus
775 2635 796 2691 ³.

111 2711 261 2771 llcsultcte
276 2710 316 2779 lh.
333 2707 521 2779 Laudemini)
539 2708 568 2762 in
586 2707 703 2762 nomine
728 2710 831 2765 sancto
846 2708 911 2780 ejus
928 2723 935 2765 :

147 2785 262 2840 laetetur
274 2797 325 2836 eor
337 2780 532 2852 quaerentium
551 2779 721 2835 Dominum.

114 2856 239 2922 Quaerite
253 2852 409 2908 Dominum
427 2858 455 2907 et
466 2851 602 2906 virtutem
615 2851 679 2922 ejus
697 2866 703 2904 :

151 2927 273 3001 querite
288 2925 392 2979 faeiem
403 2925 467 2995 ejus
478 2922 599 2995 jugiter.

111 2996 318 3058 Recordamini
337 2995 516 3051 mirabilium
527 2995 592 3065 ejus
608 3009 672 3066 qua
689 2991 779 3048 iecit:

148 3066 593 3150 signorum(h.prodigiorum)et
600 3064 783 3136 judiciorum
794 3063 935 3138 orisejus:
954 3087 976 3154 c

113 3147 222 3203 Semen
237 3140 383 3197 Abrabam
396 3155 473 3194 servi
484 3139 548 3210 ejus
561 3155 568 3194 ε

152 3216 204 3271 ulii
219 3212 308 3269 laceb
321 3210 405 3266 electi
420 3210 495 3281 ejus.

112 3290 180 3362 Ipse
198 3283 339 3342 Dominus
355 3282 431 3338 Deus
448 3284 569 3336 noster:

150 3361 180 3415 in
198 3356 336 3412 universa
350 3358 426 3410 terra
436 3352 551 3425 judicie
565 3351 639 3422 ejus.

114 3430 295 3490 Recordatue
306 3430 350 3483 est
361 3426 389 3482 in
400 3429 540 3481 eternum
552 3423 593 3495 (h.
610 3419 763 3494 seculum)
779 3420 855 3493 pacti
868 3421 914 3477 sui
931 3438 939 3478 ε

151 3499 323 3581 verbi,quod
334 3498 469 3571 precepit
480 3496 646 3569 (uveruum
657 3494 806 3567 pracepit)
817 3492 847 3550 in
858 3493 940 3551 mille

113 3577 407 3718 Quodeplbbrigtibobbbr
422 3639 581 3708 Abraham,

152 3724 181 3775 et
190 3714 352 3789 juramenti
366 3711 412 3770 sui
427 3727 494 3767 cum
512 3714 602 3766 isaac.

112 3788 297 3850 returnavit
316 3784 357 3847 th.
379 3783 496 3855 statuit)
513 3781 584 3838 illud
611 3781 700 3839 Jacob
713 3782 743 3838 in
766 3781 830 3855 lege
851 3781 893 3853 (h.
911 3780 941 3837 in

191 3857 382 3934 preceptum)
400 3875 406 3911 :

157 3932 248 3989 israel
264 3931 293 3986 iu
311 3928 448 4002 paetum⁸
463 3924 687 3998 sempiternum.

115 4005 235 4066 Dicens.
252 4001 305 4058 tibi
320 4000 394 4057 dabo
410 4004 518 4055 terram
534 3997 691 4054 Chauran:

153 4074 320 4134 tunicatum
334 4070 514 4128 hereditatis
530 4074 642 4126 vestra.

115 4151 193 4208 Cum
208 4149 307 4205 essent
322 4145 376 4201 viri
393 4143 489 4217 pauci,

155 4218 263 4277 modici
280 4222 308 4274 et
324 4218 439 4273 advenre
455 4214 484 4270 iu
501 4228 545 4269 ea.

114 4290 382 4361 Ettrensierunttb.
395 4283 669 4354 ambulaverunt)de
679 4283 802 4356 gentein
814 4284 941 4356 gentem,

154 4370 183 4423 el
200 4365 235 4420 de
251 4377 340 4419 reeno
352 4361 386 4417 cd
400 4357 540 4434 populum
555 4355 691 4411 alterum.

779 219 887 274 LIBER
905 219 1137 279 PSALMORUM.

943 343 971 412 Α
1020 343 1169 417 eloquium
1185 347 1301 404 Domini
1316 349 1450 421 probavit
1464 364 1542 406 eum.

1745 224 1815 281 tert
1926 264 1931 268 -

984 416 1063 497 Misit
1079 435 1129 474 rex
1144 420 1185 492 (ir.
1203 436 1312 493 regem,
1329 427 1358 478 et
1372 420 1458 477 solvit
1472 439 1551 490 eum,

1019 505 1156 562 princeps
1171 491 1439 566 (hdcminalorem)
1454 493 1647 566 populorum,
1658 497 1687 549 et
1700 493 1804 552 dimisi

1055 561 1095 629 (h.
1114 562 1210 635 solvit)
1226 564 1322 620 illum.

983 632 1084 688 Posuit
1098 650 1165 716 eum
1183 635 1728 709 Dominumlb.domicatorem)domus
1739 654 1825 713 suu„

1020 708 1048 760 et
1063 706 1224 787 principem
1240 708 1286 778 (b.
1300 708 1528 780 dominatorem)
1551 707 1580 763 in
1596 708 1677 764 omni
1695 725 1815 781 posses·

1057 792 1139 832 stone
1151 795 1216 834 sue.

984 845 1022 904 Ut
1037 849 1167 905 erudiret
1183 850 1224 922 (h.
1249 848 1416 922 castigaret)
1443 848 1593 922 principes
1617 851 1681 923 ejus
1704 866 1811 909 secuu-

1055 920 1126 976 dum
1142 921 1321 977 voluntatem
1339 936 1438 976 suum.

1020 992 1050 1046 et
1065 1008 1151 1048 senes
1167 994 1230 1063 ejus
1244 991 1418 1063 sapientiam
1431 992 1557 1047 doceret,

984 1061 1020 1117 ut
1035 1061 1065 1118 in
1089 1080 1188 1120 cessus
1199 1062 1342 1121 estlsrael
1354 1064 1398 1136 (tt
1414 1063 1486 1120 add.
1502 1064 1530 1118 in
1557 1067 1720 1138 AEgyplum,

1021 1139 1050 1190 et
1063 1080 1155 1192 Jacob
1170 1136 1281 1192 advena
1296 1134 1353 1190 luit
1369 1135 1399 1190 iu
1414 1138 1528 1191 terrac
1552 1152 1606 1191 am.

985 1209 1021 1261 lit
1035 1222 1165 1263 crescere
1180 1208 1248 1264 iecit
1263 1206 1407 1279 populum
1423 1222 1510 1262 suum
1523 1206 1620 1264 nimis.

1021 1283 1051 1334 et
1067 1279 1213 1335 roboravit
1228 1295 1295 1335 eum
1309 1294 1401 1350 super
1415 1277 1515 1333 hostes
1531 1279 1595 1349 ejus
1612 1294 1619 1333 ε

1021 1348 1186 1435 conuertiti
1201 1367 1251 1408 eor
1266 1366 1381 1419 eorum,
1396 1355 1428 1405 ut
1438 1350 1504 1406 odio
1515 1351 1658 1408 heberent
1671 1351 1813 1427 populum

1020 1438 1169 1576 ¹utedbllbbe
1184 1497 1302 1564 agerent
1317 1499 1417 1548 contra
1432 1508 1531 1551 servos
1548 1491 1638 1550 illius.

987 1564 1068 1621 Misit
1081 1569 1178 1621 Mosen
1192 1581 1309 1622 servum
1326 1580 1414 1620 suum
1431 1578 1438 1619 :

1022 1636 1077 1708 (tt.
1093 1637 1157 1692 odd.
1174 1638 1213 1708 et)
1230 1641 1335 1703 Aaron,
1351 1651 1439 1708 quem
1454 1634 1541 1707 elegit
1555 1636 1624 1705 sibi,

947 1716 973 1783 Β
987 1707 1089 1764 Posuit
1104 1709 1133 1764 in
1149 1709 1190 1765 eis
1206 1709 1293 1765 verba
1308 1708 1462 1780 signorum
1483 1725 1617 1778 suorum,

1024 1784 1052 1834 et
1068 1784 1270 1852 portentorum
1287 1780 1317 1834 in
1332 1786 1411 1835 terra
1425 1778 1516 1836 [iham
1532 1796 1539 1836 :

987 1850 1067 1909 Misit
1082 1853 1219 1910 tenebras
1236 1856 1265 1908 et
1278 1850 1510 1917 contenebravit,

1023 1928 1052 1979 et
1067 1940 1124 1979 non
1142 1925 1259 1981 fuerant
1271 1921 1416 1979 increduli
1431 1922 1527 1979 verbis
1542 1922 1618 1994 ejus.

988 1993 1187 2053 eommutavit
1200 2012 1293 2067 eques
1308 2011 1409 2051 eorum
1425 1995 1455 2051 in
1471 1993 1659 2067 sanguinem,

1024 2071 1053 2122 et
1067 2067 1176 2124 occidit
1191 2068 1291 2139 pisces
1307 2081 1420 2123 eorum.

988 2136 1128 2194 Ebullivit
1142 2144 1219 2195 terre
1229 2154 1331 2194 eorum
1347 2152 1435 2192 renes
1450 2151 1457 2190 t

1025 2214 1054 2267 et
1068 2210 1216 2266 cubilibus
1231 2210 1285 2282 (st.
1302 2207 1459 2279 cubiculis)
1474 2221 1576 2280 regum
1591 2223 1704 2265 eorum.

988 2281 1077 2351 Dixit,
1093 2286 1123 2338 et
1137 2281 1217 2338 venit
1231 2298 1332 2337 musca
1346 2278 1516 2336 omnimoda
1532 2295 1538 2333 :

1025 2353 1129 2408 ciuiles
1140 2354 1182 2425 (h.
1196 2351 1334 2427 pediculi)
1347 2351 1377 2408 in
1394 2350 1539 2407 universis
1551 2349 1686 2407 terminis
1698 2365 1812 2408 eorum.

989 2424 1074 2481 Dedit
1090 2424 1206 2497 pluvius
1217 2440 1318 2481 eorum
1334 2422 1508 2497 grandinem
1526 2438 1533 2476 :

1026 2495 1125 2568 ignem
1140 2497 1342 2552 flammantem
1359 2495 1389 2550 iu
1405 2499 1485 2550 terra
1500 2509 1614 2550 eorum.

990 2571 1024 2623 ut
1039 2567 1185 2640 percussit
1197 2569 1310 2624 vineam
1326 2581 1442 2634 eorum,
1459 2570 1487 2621 et
1502 2566 1590 2622 deum
1607 2580 1720 2622 eorum.

1021 2644 1055 2702 ,et
1070 2639 1215 2710 confregit
1229 2639 1345 2710 lignum
1363 2636 1467 2693 linium
1483 2651 1595 2693 eorum.

990 2710 1081 2778 Dixit,
1097 2711 1221 2766 strauit
1237 2709 1361 2774 locusta,

1026 2786 1055 2839 et
1069 2781 1210 2852 bruchus,
1226 2782 1312 2852 quus
1328 2795 1386 2836 non
1401 2781 1463 2835 erat
1479 2793 1633 2835 numerus.

992 2853 1028 2910 Et
1044 2853 1169 2910 eomedit
1186 2869 1272 2910 omne
1288 2853 1388 2907 lenum
1404 2855 1487 2906 terra
1502 2865 1614 2907 eorum.

1031 2931 1060 2980 et
1074 2925 1221 2981 devoravit
1237 2924 1365 2980 fructum
1382 2926 1464 2978 terre
1480 2937 1592 2977 eorum.

992 2997 1026 3052 lit
1042 2997 1189 3069 percussit
1200 3012 1285 3052 omne
1297 2993 1526 3068 primogenitum
1538 2993 1567 3050 in
1579 2997 1656 3049 terre
1671 3008 1771 3050 eorum
1791 3008 1799 3048 τ

995 3067 1143 3196 ἓτὶῑηὶῐίαε
1155 3068 1283 3124 universi
1301 3065 1454 3139 partuslh.
1472 3063 1593 3138 doloris)
1608 3079 1718 3122 eorum.

1020 3141 1140 3196 teduxit
1154 3155 1204 3196 eos
1219 3156 1286 3195 eum
1303 3142 1425 3209 urgento
1442 3141 1470 3193 et
1485 3154 1566 3194 auro.

1030 3216 1058 3267 et
1075 3228 1132 3268 uon
1148 3214 1210 3268 erat
1226 3212 1255 3267 in
1271 3210 1409 3267 tribubus
1425 3225 1526 3265 eorum
1545 3207 1694 3264 infirmus.

995 3283 1104 3339 Latata
1120 3287 1165 3339 est
1179 3284 1321 3355 AEgyptus
1336 3297 1404 3337 cum
1420 3281 1639 3354 egrederentur,

1030 3354 1171 3426 quoniam
1187 3355 1313 3410 irruerat
1328 3357 1422 3408 terror
1436 3368 1538 3409 eorum
1553 3367 1642 3425 super
1654 3366 1714 3408 eos.

994 3427 1141 3499 Expendit
1158 3426 1266 3483 nubem
1282 3426 1311 3482 iu
1327 3423 1498 3490 tentorium,

1030 3502 1059 3553 et
1075 3499 1173 3570 ignem
1190 3502 1223 3554 ut
1238 3496 1348 3553 luceret
1363 3500 1456 3552 nocte.

994 3570 1153 3627 Petierunt.
1170 3569 1560 3641 etedduxitortygometram
1571 3565 1820 3638 (hcclurnieem),

1031 3646 1059 3698 et
1070 3657 1144 3714 pene
1159 3640 1287 3697 coelestis
1302 3641 1446 3696 saturavit
1465 3654 1524 3695 eos.

995 3714 1118 3786 Aperuit
1134 3717 1245 3784 petram
1258 3715 1286 3768 et
1302 3711 1449 3767 linxerunt
1462 3725 1545 3781 aquea
1561 3724 1568 3763 :

1031 3789 1225 3840 cucurrerunt
1240 3783 1269 3837 in
1284 3782 1374 3838 aridis
1390 3780 1524 3837 lluminc.

996 3856 1069 3922 Quia
1087 3856 1257 3912 recordatus
1271 3857 1316 3909 est
1328 3852 1409 3908 verbi
1424 3850 1517 3908 saneti
1533 3848 1580 3906 sui
1596 3865 1603 3904 :

1031 3944 1098 3983 eum
1115 3926 1261 3982 Abraham
1276 3940 1358 3980 servo
1379 3940 1443 3980 suo.

995 4000 1031 4056 ut
1045 3997 1296 4124 eduxitpopulum
1309 3996 1434 4052 suumin
1446 3992 1547 4050 letitia
1559 3990 1819 4066 (h.eurngaudio)⁸

1032 4072 1060 4127 ic
1076 4071 1162 4126 lrrude
1177 4085 1192 4126 e
1206 4073 1377 4125 ectossuos.
1511 4084 1514 4089 ·

996 4143 1030 4198 Et
1043 4143 1124 4198 dedit
1139 4141 1181 4198 eis
1194 4145 1287 4198 terras
1305 4140 1358 4206 (tlt.
1375 4141 1482 4194 terram
1494 4134 1638 4209 gentium)

1032 4219 1059 4271 et
1074 4213 1203 4270 laborem
1224 4214 1277 4284 (ll.
1305 4211 1433 4268 labores.
1448 4209 1578 4266 tribuum
1604 4208 1644 4279 lb.
1674 4205 1818 4279 plebium)

1069 4287 1275 4358 possederunt·

996 4357 1032 4415 Ut
1042 4356 1224 4414 custodirent
1238 4352 1428 4413 ceremonias
1444 4352 1519 4422 ejus,

113 4428 687 4500 Nondimisrthominem,utnoceret(b.
698 4423 940 4495 calumniaretur)
958 4461 980 4527 D
1031 4435 1060 4486 ot
1075 4430 1153 4503 teges
1168 4432 1233 4502 ejus
1248 4431 1409 4486 servarent,
1427 4423 1561 4480 Alleluia,

152 4510 205 4576 eis,
223 4512 252 4563 et
267 4505 410 4578 corripuit
422 4520 474 4575 pro
490 4501 531 4557 eis
548 4515 641 4572 reges.

113 4581 217 4641 Nolite
233 4584 351 4650 tangere
369 4575 496 4632 christos
512 4589 603 4635 meos,
630 4642 636 4653 ι

155 4658 185 4709 et
202 4651 361 4723 prophetas
378 4663 460 4704 meos
477 4642 718 4714 nolitealsstgcre.

116 4726 153 4783 ut
169 4724 283 4779 vucavit
299 4725 404 4777 l'amem
420 4724 626 4790 superterram
642 4732 648 4768 :

151 4812 271 4852 ornnem
287 4797 398 4865 virgam
414 4791 455 4863 (b.
472 4787 623 4855 baculum)
639 4783 723 4854 pacis
738 4782 885 4840 contrivit.

114 4869 199 4927 Misit
212 4872 281 4922 aute
296 4866 398 4922 taciem
417 4878 519 4918 eorum
535 4860 630 4914 virum
648 4873 655 4910 :

152 4943 182 4997 in
199 4954 316 4994 servum
333 4934 518 4991 venundatus
534 4934 579 4985 est
592 4927 712 4998 loseph.

111 5012 293 5069 Aillixerunt
313 5008 341 5063 iu
358 5005 496 5076 compede
512 5002 601 5075 peries
617 5001 681 5072 ejus
698 5014 704 5052 :

151 5084 183 5139 in
195 5083 305 5138 ierrum
316 5078 395 5135 venit
410 5077 510 5132 unima
522 5075 596 5145 ejus.

111 5154 216 5227 Usque
232 5153 269 5209 ad
283 5157 402 5222 tempus
417 5149 508 5204 donee
524 5145 634 5201 reniret
648 5157 745 5200 sermo
767 5141 831 5213 ejus
848 5156 855 5195 :

151 5298 160 5334 ¹
180 5295 262 5353 lrlem
280 5309 336 5350 ms.
352 5306 435 5347 narres
446 5286 669 5362 pretransibunt.

152 5368 164 5403 ¹
182 5369 226 5424 lta
241 5363 448 5421 Memmiamus
463 5367 572 5430 Canon,
588 5358 634 5413 cui
660 5356 845 5412 consonnant
867 5367 939 5407 mes.

115 5436 331 5513 quamplures,
342 5434 441 5490 Canon
459 5436 555 5488 aulem
578 5425 820 5485 carcassonensis
835 5441 867 5480 ac
883 5439 940 5478 ms.

113 5512 148 5571 S.
165 5507 319 5567 Michaelis
329 5508 356 5562 la
379 5512 432 5562 unt
448 5501 725 5572 urauiiestiusjuxta
738 5498 900 5579 Hebrnum,
911 5502 942 5550 ut

111 5523 426 5646 interessendum
448 5575 484 5632 ab
510 5573 667 5631 scholiaste
688 5571 803 5628 videtur
825 5568 939 5623 dertvu·

108 5662 192 5715 tum.
208 5657 300 5711 uim.
828 5711 833 5723 ⁸

151 5726 245 5782 ’Sine
257 5720 463 5796 prepositione
488 5718 517 5773 in
529 5716 656 5791 legimus
671 5715 698 5770 in
717 5714 894 5770 Memmiana
908 5725 940 5767 ac

112 5794 280 5859 florbuuico
295 5810 380 5867 mse„
397 5790 556 5865 loquimini
570 5787 706 5845 uniuersis
718 5783 861 5843 mirabilia
871 5783 940 5855 ejas.

1330 4499 1482 4553 Auratum.

998 4573 1092 4646 (CVI.)
1107 4570 1292 4626 confitemini
1309 4570 1433 4625 Domino
1449 4567 1589 4638 quoniam
1606 4565 1702 4621 bonus
1722 4581 1729 4619 :

1034 4645 1175 4717 quoniam
1192 4644 1220 4698 in
1237 4649 1378 4697 eternum
1393 4641 1434 4712 (b.
1448 4640 1601 4709 secutum)
1618 4636 1822 4694 misericordia

997 4731 1222 4856 uutse'lbssbetur
1237 4778 1424 4836 tortitudines
1441 4776 1569 4845 Domini,

1032 4859 1148 4914 auditas
1164 4853 1251 4911 saciet
1265 4866 1368 4905 omnes
1384 4848 1485 4904 laudes
1500 4850 1591 4921 cjusl
1677 4908 1680 4913 ,

995 4930 1074 4986 ltoati
1090 4931 1137 5000 qui
1154 4922 1326 4983 custodiunt
1337 4920 1497 4991 judicium.

1033 4990 1540 5072 fuciunt(.ll.etiueiunt)justititiam
1552 4991 1579 5046 ic
1590 4991 1822 5061 omnitempore.
1922 4984 1925 4989 ’

996 5072 1156 5199 Βοοοῖἀρω
1186 5064 1247 5125 mei
1276 5061 1407 5132 Domine,
1423 5063 1453 5118 in
1471 5061 1700 5136 repropitatioua
1722 5061 1822 5134 populi

1082 5160 1122 5199 ur.

996 5287 1030 5343 In
1045 5279 1290 5342 Carcassonensie
1304 5282 1332 5332 ct
1348 5292 1404 5331 ms.
1421 5276 1520 5334 codire
1545 5278 1575 5334 S.
1593 5275 1693 5347 Micia,
1718 5276 1822 5348 Loqui·

995 5359 1069 5413 mini
1081 5359 1209 5411 uniuersa
1224 5349 1369 5406 mirabilia
1384 5352 1455 5419 tejas
1472 5354 1562 5406 titur.

1030 5422 1393 5483 ‘llicveroCisterciens
1412 5438 1466 5477 ms·
1495 5436 1556 5476 cum
1584 5419 1665 5477 Jacob
1694 5419 1723 5475 in
1740 5418 1821 5489 lece:

994 5516 1055 5557 eum
1069 5499 1157 5555 lsrael
1169 5500 1198 5554 ic
1213 5500 1335 5568 portum,
1350 5496 1406 5546 etc.

1029 5571 1118 5627 'Duo
1147 5587 1162 5626 c
1187 5565 1295 5625 nostris
1322 5579 1405 5631 mes,
1433 5563 1465 5618 et
1489 5565 1631 5621 conuertit.
1655 5565 1722 5619 Mox
1745 5577 1824 5618 unus

994 5643 1125 5727 Regiae,
1144 5650 1172 5699 ut
1186 5639 1265 5722 <latua
1280 5644 1427 5715 cqcrrct.u
1681 5703 1687 5715 ,

1031 5717 1042 5751 ⁸
1058 5716 1152 5772 lrdem
1167 5717 1260 5770 nostri
1279 5725 1352 5766 mes.
1380 5705 1492 5779 altaque
1507 5706 1589 5780 apud
1603 5705 1753 5774 ldurltan,
1767 5705 1830 5762 tcu-

995 5786 1099 5860 darrles,
1114 5804 1168 5861 pro
1184 5785 1213 5843 in
1231 5781 1326 5875 leude.
