<?xml version="1.0" encoding="UTF-8"?>
<!DOCTYPE html PUBLIC "-//W3C//DTD XHTML 1.0 Transitional//EN"
    "http://www.w3.org/TR/xhtml1/DTD/xhtml1-transitional.dtd">
<html xmlns="http://www.w3.org/1999/xhtml" xml:lang="en" lang="en">
 <head>
  <title>
</title>
<meta http-equiv="Content-Type" content="text/html;charset=utf-8" />
  <meta name='ocr-system' content='tesseract 3.04.00' />
  <meta name='ocr-capabilities' content='ocr_page ocr_carea ocr_par ocr_line ocrx_word'/>
</head>
<body>
  <div class='ocr_page' id='page_1' title='image "./patrologiaecurs13goog_0206.png"; bbox 0 0 3870 6120; ppageno 0'>
   <div class='ocr_carea' id='block_1_1' title="bbox 67 270 1780 334">
    <p class='ocr_par' dir='ltr' id='par_1_1' title="bbox 67 270 1780 334">
     <span class='ocr_line' id='line_1_1' title="bbox 67 270 1780 334; baseline -0.008 0"><span class='ocrx_word' id='word_1_1' title='bbox 67 274 127 334; x_wconf 77' lang='lat'>⁴05</span> <span class='ocrx_word' id='word_1_2' title='bbox 743 272 851 327; x_wconf 78' lang='lat' dir='ltr'>tisun</span> <span class='ocrx_word' id='word_1_3' title='bbox 871 272 1112 328; x_wconf 71' lang='lat' dir='ltr'>sumnonem.</span> <span class='ocrx_word' id='word_1_4' title='bbox 1727 270 1780 329; x_wconf 66' lang='grc'>406</span> 
     </span>
    </p>
   </div>
   <div class='ocr_carea' id='block_1_2' title="bbox 62 388 1781 1540">
    <p class='ocr_par' dir='ltr' id='par_1_2' title="bbox 62 388 1781 1540">
     <span class='ocr_line' id='line_1_2' title="bbox 67 388 1781 464; baseline -0.004 -11"><span class='ocrx_word' id='word_1_5' title='bbox 67 397 172 455; x_wconf 85' lang='lat' dir='ltr'>lsrael.</span> <span class='ocrx_word' id='word_1_6' title='bbox 188 398 225 453; x_wconf 83' lang='lat' dir='ltr'>st</span> <span class='ocrx_word' id='word_1_7' title='bbox 238 412 307 454; x_wconf 87' lang='lat' dir='ltr'>vero</span> <span class='ocrx_word' id='word_1_8' title='bbox 335 394 425 451; x_wconf 86' lang='lat' dir='ltr'>Josne</span> <span class='ocrx_word' id='word_1_9' title='bbox 453 391 532 449; x_wconf 85' lang='lat' dir='ltr'>filius</span> <span class='ocrx_word' id='word_1_10' title='bbox 561 396 627 448; x_wconf 85' lang='lat' dir='ltr'>Nun</span> <span class='ocrx_word' id='word_1_11' title='bbox 642 393 671 447; x_wconf 90' lang='lat' dir='ltr'>et</span> <span class='ocrx_word' id='word_1_12' title='bbox 684 388 793 448; x_wconf 82' lang='lat' dir='ltr'>Chaleb</span> <span class='ocrx_word' id='word_1_13' title='bbox 821 388 900 445; x_wconf 86' lang='lat' dir='ltr'>filius</span> <span class='ocrx_word' id='word_1_14' title='bbox 914 393 941 458; x_wconf 74' lang='grc' dir='ltr'>Α</span> <span class='ocrx_word' id='word_1_15' title='bbox 957 389 1044 446; x_wconf 86' lang='lat' dir='ltr'>lsrael</span> <span class='ocrx_word' id='word_1_16' title='bbox 1060 389 1168 446; x_wconf 90' lang='lat' dir='ltr'>audivi.</span> <span class='ocrx_word' id='word_1_17' title='bbox 1184 388 1236 445; x_wconf 87' lang='lat' dir='ltr'>Dic</span> <span class='ocrx_word' id='word_1_18' title='bbox 1261 404 1330 463; x_wconf 89' lang='lat' dir='ltr'>crgo</span> <span class='ocrx_word' id='word_1_19' title='bbox 1354 390 1421 447; x_wconf 85' lang='lat' dir='ltr'>eis:</span> <span class='ocrx_word' id='word_1_20' title='bbox 1446 390 1517 449; x_wconf 85' lang='lat' dir='ltr'>Vivo</span> <span class='ocrx_word' id='word_1_21' title='bbox 1541 407 1605 464; x_wconf 83' lang='lat' dir='ltr'>ego,</span> <span class='ocrx_word' id='word_1_22' title='bbox 1621 391 1662 448; x_wconf 89' lang='lat' dir='ltr'>sit</span> <span class='ocrx_word' id='word_1_23' title='bbox 1680 390 1781 449; x_wconf 89' lang='lat' dir='ltr'>Domi·</span> 
     </span>
     <span class='ocr_line' id='line_1_3' title="bbox 66 479 1781 558; baseline -0.001 -17"><span class='ocrx_word' id='word_1_24' title='bbox 66 484 234 558; x_wconf 76' lang='lat' dir='ltr'>septenne,</span> <span class='ocrx_word' id='word_1_25' title='bbox 248 483 299 556; x_wconf 93' lang='lat' dir='ltr'>qui</span> <span class='ocrx_word' id='word_1_26' title='bbox 323 487 351 540; x_wconf 88' lang='lat' dir='ltr'>st</span> <span class='ocrx_word' id='word_1_27' title='bbox 376 482 432 555; x_wconf 92' lang='lat' dir='ltr'>ipsi</span> <span class='ocrx_word' id='word_1_28' title='bbox 452 481 650 538; x_wconf 84' lang='lat' dir='ltr'>lustraverant</span> <span class='ocrx_word' id='word_1_29' title='bbox 665 484 784 549; x_wconf 86' lang='lat' dir='ltr'>terram,</span> <span class='ocrx_word' id='word_1_30' title='bbox 803 479 897 535; x_wconf 88' lang='lat' dir='ltr'>scide-</span> <span class='ocrx_word' id='word_1_31' title='bbox 957 496 1012 535; x_wconf 91' lang='lat' dir='ltr'>nus</span> <span class='ocrx_word' id='word_1_32' title='bbox 1043 479 1119 535; x_wconf 89' lang='lat' dir='ltr'>sicut</span> <span class='ocrx_word' id='word_1_33' title='bbox 1149 480 1237 536; x_wconf 89' lang='lat' dir='ltr'>locuti</span> <span class='ocrx_word' id='word_1_34' title='bbox 1265 480 1348 550; x_wconf 83' lang='lat' dir='ltr'>estis,</span> <span class='ocrx_word' id='word_1_35' title='bbox 1365 480 1503 538; x_wconf 88' lang='lat' dir='ltr'>audiente</span> <span class='ocrx_word' id='word_1_36' title='bbox 1529 483 1646 549; x_wconf 65' lang='lat' dir='ltr'>mesic</span> <span class='ocrx_word' id='word_1_37' title='bbox 1677 481 1781 539; x_wconf 85' lang='lat' dir='ltr'>faciam</span> 
     </span>
     <span class='ocr_line' id='line_1_4' title="bbox 69 567 1779 641; baseline -0.002 -9"><span class='ocrx_word' id='word_1_38' title='bbox 69 581 141 632; x_wconf 86' lang='lat' dir='ltr'>runt</span> <span class='ocrx_word' id='word_1_39' title='bbox 156 574 332 631; x_wconf 85' lang='lat' dir='ltr'>vestimenta</span> <span class='ocrx_word' id='word_1_40' title='bbox 346 588 411 641; x_wconf 87' lang='lat' dir='ltr'>sua,</span> <span class='ocrx_word' id='word_1_41' title='bbox 428 575 457 627; x_wconf 92' lang='lat' dir='ltr'>et</span> <span class='ocrx_word' id='word_1_42' title='bbox 483 571 519 627; x_wconf 90' lang='lat' dir='ltr'>ad</span> <span class='ocrx_word' id='word_1_43' title='bbox 545 585 661 625; x_wconf 90' lang='lat' dir='ltr'>omnem</span> <span class='ocrx_word' id='word_1_44' title='bbox 678 567 898 624; x_wconf 73' lang='lat' dir='ltr'><strong>multitudinem</strong></span> <span class='ocrx_word' id='word_1_45' title='bbox 955 568 1779 641; x_wconf 81' lang='lat' dir='ltr'>vobistnsolitudinembanejacebuntcadavernvestra.</span> 
     </span>
     <span class='ocr_line' id='line_1_5' title="bbox 67 656 1780 732; baseline -0.002 -12"><span class='ocrx_word' id='word_1_46' title='bbox 67 664 201 721; x_wconf 89' lang='lat' dir='ltr'>liliorum</span> <span class='ocrx_word' id='word_1_47' title='bbox 218 661 305 719; x_wconf 90' lang='lat' dir='ltr'>lsrael</span> <span class='ocrx_word' id='word_1_48' title='bbox 319 660 409 718; x_wconf 88' lang='lat' dir='ltr'>locuti</span> <span class='ocrx_word' id='word_1_49' title='bbox 427 663 498 716; x_wconf 88' lang='lat' dir='ltr'>sunt</span> <span class='ocrx_word' id='word_1_50' title='bbox 515 676 521 714; x_wconf 95' lang='lat'><strong>:</strong></span> <span class='ocrx_word' id='word_1_51' title='bbox 544 658 633 715; x_wconf 74' lang='lat' dir='ltr'>&#39;l&#39;srra</span> <span class='ocrx_word' id='word_1_52' title='bbox 652 674 738 728; x_wconf 91' lang='lat' dir='ltr'>quam</span> <span class='ocrx_word' id='word_1_53' title='bbox 765 656 899 713; x_wconf 89' lang='lat' dir='ltr'>circuivi·</span> <span class='ocrx_word' id='word_1_54' title='bbox 954 656 1063 714; x_wconf 82' lang='lat' dir='ltr'>Omnes</span> <span class='ocrx_word' id='word_1_55' title='bbox 1079 658 1129 729; x_wconf 91' lang='lat' dir='ltr'>qui</span> <span class='ocrx_word' id='word_1_56' title='bbox 1146 660 1291 714; x_wconf 89' lang='lat' dir='ltr'>numerati</span> <span class='ocrx_word' id='word_1_57' title='bbox 1308 660 1379 715; x_wconf 88' lang='lat' dir='ltr'>estis</span> <span class='ocrx_word' id='word_1_58' title='bbox 1394 676 1411 715; x_wconf 93' lang='lat' dir='ltr'>a</span> <span class='ocrx_word' id='word_1_59' title='bbox 1424 658 1528 731; x_wconf 89' lang='lat' dir='ltr'>viginti</span> <span class='ocrx_word' id='word_1_60' title='bbox 1543 659 1629 716; x_wconf 87' lang='lat' dir='ltr'>annis</span> <span class='ocrx_word' id='word_1_61' title='bbox 1644 664 1673 717; x_wconf 88' lang='lat' dir='ltr'>et</span> <span class='ocrx_word' id='word_1_62' title='bbox 1689 677 1780 732; x_wconf 88' lang='lat' dir='ltr'>supra</span> 
     </span>
     <span class='ocr_line' id='line_1_6' title="bbox 68 747 1777 821; baseline -0.004 -10"><span class='ocrx_word' id='word_1_63' title='bbox 68 772 150 819; x_wconf 89' lang='lat' dir='ltr'>mus,</span> <span class='ocrx_word' id='word_1_64' title='bbox 165 754 249 811; x_wconf 85' lang='lat' dir='ltr'>valde</span> <span class='ocrx_word' id='word_1_65' title='bbox 266 754 341 809; x_wconf 91' lang='lat' dir='ltr'>bona</span> <span class='ocrx_word' id='word_1_66' title='bbox 356 755 411 806; x_wconf 91' lang='lat' dir='ltr'>est.</span> <span class='ocrx_word' id='word_1_67' title='bbox 426 749 456 806; x_wconf 87' lang='lat' dir='ltr'>Si</span> <span class='ocrx_word' id='word_1_68' title='bbox 474 748 621 821; x_wconf 88' lang='lat' dir='ltr'>propitius</span> <span class='ocrx_word' id='word_1_69' title='bbox 644 747 730 803; x_wconf 85' lang='lat' dir='ltr'>luerit</span> <span class='ocrx_word' id='word_1_70' title='bbox 744 748 897 814; x_wconf 83' lang='lat' dir='ltr'>Dominus,</span> <span class='ocrx_word' id='word_1_71' title='bbox 953 752 982 802; x_wconf 91' lang='lat' dir='ltr'>st</span> <span class='ocrx_word' id='word_1_72' title='bbox 998 747 1209 803; x_wconf 87' lang='lat' dir='ltr'>murmurastis</span> <span class='ocrx_word' id='word_1_73' title='bbox 1225 753 1328 804; x_wconf 88' lang='lat' dir='ltr'>contra</span> <span class='ocrx_word' id='word_1_74' title='bbox 1342 765 1400 815; x_wconf 91' lang='lat' dir='ltr'>me,</span> <span class='ocrx_word' id='word_1_75' title='bbox 1414 765 1472 804; x_wconf 92' lang='lat' dir='ltr'>non</span> <span class='ocrx_word' id='word_1_76' title='bbox 1492 748 1642 806; x_wconf 85' lang='lat' dir='ltr'>intrabitis</span> <span class='ocrx_word' id='word_1_77' title='bbox 1658 758 1777 819; x_wconf 88' lang='lat' dir='ltr'>terram,</span> 
     </span>
     <span class='ocr_line' id='line_1_7' title="bbox 66 835 1776 909; baseline -0.005 -8"><span class='ocrx_word' id='word_1_78' title='bbox 66 845 190 902; x_wconf 85' lang='lat' dir='ltr'>inducet</span> <span class='ocrx_word' id='word_1_79' title='bbox 201 842 295 899; x_wconf 92' lang='lat' dir='ltr'>nosin</span> <span class='ocrx_word' id='word_1_80' title='bbox 307 856 382 907; x_wconf 87' lang='lat' dir='ltr'>eam,</span> <span class='ocrx_word' id='word_1_81' title='bbox 395 843 424 894; x_wconf 90' lang='lat' dir='ltr'>et</span> <span class='ocrx_word' id='word_1_82' title='bbox 435 839 531 893; x_wconf 88' lang='lat' dir='ltr'>tradet</span> <span class='ocrx_word' id='word_1_83' title='bbox 544 835 754 892; x_wconf 89' lang='lat' dir='ltr'>humumlscte</span> <span class='ocrx_word' id='word_1_84' title='bbox 769 841 797 890; x_wconf 86' lang='lat' dir='ltr'>et</span> <span class='ocrx_word' id='word_1_85' title='bbox 813 835 898 892; x_wconf 89' lang='lat' dir='ltr'>melle</span> <span class='ocrx_word' id='word_1_86' title='bbox 953 852 1142 909; x_wconf 87' lang='lat' dir='ltr'>superquam</span> <span class='ocrx_word' id='word_1_87' title='bbox 1156 836 1246 893; x_wconf 90' lang='lat' dir='ltr'>levavi</span> <span class='ocrx_word' id='word_1_88' title='bbox 1263 853 1384 892; x_wconf 89' lang='lat' dir='ltr'>manum</span> <span class='ocrx_word' id='word_1_89' title='bbox 1400 852 1495 893; x_wconf 89' lang='lat' dir='ltr'>meam</span> <span class='ocrx_word' id='word_1_90' title='bbox 1525 842 1558 893; x_wconf 90' lang='lat' dir='ltr'>ut</span> <span class='ocrx_word' id='word_1_91' title='bbox 1577 836 1776 895; x_wconf 89' lang='lat' dir='ltr'>habitarevos</span> 
     </span>
     <span class='ocr_line' id='line_1_8' title="bbox 66 923 1776 1000; baseline -0.005 -9"><span class='ocrx_word' id='word_1_92' title='bbox 66 939 251 991; x_wconf 85' lang='lat' dir='ltr'>manantem.</span> <span class='ocrx_word' id='word_1_93' title='bbox 267 929 361 985; x_wconf 77' lang='lat' dir='ltr'>Nolite</span> <span class='ocrx_word' id='word_1_94' title='bbox 384 926 507 985; x_wconf 80' lang='lat' dir='ltr'>rebelles</span> <span class='ocrx_word' id='word_1_95' title='bbox 522 942 587 983; x_wconf 89' lang='lat' dir='ltr'>esse</span> <span class='ocrx_word' id='word_1_96' title='bbox 601 929 703 982; x_wconf 87' lang='lat' dir='ltr'>contra</span> <span class='ocrx_word' id='word_1_97' title='bbox 719 923 872 981; x_wconf 88' lang='lat' dir='ltr'>Dominum</span> <span class='ocrx_word' id='word_1_98' title='bbox 889 943 896 982; x_wconf 94' lang='lat'><strong>:</strong></span> <span class='ocrx_word' id='word_1_99' title='bbox 953 926 1078 982; x_wconf 86' lang='lat' dir='ltr'>lacerem</span> <span class='ocrx_word' id='word_1_100' title='bbox 1091 927 1133 997; x_wconf 91' lang='lat' dir='ltr'>[h.</span> <span class='ocrx_word' id='word_1_101' title='bbox 1148 926 1178 980; x_wconf 92' lang='lat' dir='ltr'>in</span> <span class='ocrx_word' id='word_1_102' title='bbox 1194 926 1247 997; x_wconf 78' lang='lat' dir='ltr'>eal,</span> <span class='ocrx_word' id='word_1_103' title='bbox 1260 931 1364 997; x_wconf 83' lang='lat' dir='ltr'>preter</span> <span class='ocrx_word' id='word_1_104' title='bbox 1379 924 1487 982; x_wconf 88' lang='lat' dir='ltr'>Chaleb</span> <span class='ocrx_word' id='word_1_105' title='bbox 1502 925 1596 981; x_wconf 89' lang='lat' dir='ltr'>lilium</span> <span class='ocrx_word' id='word_1_106' title='bbox 1610 926 1776 1000; x_wconf 84' lang='lat' dir='ltr'>lephonnc,</span> 
     </span>
     <span class='ocr_line' id='line_1_9' title="bbox 66 1013 1774 1096; baseline -0.005 -15"><span class='ocrx_word' id='word_1_107' title='bbox 66 1040 165 1096; x_wconf 87' lang='lat' dir='ltr'>neque</span> <span class='ocrx_word' id='word_1_108' title='bbox 187 1021 317 1078; x_wconf 88' lang='lat' dir='ltr'>timeatis</span> <span class='ocrx_word' id='word_1_109' title='bbox 342 1016 487 1090; x_wconf 91' lang='lat' dir='ltr'>populum</span> <span class='ocrx_word' id='word_1_110' title='bbox 514 1021 597 1071; x_wconf 81' lang='lat' dir='ltr'>terre</span> <span class='ocrx_word' id='word_1_111' title='bbox 620 1014 898 1086; x_wconf 86' lang='lat' dir='ltr'>hujus,quiasicnt</span> <span class='ocrx_word' id='word_1_112' title='bbox 952 1019 981 1071; x_wconf 88' lang='lat' dir='ltr'>et</span> <span class='ocrx_word' id='word_1_113' title='bbox 1009 1014 1099 1071; x_wconf 86' lang='lat' dir='ltr'>Josue</span> <span class='ocrx_word' id='word_1_114' title='bbox 1132 1013 1225 1070; x_wconf 79' lang='lat' dir='ltr'>filium</span> <span class='ocrx_word' id='word_1_115' title='bbox 1253 1016 1329 1071; x_wconf 91' lang='lat' dir='ltr'>Nun.</span> <span class='ocrx_word' id='word_1_116' title='bbox 1356 1013 1496 1070; x_wconf 88' lang='lat' dir='ltr'>Parvulos</span> <span class='ocrx_word' id='word_1_117' title='bbox 1525 1019 1624 1071; x_wconf 90' lang='lat' dir='ltr'>autem</span> <span class='ocrx_word' id='word_1_118' title='bbox 1650 1018 1774 1084; x_wconf 86' lang='lat' dir='ltr'>vestros,</span> 
     </span>
     <span class='ocr_line' id='line_1_10' title="bbox 63 1103 1775 1185; baseline -0.006 -15"><span class='ocrx_word' id='word_1_119' title='bbox 63 1129 175 1185; x_wconf 83' lang='lat' dir='ltr'>panem</span> <span class='ocrx_word' id='word_1_120' title='bbox 202 1110 243 1168; x_wconf 88' lang='lat' dir='ltr'>ita</span> <span class='ocrx_word' id='word_1_121' title='bbox 267 1126 318 1165; x_wconf 87' lang='lat' dir='ltr'>eos</span> <span class='ocrx_word' id='word_1_122' title='bbox 347 1122 507 1179; x_wconf 91' lang='lat' dir='ltr'>possumus</span> <span class='ocrx_word' id='word_1_123' title='bbox 530 1106 677 1162; x_wconf 89' lang='lat' dir='ltr'>devorare.</span> <span class='ocrx_word' id='word_1_124' title='bbox 701 1103 830 1160; x_wconf 78' lang='lat' dir='ltr'><strong>Recessit</strong></span> <span class='ocrx_word' id='word_1_125' title='bbox 858 1103 894 1159; x_wconf 91' lang='lat' dir='ltr'>ab</span> <span class='ocrx_word' id='word_1_126' title='bbox 953 1103 1119 1176; x_wconf 89' lang='lat' dir='ltr'>dequibus</span> <span class='ocrx_word' id='word_1_127' title='bbox 1145 1104 1270 1175; x_wconf 84' lang='lat' dir='ltr'>dixistis,</span> <span class='ocrx_word' id='word_1_128' title='bbox 1287 1104 1364 1176; x_wconf 91' lang='lat' dir='ltr'>quod</span> <span class='ocrx_word' id='word_1_129' title='bbox 1390 1104 1495 1175; x_wconf 81' lang='lat' dir='ltr'>predae</span> <span class='ocrx_word' id='word_1_130' title='bbox 1509 1103 1644 1160; x_wconf 86' lang='lat' dir='ltr'>hostibus</span> <span class='ocrx_word' id='word_1_131' title='bbox 1670 1103 1775 1175; x_wconf 85' lang='lat' dir='ltr'>iurent,</span> 
     </span>
     <span class='ocr_line' id='line_1_11' title="bbox 62 1191 1774 1272; baseline -0.006 -13"><span class='ocrx_word' id='word_1_132' title='bbox 62 1202 125 1259; x_wconf 95' lang='lat' dir='ltr'>illis</span> <span class='ocrx_word' id='word_1_133' title='bbox 139 1217 228 1259; x_wconf 88' lang='lat' dir='ltr'>omne</span> <span class='ocrx_word' id='word_1_134' title='bbox 243 1197 412 1272; x_wconf 81' lang='lat' dir='ltr'>presidium</span> <span class='ocrx_word' id='word_1_135' title='bbox 426 1214 433 1252; x_wconf 75' lang='grc' dir='ltr'>ε</span> <span class='ocrx_word' id='word_1_136' title='bbox 449 1194 592 1250; x_wconf 81' lang='lat' dir='ltr'>Dominus</span> <span class='ocrx_word' id='word_1_137' title='bbox 608 1192 762 1249; x_wconf 90' lang='lat' dir='ltr'>nobiscnm</span> <span class='ocrx_word' id='word_1_138' title='bbox 774 1198 829 1259; x_wconf 90' lang='lat' dir='ltr'>est,</span> <span class='ocrx_word' id='word_1_139' title='bbox 842 1210 894 1249; x_wconf 92' lang='lat' dir='ltr'>no·</span> <span class='ocrx_word' id='word_1_140' title='bbox 952 1195 1189 1264; x_wconf 78' lang='lat' dir='ltr'>introducam,ut</span> <span class='ocrx_word' id='word_1_141' title='bbox 1200 1194 1315 1250; x_wconf 89' lang='lat' dir='ltr'>videant</span> <span class='ocrx_word' id='word_1_142' title='bbox 1326 1197 1445 1259; x_wconf 84' lang='lat' dir='ltr'>terram,</span> <span class='ocrx_word' id='word_1_143' title='bbox 1456 1191 1774 1266; x_wconf 83' lang='lat' dir='ltr'>qnaevobisdisplicuit.</span> 
     </span>
     <span class='ocr_line' id='line_1_12' title="bbox 64 1281 1777 1359; baseline -0.005 -11"><span class='ocrx_word' id='word_1_144' title='bbox 64 1293 115 1349; x_wconf 89' lang='lat' dir='ltr'>lite</span> <span class='ocrx_word' id='word_1_145' title='bbox 129 1295 273 1348; x_wconf 84' lang='lat' dir='ltr'>metuere.</span> <span class='ocrx_word' id='word_1_146' title='bbox 289 1290 423 1359; x_wconf 79' lang='lat' dir='ltr'>Cumque</span> <span class='ocrx_word' id='word_1_147' title='bbox 448 1284 584 1340; x_wconf 86' lang='lat' dir='ltr'>clamaret</span> <span class='ocrx_word' id='word_1_148' title='bbox 604 1282 699 1339; x_wconf 90' lang='lat' dir='ltr'>omnis</span> <span class='ocrx_word' id='word_1_149' title='bbox 724 1281 895 1348; x_wconf 86' lang='lat' dir='ltr'>multitudo,</span> <span class='ocrx_word' id='word_1_150' title='bbox 952 1282 1054 1339; x_wconf 85' lang='lat' dir='ltr'>Vestra</span> <span class='ocrx_word' id='word_1_151' title='bbox 1063 1283 1202 1339; x_wconf 89' lang='lat' dir='ltr'>cadavera</span> <span class='ocrx_word' id='word_1_152' title='bbox 1214 1283 1358 1354; x_wconf 81' lang='lat' dir='ltr'>J‘acebunt</span> <span class='ocrx_word' id='word_1_153' title='bbox 1370 1282 1399 1337; x_wconf 92' lang='lat' dir='ltr'>in</span> <span class='ocrx_word' id='word_1_154' title='bbox 1410 1281 1569 1339; x_wconf 81' lang='lat' dir='ltr'>solitudine</span> <span class='ocrx_word' id='word_1_155' title='bbox 1581 1281 1621 1355; x_wconf 89' lang='lat' dir='ltr'>[b.</span> <span class='ocrx_word' id='word_1_156' title='bbox 1632 1282 1662 1337; x_wconf 91' lang='lat' dir='ltr'>in</span> <span class='ocrx_word' id='word_1_157' title='bbox 1674 1281 1777 1340; x_wconf 89' lang='lat' dir='ltr'>solitu·</span> 
     </span>
     <span class='ocr_line' id='line_1_13' title="bbox 63 1370 1776 1454; baseline -0.007 -14"><span class='ocrx_word' id='word_1_158' title='bbox 63 1392 95 1440; x_wconf 88' lang='lat' dir='ltr'>st</span> <span class='ocrx_word' id='word_1_159' title='bbox 108 1381 259 1454; x_wconf 80' lang='lat' dir='ltr'>lapidibus</span> <span class='ocrx_word' id='word_1_160' title='bbox 282 1393 332 1433; x_wconf 88' lang='lat' dir='ltr'>eos</span> <span class='ocrx_word' id='word_1_161' title='bbox 347 1374 433 1430; x_wconf 84' lang='lat' dir='ltr'>vellat</span> <span class='ocrx_word' id='word_1_162' title='bbox 458 1372 634 1445; x_wconf 84' lang='lat' dir='ltr'>opprimere,</span> <span class='ocrx_word' id='word_1_163' title='bbox 651 1371 789 1444; x_wconf 90' lang='lat' dir='ltr'>apparuit</span> <span class='ocrx_word' id='word_1_164' title='bbox 803 1370 896 1443; x_wconf 86' lang='lat' dir='ltr'>gloria</span> <span class='ocrx_word' id='word_1_165' title='bbox 951 1371 1018 1427; x_wconf 92' lang='lat' dir='ltr'>dine</span> <span class='ocrx_word' id='word_1_166' title='bbox 1030 1373 1107 1442; x_wconf 90' lang='lat' dir='ltr'>ista].</span> <span class='ocrx_word' id='word_1_167' title='bbox 1120 1372 1184 1427; x_wconf 88' lang='lat' dir='ltr'>Filii</span> <span class='ocrx_word' id='word_1_168' title='bbox 1196 1373 1285 1428; x_wconf 89' lang='lat' dir='ltr'>vestri</span> <span class='ocrx_word' id='word_1_169' title='bbox 1295 1376 1382 1428; x_wconf 91' lang='lat' dir='ltr'>erunt</span> <span class='ocrx_word' id='word_1_170' title='bbox 1392 1371 1454 1443; x_wconf 88' lang='lat' dir='ltr'>vagi</span> <span class='ocrx_word' id='word_1_171' title='bbox 1465 1371 1508 1443; x_wconf 82' lang='lat' dir='ltr'>lb.</span> <span class='ocrx_word' id='word_1_172' title='bbox 1522 1372 1665 1443; x_wconf 84' lang='lat' dir='ltr'>pastores]</span> <span class='ocrx_word' id='word_1_173' title='bbox 1679 1371 1710 1427; x_wconf 93' lang='lat' dir='ltr'>in</span> <span class='ocrx_word' id='word_1_174' title='bbox 1724 1372 1776 1428; x_wconf 92' lang='lat' dir='ltr'>de-</span> 
     </span>
     <span class='ocr_line' id='line_1_14' title="bbox 66 1459 1776 1540; baseline -0.006 -12"><span class='ocrx_word' id='word_1_175' title='bbox 66 1470 185 1527; x_wconf 91' lang='lat' dir='ltr'>Domini</span> <span class='ocrx_word' id='word_1_176' title='bbox 210 1484 299 1540; x_wconf 86' lang='lat' dir='ltr'>super</span> <span class='ocrx_word' id='word_1_177' title='bbox 321 1469 431 1522; x_wconf 90' lang='lat' dir='ltr'>tectum</span> <span class='ocrx_word' id='word_1_178' title='bbox 456 1460 624 1531; x_wconf 75' lang='lat' dir='ltr'>loederislb.</span> <span class='ocrx_word' id='word_1_179' title='bbox 648 1460 678 1515; x_wconf 93' lang='lat' dir='ltr'>in</span> <span class='ocrx_word' id='word_1_180' title='bbox 705 1460 895 1516; x_wconf 86' lang='lat' dir='ltr'>tabernaculo</span> <span class='ocrx_word' id='word_1_181' title='bbox 951 1466 1028 1516; x_wconf 88' lang='lat' dir='ltr'>serto</span> <span class='ocrx_word' id='word_1_182' title='bbox 1043 1461 1110 1515; x_wconf 91' lang='lat' dir='ltr'>unni</span> <span class='ocrx_word' id='word_1_183' title='bbox 1127 1461 1369 1533; x_wconf 82' lang='lat' dir='ltr'>quadraginta,et</span> <span class='ocrx_word' id='word_1_184' title='bbox 1383 1459 1542 1533; x_wconf 89' lang='lat' dir='ltr'>portabunt</span> <span class='ocrx_word' id='word_1_185' title='bbox 1554 1460 1776 1517; x_wconf 78' lang='lat' dir='ltr'>fornicationem</span> 
     </span>
    </p>
   </div>
   <div class='ocr_carea' id='block_1_3' title="bbox 65 1548 1870 1630">
    <p class='ocr_par' dir='ltr' id='par_1_3' title="bbox 65 1548 1870 1630">
     <span class='ocr_line' id='line_1_15' title="bbox 65 1548 1870 1630; baseline -0.007 -14"><span class='ocrx_word' id='word_1_186' title='bbox 65 1559 198 1630; x_wconf 81' lang='lat' dir='ltr'>loederis]</span> <span class='ocrx_word' id='word_1_187' title='bbox 225 1555 340 1614; x_wconf 88' lang='lat' dir='ltr'>cunctis</span> <span class='ocrx_word' id='word_1_188' title='bbox 370 1552 438 1607; x_wconf 87' lang='lat' dir='ltr'>illiis</span> <span class='ocrx_word' id='word_1_189' title='bbox 469 1548 895 1621; x_wconf 81' lang='lat' dir='ltr'>lsrael.[D.XXllV.]tltdixit</span> <span class='ocrx_word' id='word_1_190' title='bbox 949 1549 1198 1615; x_wconf 86' lang='lat' dir='ltr'>vestram‚donsc</span> <span class='ocrx_word' id='word_1_191' title='bbox 1222 1550 1777 1621; x_wconf 85' lang='lat' dir='ltr'>consumenturcadavera[b.vestra]</span> <span class='ocrx_word' id='word_1_192' title='bbox 1867 1548 1870 1553; x_wconf 85' lang='lat'>&#39;</span> 
     </span>
    </p>
   </div>
   <div class='ocr_carea' id='block_1_4' title="bbox 62 1637 1856 3225">
    <p class='ocr_par' dir='ltr' id='par_1_4' title="bbox 62 1637 1856 3225">
     <span class='ocr_line' id='line_1_16' title="bbox 65 1637 1856 1717; baseline -0.006 -12"><span class='ocrx_word' id='word_1_193' title='bbox 65 1649 210 1705; x_wconf 85' lang='lat' dir='ltr'>Dominus</span> <span class='ocrx_word' id='word_1_194' title='bbox 225 1645 261 1701; x_wconf 92' lang='lat' dir='ltr'>ad</span> <span class='ocrx_word' id='word_1_195' title='bbox 277 1644 401 1699; x_wconf 82' lang='lat' dir='ltr'>Mosen:</span> <span class='ocrx_word' id='word_1_196' title='bbox 427 1640 586 1711; x_wconf 91' lang='lat' dir='ltr'>Usqueqao</span> <span class='ocrx_word' id='word_1_197' title='bbox 606 1638 737 1694; x_wconf 78' lang='lat' dir='ltr'><strong>detrahet</strong></span> <span class='ocrx_word' id='word_1_198' title='bbox 754 1637 827 1693; x_wconf 91' lang='lat' dir='ltr'>mihi</span> <span class='ocrx_word' id='word_1_199' title='bbox 843 1654 895 1708; x_wconf 91' lang='lat' dir='ltr'>po·</span> <span class='ocrx_word' id='word_1_200' title='bbox 949 1643 1066 1708; x_wconf 81' lang='lat' dir='ltr'>patrum</span> <span class='ocrx_word' id='word_1_201' title='bbox 1092 1638 1121 1693; x_wconf 94' lang='lat' dir='ltr'>in</span> <span class='ocrx_word' id='word_1_202' title='bbox 1146 1639 1273 1707; x_wconf 81' lang='lat' dir='ltr'>desorto,</span> <span class='ocrx_word' id='word_1_203' title='bbox 1293 1639 1375 1709; x_wconf 83' lang='lat' dir='ltr'>justa</span> <span class='ocrx_word' id='word_1_204' title='bbox 1401 1653 1558 1694; x_wconf 90' lang='lat' dir='ltr'>numerum</span> <span class='ocrx_word' id='word_1_205' title='bbox 1583 1637 1778 1711; x_wconf 82' lang='lat' dir='ltr'>quadraginta</span> <span class='ocrx_word' id='word_1_206' title='bbox 1849 1704 1856 1717; x_wconf 37' lang='grc' dir='ltr'><strong><em>ι</em></strong></span> 
     </span>
     <span class='ocr_line' id='line_1_17' title="bbox 63 1726 1775 1819; baseline -0.005 -26"><span class='ocrx_word' id='word_1_207' title='bbox 63 1737 155 1810; x_wconf 90' lang='lat' dir='ltr'>pulus</span> <span class='ocrx_word' id='word_1_208' title='bbox 170 1733 250 1791; x_wconf 87' lang='lat' dir='ltr'>iste‘l</span> <span class='ocrx_word' id='word_1_209' title='bbox 265 1733 423 1802; x_wconf 79' lang='lat' dir='ltr'>Quousque</span> <span class='ocrx_word' id='word_1_210' title='bbox 438 1744 495 1784; x_wconf 90' lang='lat' dir='ltr'>non</span> <span class='ocrx_word' id='word_1_211' title='bbox 511 1728 631 1784; x_wconf 90' lang='lat' dir='ltr'>credent</span> <span class='ocrx_word' id='word_1_212' title='bbox 646 1726 727 1796; x_wconf 88' lang='lat' dir='ltr'>mibi,</span> <span class='ocrx_word' id='word_1_213' title='bbox 744 1727 772 1781; x_wconf 92' lang='lat' dir='ltr'>iu</span> <span class='ocrx_word' id='word_1_214' title='bbox 796 1726 893 1782; x_wconf 90' lang='lat' dir='ltr'>omni·</span> <span class='ocrx_word' id='word_1_215' title='bbox 909 1754 933 1819; x_wconf 78' lang='lat' dir='ltr'>B</span> <span class='ocrx_word' id='word_1_216' title='bbox 949 1727 1075 1794; x_wconf 88' lang='lat' dir='ltr'>dierum,</span> <span class='ocrx_word' id='word_1_217' title='bbox 1092 1728 1200 1799; x_wconf 93' lang='lat' dir='ltr'>quibus</span> <span class='ocrx_word' id='word_1_218' title='bbox 1219 1727 1426 1784; x_wconf 80' lang='lat' dir='ltr'>considerastis</span> <span class='ocrx_word' id='word_1_219' title='bbox 1442 1732 1550 1784; x_wconf 87' lang='lat' dir='ltr'>terram</span> <span class='ocrx_word' id='word_1_220' title='bbox 1568 1745 1575 1783; x_wconf 92' lang='lat'><strong>:</strong></span> <span class='ocrx_word' id='word_1_221' title='bbox 1603 1744 1698 1783; x_wconf 91' lang='lat' dir='ltr'>annus</span> <span class='ocrx_word' id='word_1_222' title='bbox 1722 1742 1775 1800; x_wconf 88' lang='lat' dir='ltr'>pro</span> 
     </span>
     <span class='ocr_line' id='line_1_18' title="bbox 62 1815 1775 1898; baseline -0.006 -15"><span class='ocrx_word' id='word_1_223' title='bbox 62 1828 120 1883; x_wconf 93' lang='lat' dir='ltr'>bus</span> <span class='ocrx_word' id='word_1_224' title='bbox 134 1824 242 1898; x_wconf 86' lang='lat' dir='ltr'>signis,</span> <span class='ocrx_word' id='word_1_225' title='bbox 259 1838 324 1895; x_wconf 81' lang='lat' dir='ltr'>qus</span> <span class='ocrx_word' id='word_1_226' title='bbox 342 1820 396 1877; x_wconf 85' lang='lat' dir='ltr'>ieci</span> <span class='ocrx_word' id='word_1_227' title='bbox 412 1833 511 1875; x_wconf 87' lang='lat' dir='ltr'>coram</span> <span class='ocrx_word' id='word_1_228' title='bbox 527 1816 593 1873; x_wconf 84' lang='lat' dir='ltr'>eis‘l</span> <span class='ocrx_word' id='word_1_229' title='bbox 610 1816 721 1872; x_wconf 82' lang='lat' dir='ltr'>Feriam</span> <span class='ocrx_word' id='word_1_230' title='bbox 737 1816 830 1888; x_wconf 86' lang='lat' dir='ltr'>igitur</span> <span class='ocrx_word' id='word_1_231' title='bbox 845 1833 894 1872; x_wconf 91' lang='lat' dir='ltr'>eos</span> <span class='ocrx_word' id='word_1_232' title='bbox 949 1816 996 1871; x_wconf 90' lang='lat' dir='ltr'>die</span> <span class='ocrx_word' id='word_1_233' title='bbox 1018 1815 1221 1888; x_wconf 78' lang='lat' dir='ltr'>imputabitur.</span> <span class='ocrx_word' id='word_1_234' title='bbox 1238 1819 1275 1872; x_wconf 85' lang='lat' dir='ltr'>Et</span> <span class='ocrx_word' id='word_1_235' title='bbox 1301 1816 1341 1889; x_wconf 91' lang='lat' dir='ltr'>[h.</span> <span class='ocrx_word' id='word_1_236' title='bbox 1367 1832 1424 1872; x_wconf 93' lang='lat' dir='ltr'>non</span> <span class='ocrx_word' id='word_1_237' title='bbox 1450 1816 1548 1888; x_wconf 87' lang='lat' dir='ltr'>habet]</span> <span class='ocrx_word' id='word_1_238' title='bbox 1578 1816 1775 1890; x_wconf 81' lang='lat' dir='ltr'>quadraginta</span> 
     </span>
     <span class='ocr_line' id='line_1_19' title="bbox 63 1904 1775 1989; baseline -0.006 -18"><span class='ocrx_word' id='word_1_239' title='bbox 63 1913 245 1989; x_wconf 84' lang='lat' dir='ltr'>pestilentia,</span> <span class='ocrx_word' id='word_1_240' title='bbox 276 1915 365 1981; x_wconf 90' lang='lat' dir='ltr'>atque</span> <span class='ocrx_word' id='word_1_241' title='bbox 388 1922 588 1965; x_wconf 88' lang='lat' dir='ltr'>consumam:</span> <span class='ocrx_word' id='word_1_242' title='bbox 615 1909 642 1961; x_wconf 91' lang='lat' dir='ltr'>te</span> <span class='ocrx_word' id='word_1_243' title='bbox 667 1910 764 1961; x_wconf 87' lang='lat' dir='ltr'>autem</span> <span class='ocrx_word' id='word_1_244' title='bbox 789 1904 894 1961; x_wconf 89' lang='lat' dir='ltr'>luciam</span> <span class='ocrx_word' id='word_1_245' title='bbox 950 1905 1035 1961; x_wconf 91' lang='lat' dir='ltr'>annis</span> <span class='ocrx_word' id='word_1_246' title='bbox 1073 1904 1220 1976; x_wconf 85' lang='lat' dir='ltr'>recipietis</span> <span class='ocrx_word' id='word_1_247' title='bbox 1255 1904 1426 1978; x_wconf 84' lang='lat' dir='ltr'>iniquitates</span> <span class='ocrx_word' id='word_1_248' title='bbox 1452 1910 1582 1972; x_wconf 89' lang='lat' dir='ltr'>vestras,</span> <span class='ocrx_word' id='word_1_249' title='bbox 1611 1909 1641 1961; x_wconf 88' lang='lat' dir='ltr'>et</span> <span class='ocrx_word' id='word_1_250' title='bbox 1674 1905 1775 1962; x_wconf 89' lang='lat' dir='ltr'>scietis</span> 
     </span>
     <span class='ocr_line' id='line_1_20' title="bbox 63 1991 1775 2077; baseline -0.005 -18"><span class='ocrx_word' id='word_1_251' title='bbox 63 2003 229 2077; x_wconf 89' lang='lat' dir='ltr'>prinoipem</span> <span class='ocrx_word' id='word_1_252' title='bbox 252 2015 342 2071; x_wconf 90' lang='lat' dir='ltr'>super</span> <span class='ocrx_word' id='word_1_253' title='bbox 365 2001 483 2068; x_wconf 87' lang='lat' dir='ltr'>gentem</span> <span class='ocrx_word' id='word_1_254' title='bbox 510 2010 658 2067; x_wconf 87' lang='lat' dir='ltr'>magnam,</span> <span class='ocrx_word' id='word_1_255' title='bbox 679 1998 708 2049; x_wconf 91' lang='lat' dir='ltr'>et</span> <span class='ocrx_word' id='word_1_256' title='bbox 732 1994 894 2061; x_wconf 84' lang='lat' dir='ltr'>lentiorem,</span> <span class='ocrx_word' id='word_1_257' title='bbox 951 1993 1092 2050; x_wconf 89' lang='lat' dir='ltr'>ultionem</span> <span class='ocrx_word' id='word_1_258' title='bbox 1113 2010 1233 2050; x_wconf 90' lang='lat' dir='ltr'>meam:</span> <span class='ocrx_word' id='word_1_259' title='bbox 1260 1994 1399 2067; x_wconf 89' lang='lat' dir='ltr'>quoniam</span> <span class='ocrx_word' id='word_1_260' title='bbox 1416 1991 1717 2064; x_wconf 86' lang='lat' dir='ltr'>sicutlocutussum,</span> <span class='ocrx_word' id='word_1_261' title='bbox 1733 1994 1775 2050; x_wconf 86' lang='lat' dir='ltr'>ita</span> 
     </span>
     <span class='ocr_line' id='line_1_21' title="bbox 64 2082 1774 2166; baseline -0.005 -18"><span class='ocrx_word' id='word_1_262' title='bbox 64 2108 156 2166; x_wconf 85' lang='lat' dir='ltr'>quam</span> <span class='ocrx_word' id='word_1_263' title='bbox 171 2091 234 2146; x_wconf 81' lang='lat' dir='ltr'>bec</span> <span class='ocrx_word' id='word_1_264' title='bbox 249 2094 294 2145; x_wconf 86' lang='lat' dir='ltr'>est</span> <span class='ocrx_word' id='word_1_265' title='bbox 309 2088 351 2158; x_wconf 90' lang='lat' dir='ltr'>[b.</span> <span class='ocrx_word' id='word_1_266' title='bbox 366 2087 406 2142; x_wconf 80' lang='lat' dir='ltr'>&#39;le</span> <span class='ocrx_word' id='word_1_267' title='bbox 420 2089 519 2140; x_wconf 86' lang='lat' dir='ltr'>sutem</span> <span class='ocrx_word' id='word_1_268' title='bbox 536 2082 639 2139; x_wconf 85' lang='lat' dir='ltr'>iscium</span> <span class='ocrx_word' id='word_1_269' title='bbox 653 2083 684 2138; x_wconf 92' lang='lat' dir='ltr'>in</span> <span class='ocrx_word' id='word_1_270' title='bbox 700 2088 816 2155; x_wconf 90' lang='lat' dir='ltr'>gentem</span> <span class='ocrx_word' id='word_1_271' title='bbox 834 2099 895 2139; x_wconf 90' lang='lat' dir='ltr'>ma·</span> <span class='ocrx_word' id='word_1_272' title='bbox 950 2083 1052 2139; x_wconf 85' lang='lat' dir='ltr'>luciam</span> <span class='ocrx_word' id='word_1_273' title='bbox 1069 2084 1149 2139; x_wconf 81' lang='lat' dir='ltr'>cinni</span> <span class='ocrx_word' id='word_1_274' title='bbox 1165 2082 1347 2139; x_wconf 90' lang='lat' dir='ltr'>multitudini</span> <span class='ocrx_word' id='word_1_275' title='bbox 1362 2084 1432 2139; x_wconf 91' lang='lat' dir='ltr'>buic</span> <span class='ocrx_word' id='word_1_276' title='bbox 1448 2083 1592 2156; x_wconf 86' lang='lat' dir='ltr'>pessime,</span> <span class='ocrx_word' id='word_1_277' title='bbox 1609 2098 1672 2156; x_wconf 79' lang='lat' dir='ltr'>quac</span> <span class='ocrx_word' id='word_1_278' title='bbox 1702 2099 1774 2140; x_wconf 90' lang='lat' dir='ltr'>oon·</span> 
     </span>
     <span class='ocr_line' id='line_1_22' title="bbox 68 2171 1777 2255; baseline -0.005 -18"><span class='ocrx_word' id='word_1_279' title='bbox 68 2197 155 2255; x_wconf 82' lang='lat' dir='ltr'>gnam</span> <span class='ocrx_word' id='word_1_280' title='bbox 172 2184 202 2235; x_wconf 83' lang='lat' dir='ltr'>et</span> <span class='ocrx_word' id='word_1_281' title='bbox 218 2178 379 2244; x_wconf 70' lang='lat' dir='ltr'>iuniorem,</span> <span class='ocrx_word' id='word_1_282' title='bbox 404 2190 493 2246; x_wconf 88' lang='lat' dir='ltr'>quum</span> <span class='ocrx_word' id='word_1_283' title='bbox 519 2172 581 2229; x_wconf 82' lang='lat' dir='ltr'>bec</span> <span class='ocrx_word' id='word_1_284' title='bbox 605 2175 671 2242; x_wconf 89' lang='lat' dir='ltr'>cst].</span> <span class='ocrx_word' id='word_1_285' title='bbox 698 2172 740 2243; x_wconf 85' lang='lat' dir='ltr'>[C.</span> <span class='ocrx_word' id='word_1_286' title='bbox 759 2171 895 2244; x_wconf 66' lang='lat' dir='ltr'>xxvnm</span> <span class='ocrx_word' id='word_1_287' title='bbox 950 2172 1076 2229; x_wconf 79' lang='lat' dir='ltr'>surrexit</span> <span class='ocrx_word' id='word_1_288' title='bbox 1091 2172 1246 2228; x_wconf 88' lang='lat' dir='ltr'>advorsum</span> <span class='ocrx_word' id='word_1_289' title='bbox 1262 2188 1309 2229; x_wconf 92' lang='lat' dir='ltr'>me</span> <span class='ocrx_word' id='word_1_290' title='bbox 1328 2188 1334 2228; x_wconf 75' lang='grc' dir='ltr'><em>ι</em></span> <span class='ocrx_word' id='word_1_291' title='bbox 1353 2173 1382 2228; x_wconf 93' lang='lat' dir='ltr'>in</span> <span class='ocrx_word' id='word_1_292' title='bbox 1398 2172 1558 2229; x_wconf 88' lang='lat' dir='ltr'>solitudine</span> <span class='ocrx_word' id='word_1_293' title='bbox 1581 2172 1636 2229; x_wconf 88' lang='lat' dir='ltr'>bae</span> <span class='ocrx_word' id='word_1_294' title='bbox 1660 2171 1777 2228; x_wconf 88' lang='lat' dir='ltr'>delloiet</span> 
     </span>
     <span class='ocr_line' id='line_1_23' title="bbox 69 2260 1776 2335; baseline -0.006 -8"><span class='ocrx_word' id='word_1_295' title='bbox 69 2261 896 2335; x_wconf 71' lang='lat' dir='ltr'>EtsitldcsessdDominnm:UtsudiantAEgyptiide</span> <span class='ocrx_word' id='word_1_296' title='bbox 950 2267 980 2317; x_wconf 92' lang='lat' dir='ltr'>et</span> <span class='ocrx_word' id='word_1_297' title='bbox 1008 2262 1159 2318; x_wconf 90' lang='lat' dir='ltr'>morietur.</span> <span class='ocrx_word' id='word_1_298' title='bbox 1190 2262 1232 2331; x_wconf 89' lang='lat' dir='ltr'>[C.</span> <span class='ocrx_word' id='word_1_299' title='bbox 1261 2261 1329 2334; x_wconf 84' lang='lat' dir='ltr'>Xl..]</span> <span class='ocrx_word' id='word_1_300' title='bbox 1356 2261 1449 2334; x_wconf 87' lang='lat' dir='ltr'>igitur</span> <span class='ocrx_word' id='word_1_301' title='bbox 1475 2277 1578 2317; x_wconf 89' lang='lat' dir='ltr'>omnes</span> <span class='ocrx_word' id='word_1_302' title='bbox 1606 2260 1671 2328; x_wconf 88' lang='lat' dir='ltr'>viri,</span> <span class='ocrx_word' id='word_1_303' title='bbox 1701 2276 1776 2333; x_wconf 91' lang='lat' dir='ltr'>quos</span> 
     </span>
     <span class='ocr_line' id='line_1_24' title="bbox 72 2349 1775 2432; baseline -0.006 -17"><span class='ocrx_word' id='word_1_304' title='bbox 72 2373 196 2432; x_wconf 89' lang='lat' dir='ltr'>qnorum</span> <span class='ocrx_word' id='word_1_305' title='bbox 213 2354 309 2412; x_wconf 88' lang='lat' dir='ltr'>medio</span> <span class='ocrx_word' id='word_1_306' title='bbox 324 2353 449 2409; x_wconf 85' lang='lat' dir='ltr'>eduxisti</span> <span class='ocrx_word' id='word_1_307' title='bbox 463 2350 605 2424; x_wconf 89' lang='lat' dir='ltr'>pupulum</span> <span class='ocrx_word' id='word_1_308' title='bbox 622 2350 723 2417; x_wconf 90' lang='lat' dir='ltr'>istum,</span> <span class='ocrx_word' id='word_1_309' title='bbox 739 2358 768 2406; x_wconf 90' lang='lat' dir='ltr'>et</span> <span class='ocrx_word' id='word_1_310' title='bbox 782 2352 896 2410; x_wconf 89' lang='lat' dir='ltr'>babita-</span> <span class='ocrx_word' id='word_1_311' title='bbox 951 2349 1073 2406; x_wconf 85' lang='lat' dir='ltr'>miserat</span> <span class='ocrx_word' id='word_1_312' title='bbox 1088 2349 1183 2406; x_wconf 83' lang='lat' dir='ltr'>Moses</span> <span class='ocrx_word' id='word_1_313' title='bbox 1204 2350 1239 2407; x_wconf 89' lang='lat' dir='ltr'>ad</span> <span class='ocrx_word' id='word_1_314' title='bbox 1264 2350 1522 2423; x_wconf 85' lang='lat' dir='ltr'>contemplandam</span> <span class='ocrx_word' id='word_1_315' title='bbox 1545 2355 1665 2420; x_wconf 88' lang='lat' dir='ltr'>terram,</span> <span class='ocrx_word' id='word_1_316' title='bbox 1681 2349 1775 2421; x_wconf 88' lang='lat' dir='ltr'>etqui</span> 
     </span>
     <span class='ocr_line' id='line_1_25' title="bbox 71 2438 1776 2515; baseline -0.006 -9"><span class='ocrx_word' id='word_1_317' title='bbox 71 2456 148 2506; x_wconf 78' lang='lat' dir='ltr'>tores</span> <span class='ocrx_word' id='word_1_318' title='bbox 164 2452 248 2502; x_wconf 76' lang='lat' dir='ltr'>terre</span> <span class='ocrx_word' id='word_1_319' title='bbox 266 2445 367 2515; x_wconf 73' lang='lat' dir='ltr'>butus,</span> <span class='ocrx_word' id='word_1_320' title='bbox 379 2443 429 2511; x_wconf 92' lang='lat' dir='ltr'>qui</span> <span class='ocrx_word' id='word_1_321' title='bbox 444 2441 600 2498; x_wconf 89' lang='lat' dir='ltr'>audierunt</span> <span class='ocrx_word' id='word_1_322' title='bbox 614 2441 691 2512; x_wconf 91' lang='lat' dir='ltr'>quod</span> <span class='ocrx_word' id='word_1_323' title='bbox 710 2444 752 2509; x_wconf 91' lang='lat' dir='ltr'>tu,</span> <span class='ocrx_word' id='word_1_324' title='bbox 764 2443 895 2511; x_wconf 84' lang='lat' dir='ltr'>Domine,</span> <span class='ocrx_word' id='word_1_325' title='bbox 950 2438 1057 2496; x_wconf 84' lang='lat' dir='ltr'>reversi</span> <span class='ocrx_word' id='word_1_326' title='bbox 1078 2455 1264 2496; x_wconf 83' lang='lat' dir='ltr'>murmurare</span> <span class='ocrx_word' id='word_1_327' title='bbox 1288 2439 1418 2496; x_wconf 86' lang='lat' dir='ltr'>lecerunt</span> <span class='ocrx_word' id='word_1_328' title='bbox 1442 2443 1542 2496; x_wconf 83' lang='lat' dir='ltr'>contra</span> <span class='ocrx_word' id='word_1_329' title='bbox 1565 2455 1633 2495; x_wconf 90' lang='lat' dir='ltr'>eum</span> <span class='ocrx_word' id='word_1_330' title='bbox 1657 2454 1776 2495; x_wconf 88' lang='lat' dir='ltr'>omnem</span> 
     </span>
     <span class='ocr_line' id='line_1_26' title="bbox 73 2527 1776 2607; baseline -0.004 -17"><span class='ocrx_word' id='word_1_331' title='bbox 73 2535 100 2590; x_wconf 93' lang='lat' dir='ltr'>in</span> <span class='ocrx_word' id='word_1_332' title='bbox 114 2531 227 2607; x_wconf 88' lang='lat' dir='ltr'>populo</span> <span class='ocrx_word' id='word_1_333' title='bbox 250 2531 308 2587; x_wconf 88' lang='lat' dir='ltr'>isto</span> <span class='ocrx_word' id='word_1_334' title='bbox 328 2530 381 2598; x_wconf 87' lang='lat' dir='ltr'>sis,</span> <span class='ocrx_word' id='word_1_335' title='bbox 392 2533 421 2585; x_wconf 93' lang='lat' dir='ltr'>et</span> <span class='ocrx_word' id='word_1_336' title='bbox 436 2528 508 2584; x_wconf 88' lang='lat' dir='ltr'>lucie</span> <span class='ocrx_word' id='word_1_337' title='bbox 522 2527 648 2584; x_wconf 82' lang='lat' dir='ltr'>videaris</span> <span class='ocrx_word' id='word_1_338' title='bbox 672 2529 706 2582; x_wconf 84' lang='lat' dir='ltr'>ad</span> <span class='ocrx_word' id='word_1_339' title='bbox 732 2528 844 2585; x_wconf 78' lang='lat' dir='ltr'>sociem.</span> <span class='ocrx_word' id='word_1_340' title='bbox 862 2531 897 2587; x_wconf 81' lang='lat' dir='ltr'>ut</span> <span class='ocrx_word' id='word_1_341' title='bbox 952 2527 1182 2596; x_wconf 90' lang='lat' dir='ltr'>multitudinem,</span> <span class='ocrx_word' id='word_1_342' title='bbox 1200 2529 1386 2586; x_wconf 88' lang='lat' dir='ltr'>detrahentes</span> <span class='ocrx_word' id='word_1_343' title='bbox 1401 2533 1485 2585; x_wconf 82' lang='lat' dir='ltr'>terre</span> <span class='ocrx_word' id='word_1_344' title='bbox 1501 2528 1579 2601; x_wconf 91' lang='lat' dir='ltr'>quod</span> <span class='ocrx_word' id='word_1_345' title='bbox 1594 2531 1672 2585; x_wconf 86' lang='lat' dir='ltr'>esset</span> <span class='ocrx_word' id='word_1_346' title='bbox 1686 2527 1776 2599; x_wconf 85' lang='lat' dir='ltr'>mala,</span> 
     </span>
     <span class='ocr_line' id='line_1_27' title="bbox 73 2615 1775 2692; baseline -0.004 -13"><span class='ocrx_word' id='word_1_347' title='bbox 73 2625 164 2679; x_wconf 86' lang='lat' dir='ltr'>nubes</span> <span class='ocrx_word' id='word_1_348' title='bbox 175 2627 228 2678; x_wconf 90' lang='lat' dir='ltr'>tua</span> <span class='ocrx_word' id='word_1_349' title='bbox 242 2622 377 2692; x_wconf 81' lang='lat' dir='ltr'>protegat</span> <span class='ocrx_word' id='word_1_350' title='bbox 392 2617 468 2687; x_wconf 87' lang='lat' dir='ltr'>illos,</span> <span class='ocrx_word' id='word_1_351' title='bbox 480 2622 509 2673; x_wconf 91' lang='lat' dir='ltr'>et</span> <span class='ocrx_word' id='word_1_352' title='bbox 522 2616 551 2671; x_wconf 90' lang='lat' dir='ltr'>in</span> <span class='ocrx_word' id='word_1_353' title='bbox 568 2615 705 2672; x_wconf 88' lang='lat' dir='ltr'>columne</span> <span class='ocrx_word' id='word_1_354' title='bbox 720 2619 807 2675; x_wconf 87' lang='lat' dir='ltr'>nubis</span> <span class='ocrx_word' id='word_1_355' title='bbox 823 2636 896 2691; x_wconf 85' lang='lat' dir='ltr'>prae·</span> <span class='ocrx_word' id='word_1_356' title='bbox 952 2617 1059 2673; x_wconf 84' lang='lat' dir='ltr'>vnortui</span> <span class='ocrx_word' id='word_1_357' title='bbox 1078 2622 1148 2672; x_wconf 86' lang='lat' dir='ltr'>sunt</span> <span class='ocrx_word' id='word_1_358' title='bbox 1170 2622 1258 2689; x_wconf 87' lang='lat' dir='ltr'>etque</span> <span class='ocrx_word' id='word_1_359' title='bbox 1279 2617 1411 2691; x_wconf 79' lang='lat' dir='ltr'>percussi</span> <span class='ocrx_word' id='word_1_360' title='bbox 1428 2618 1456 2672; x_wconf 91' lang='lat' dir='ltr'>in</span> <span class='ocrx_word' id='word_1_361' title='bbox 1473 2621 1632 2689; x_wconf 91' lang='lat' dir='ltr'>conspectu</span> <span class='ocrx_word' id='word_1_362' title='bbox 1649 2616 1775 2673; x_wconf 88' lang='lat' dir='ltr'>Domini.</span> 
     </span>
     <span class='ocr_line' id='line_1_28' title="bbox 73 2705 1776 2782; baseline -0.004 -15"><span class='ocrx_word' id='word_1_363' title='bbox 73 2708 446 2782; x_wconf 85' lang='lat' dir='ltr'>cedsseosperdiem,etin</span> <span class='ocrx_word' id='word_1_364' title='bbox 457 2705 596 2762; x_wconf 90' lang='lat' dir='ltr'>columna</span> <span class='ocrx_word' id='word_1_365' title='bbox 607 2705 685 2778; x_wconf 92' lang='lat' dir='ltr'>ignis</span> <span class='ocrx_word' id='word_1_366' title='bbox 697 2723 748 2779; x_wconf 90' lang='lat' dir='ltr'>per</span> <span class='ocrx_word' id='word_1_367' title='bbox 759 2713 893 2765; x_wconf 85' lang='lat' dir='ltr'>noctem:</span> <span class='ocrx_word' id='word_1_368' title='bbox 949 2706 1038 2762; x_wconf 89' lang='lat' dir='ltr'>Josue</span> <span class='ocrx_word' id='word_1_369' title='bbox 1052 2711 1151 2762; x_wconf 86' lang='lat' dir='ltr'>autem</span> <span class='ocrx_word' id='word_1_370' title='bbox 1167 2705 1246 2763; x_wconf 91' lang='lat' dir='ltr'>lilius</span> <span class='ocrx_word' id='word_1_371' title='bbox 1261 2706 1338 2777; x_wconf 89' lang='lat' dir='ltr'>Nun,</span> <span class='ocrx_word' id='word_1_372' title='bbox 1354 2712 1384 2762; x_wconf 90' lang='lat' dir='ltr'>et</span> <span class='ocrx_word' id='word_1_373' title='bbox 1396 2706 1503 2762; x_wconf 83' lang='lat' dir='ltr'>Chaleb</span> <span class='ocrx_word' id='word_1_374' title='bbox 1518 2705 1599 2761; x_wconf 90' lang='lat' dir='ltr'>tilius</span> <span class='ocrx_word' id='word_1_375' title='bbox 1612 2705 1776 2777; x_wconf 86' lang='lat' dir='ltr'>lephoune,</span> 
     </span>
     <span class='ocr_line' id='line_1_29' title="bbox 74 2793 1776 2873; baseline -0.004 -16"><span class='ocrx_word' id='word_1_376' title='bbox 74 2802 145 2873; x_wconf 91' lang='lat' dir='ltr'>qnod</span> <span class='ocrx_word' id='word_1_377' title='bbox 170 2797 313 2856; x_wconf 78' lang='lat' dir='ltr'>occideris</span> <span class='ocrx_word' id='word_1_378' title='bbox 333 2799 446 2852; x_wconf 85' lang='lat' dir='ltr'>tantam</span> <span class='ocrx_word' id='word_1_379' title='bbox 464 2794 686 2851; x_wconf 89' lang='lat' dir='ltr'>multitudinem</span> <span class='ocrx_word' id='word_1_380' title='bbox 702 2796 786 2866; x_wconf 90' lang='lat' dir='ltr'>quasi</span> <span class='ocrx_word' id='word_1_381' title='bbox 802 2813 895 2853; x_wconf 93' lang='lat' dir='ltr'>unum</span> <span class='ocrx_word' id='word_1_382' title='bbox 949 2795 1085 2852; x_wconf 83' lang='lat' dir='ltr'>vixerunt</span> <span class='ocrx_word' id='word_1_383' title='bbox 1099 2812 1134 2851; x_wconf 87' lang='lat' dir='ltr'>ex</span> <span class='ocrx_word' id='word_1_384' title='bbox 1148 2795 1298 2864; x_wconf 90' lang='lat' dir='ltr'>omnibus,</span> <span class='ocrx_word' id='word_1_385' title='bbox 1312 2795 1363 2867; x_wconf 90' lang='lat' dir='ltr'>qui</span> <span class='ocrx_word' id='word_1_386' title='bbox 1388 2797 1576 2867; x_wconf 86' lang='lat' dir='ltr'>perrexerant</span> <span class='ocrx_word' id='word_1_387' title='bbox 1588 2796 1622 2850; x_wconf 90' lang='lat' dir='ltr'>ad</span> <span class='ocrx_word' id='word_1_388' title='bbox 1640 2793 1776 2850; x_wconf 88' lang='lat' dir='ltr'>conside-</span> 
     </span>
     <span class='ocr_line' id='line_1_30' title="bbox 74 2882 1776 2958; baseline -0.004 -12"><span class='ocrx_word' id='word_1_389' title='bbox 74 2891 269 2955; x_wconf 87' lang='lat' dir='ltr'>bominem‚et</span> <span class='ocrx_word' id='word_1_390' title='bbox 284 2886 402 2943; x_wconf 88' lang='lat' dir='ltr'>dicant:</span> <span class='ocrx_word' id='word_1_391' title='bbox 420 2884 483 2941; x_wconf 83' lang='lat' dir='ltr'>lton</span> <span class='ocrx_word' id='word_1_392' title='bbox 508 2887 622 2956; x_wconf 87' lang='lat' dir='ltr'>poterat</span> <span class='ocrx_word' id='word_1_393' title='bbox 645 2885 830 2941; x_wconf 87' lang='lat' dir='ltr'>introducere</span> <span class='ocrx_word' id='word_1_394' title='bbox 846 2903 895 2958; x_wconf 90' lang='lat' dir='ltr'>po·</span> <span class='ocrx_word' id='word_1_395' title='bbox 950 2885 1073 2939; x_wconf 88' lang='lat' dir='ltr'>randum</span> <span class='ocrx_word' id='word_1_396' title='bbox 1098 2889 1218 2940; x_wconf 91' lang='lat' dir='ltr'>terram.</span> <span class='ocrx_word' id='word_1_397' title='bbox 1240 2884 1423 2956; x_wconf 79' lang='lat' dir='ltr'>tectusque</span> <span class='ocrx_word' id='word_1_398' title='bbox 1448 2887 1493 2939; x_wconf 82' lang='lat' dir='ltr'>est</span> <span class='ocrx_word' id='word_1_399' title='bbox 1517 2883 1613 2939; x_wconf 87' lang='lat' dir='ltr'>Moses</span> <span class='ocrx_word' id='word_1_400' title='bbox 1642 2882 1776 2940; x_wconf 84' lang='lat' dir='ltr'>universa</span> 
     </span>
     <span class='ocr_line' id='line_1_31' title="bbox 75 2971 1774 3051; baseline -0.004 -17"><span class='ocrx_word' id='word_1_401' title='bbox 75 2978 170 3051; x_wconf 92' lang='lat' dir='ltr'>pulum</span> <span class='ocrx_word' id='word_1_402' title='bbox 186 2979 216 3033; x_wconf 92' lang='lat' dir='ltr'>in</span> <span class='ocrx_word' id='word_1_403' title='bbox 231 2982 351 3043; x_wconf 82' lang='lat' dir='ltr'>terram,</span> <span class='ocrx_word' id='word_1_404' title='bbox 365 2990 416 3046; x_wconf 89' lang='lat' dir='ltr'>pro</span> <span class='ocrx_word' id='word_1_405' title='bbox 432 2990 491 3046; x_wconf 91' lang='lat' dir='ltr'>qua</span> <span class='ocrx_word' id='word_1_406' title='bbox 512 2975 687 3044; x_wconf 88' lang='lat' dir='ltr'>juraverat:</span> <span class='ocrx_word' id='word_1_407' title='bbox 714 2973 821 3030; x_wconf 92' lang='lat' dir='ltr'>idcirco</span> <span class='ocrx_word' id='word_1_408' title='bbox 846 2992 896 3031; x_wconf 91' lang='lat' dir='ltr'>oc·</span> <span class='ocrx_word' id='word_1_409' title='bbox 949 2973 1036 3028; x_wconf 86' lang='lat' dir='ltr'>verbs</span> <span class='ocrx_word' id='word_1_410' title='bbox 1056 2973 1167 3028; x_wconf 84' lang='lat' dir='ltr'>beced</span> <span class='ocrx_word' id='word_1_411' title='bbox 1184 2988 1287 3029; x_wconf 90' lang='lat' dir='ltr'>omnes</span> <span class='ocrx_word' id='word_1_412' title='bbox 1308 2971 1383 3028; x_wconf 88' lang='lat' dir='ltr'>lilios</span> <span class='ocrx_word' id='word_1_413' title='bbox 1397 2972 1497 3040; x_wconf 83' lang='lat' dir='ltr'>lsrael,</span> <span class='ocrx_word' id='word_1_414' title='bbox 1514 2976 1543 3028; x_wconf 91' lang='lat' dir='ltr'>et</span> <span class='ocrx_word' id='word_1_415' title='bbox 1556 2971 1630 3028; x_wconf 87' lang='lat' dir='ltr'>luxit</span> <span class='ocrx_word' id='word_1_416' title='bbox 1645 2971 1774 3044; x_wconf 89' lang='lat' dir='ltr'>populus</span> 
     </span>
     <span class='ocr_line' id='line_1_32' title="bbox 75 3061 1775 3135; baseline -0.004 -12"><span class='ocrx_word' id='word_1_417' title='bbox 75 3068 135 3123; x_wconf 80' lang='lat' dir='ltr'>cidit</span> <span class='ocrx_word' id='word_1_418' title='bbox 150 3084 199 3123; x_wconf 81' lang='lat' dir='ltr'>sos</span> <span class='ocrx_word' id='word_1_419' title='bbox 216 3068 244 3122; x_wconf 92' lang='lat' dir='ltr'>in</span> <span class='ocrx_word' id='word_1_420' title='bbox 262 3064 435 3120; x_wconf 90' lang='lat' dir='ltr'>solitudine.</span> <span class='ocrx_word' id='word_1_421' title='bbox 452 3062 657 3134; x_wconf 83' lang='lat' dir='ltr'>Magnificatur</span> <span class='ocrx_word' id='word_1_422' title='bbox 669 3078 738 3133; x_wconf 87' lang='lat' dir='ltr'>ergo</span> <span class='ocrx_word' id='word_1_423' title='bbox 755 3064 893 3121; x_wconf 81' lang='lat' dir='ltr'>tortitudo</span> <span class='ocrx_word' id='word_1_424' title='bbox 950 3062 1050 3117; x_wconf 89' lang='lat' dir='ltr'>nimis.</span> <span class='ocrx_word' id='word_1_425' title='bbox 1068 3063 1102 3118; x_wconf 82' lang='lat' dir='ltr'>Et</span> <span class='ocrx_word' id='word_1_426' title='bbox 1116 3079 1181 3119; x_wconf 89' lang='lat' dir='ltr'>occe</span> <span class='ocrx_word' id='word_1_427' title='bbox 1197 3079 1282 3120; x_wconf 88' lang='lat' dir='ltr'>mane</span> <span class='ocrx_word' id='word_1_428' title='bbox 1297 3063 1393 3135; x_wconf 92' lang='lat' dir='ltr'>primo</span> <span class='ocrx_word' id='word_1_429' title='bbox 1408 3067 1563 3135; x_wconf 81' lang='lat' dir='ltr'>surgentes</span> <span class='ocrx_word' id='word_1_430' title='bbox 1578 3061 1775 3118; x_wconf 86' lang='lat' dir='ltr'>ascenderunt</span> 
     </span>
     <span class='ocr_line' id='line_1_33' title="bbox 78 3122 1776 3225; baseline -0.003 -13"><span class='ocrx_word' id='word_1_431' title='bbox 78 3155 180 3212; x_wconf 87' lang='lat' dir='ltr'>Domini</span> <span class='ocrx_word' id='word_1_432' title='bbox 205 3156 284 3211; x_wconf 88' lang='lat' dir='ltr'>sicut</span> <span class='ocrx_word' id='word_1_433' title='bbox 304 3152 415 3225; x_wconf 89' lang='lat' dir='ltr'>jurasti</span> <span class='ocrx_word' id='word_1_434' title='bbox 437 3152 539 3207; x_wconf 87' lang='lat' dir='ltr'>dicens</span> <span class='ocrx_word' id='word_1_435' title='bbox 553 3151 593 3224; x_wconf 90' lang='lat' dir='ltr'>[b.</span> <span class='ocrx_word' id='word_1_436' title='bbox 610 3150 689 3207; x_wconf 89' lang='lat' dir='ltr'>sicut</span> <span class='ocrx_word' id='word_1_437' title='bbox 713 3151 826 3208; x_wconf 88' lang='lat' dir='ltr'>locutus</span> <span class='ocrx_word' id='word_1_438' title='bbox 850 3170 893 3223; x_wconf 88' lang='lat' dir='ltr'>es,</span> <span class='ocrx_word' id='word_1_439' title='bbox 909 3122 931 3188; x_wconf 71' lang='lat' dir='ltr'>c</span> <span class='ocrx_word' id='word_1_440' title='bbox 949 3151 1088 3207; x_wconf 85' lang='lat' dir='ltr'>vorticem</span> <span class='ocrx_word' id='word_1_441' title='bbox 1113 3152 1232 3220; x_wconf 88' lang='lat' dir='ltr'>montis,</span> <span class='ocrx_word' id='word_1_442' title='bbox 1249 3157 1337 3225; x_wconf 90' lang='lat' dir='ltr'>atque</span> <span class='ocrx_word' id='word_1_443' title='bbox 1358 3151 1518 3208; x_wconf 83' lang='lat' dir='ltr'>dixerunt:</span> <span class='ocrx_word' id='word_1_444' title='bbox 1545 3150 1643 3207; x_wconf 86' lang='lat' dir='ltr'>Parati</span> <span class='ocrx_word' id='word_1_445' title='bbox 1672 3165 1776 3207; x_wconf 85' lang='lat' dir='ltr'>sumus</span> 
     </span>
    </p>
   </div>
   <div class='ocr_carea' id='block_1_5' title="bbox 79 3239 1870 3317">
    <p class='ocr_par' dir='ltr' id='par_1_5' title="bbox 79 3239 1870 3317">
     <span class='ocr_line' id='line_1_34' title="bbox 79 3239 1870 3317; baseline -0.002 -19"><span class='ocrx_word' id='word_1_446' title='bbox 79 3239 651 3316; x_wconf 81' lang='lat' dir='ltr'>dicanslrDominuspatiensstmnltae</span> <span class='ocrx_word' id='word_1_447' title='bbox 674 3241 894 3314; x_wconf 80' lang='lat' dir='ltr'>misericordie,</span> <span class='ocrx_word' id='word_1_448' title='bbox 949 3241 1107 3297; x_wconf 86' lang='lat' dir='ltr'>escendere</span> <span class='ocrx_word' id='word_1_449' title='bbox 1121 3242 1156 3297; x_wconf 87' lang='lat' dir='ltr'>ad</span> <span class='ocrx_word' id='word_1_450' title='bbox 1171 3240 1281 3307; x_wconf 88' lang='lat' dir='ltr'>locum,</span> <span class='ocrx_word' id='word_1_451' title='bbox 1297 3241 1333 3297; x_wconf 93' lang='lat' dir='ltr'>de</span> <span class='ocrx_word' id='word_1_452' title='bbox 1347 3258 1403 3313; x_wconf 93' lang='lat' dir='ltr'>quo</span> <span class='ocrx_word' id='word_1_453' title='bbox 1417 3240 1560 3296; x_wconf 90' lang='lat' dir='ltr'>Dominus</span> <span class='ocrx_word' id='word_1_454' title='bbox 1585 3239 1701 3296; x_wconf 88' lang='lat' dir='ltr'>locutus</span> <span class='ocrx_word' id='word_1_455' title='bbox 1718 3242 1773 3311; x_wconf 86' lang='lat' dir='ltr'>est,</span> <span class='ocrx_word' id='word_1_456' title='bbox 1867 3312 1870 3317; x_wconf 28' lang='grc' dir='ltr'>Ι</span> 
     </span>
    </p>
   </div>
   <div class='ocr_carea' id='block_1_6' title="bbox 79 3328 1776 3405">
    <p class='ocr_par' dir='ltr' id='par_1_6' title="bbox 79 3328 1776 3405">
     <span class='ocr_line' id='line_1_35' title="bbox 79 3328 1776 3405; baseline -0.001 -18"><span class='ocrx_word' id='word_1_457' title='bbox 79 3334 202 3390; x_wconf 83' lang='lat' dir='ltr'>auterens</span> <span class='ocrx_word' id='word_1_458' title='bbox 217 3332 404 3405; x_wconf 90' lang='lat' dir='ltr'>iniquitatem</span> <span class='ocrx_word' id='word_1_459' title='bbox 429 3334 459 3385; x_wconf 92' lang='lat' dir='ltr'>et</span> <span class='ocrx_word' id='word_1_460' title='bbox 482 3329 592 3385; x_wconf 85' lang='lat' dir='ltr'>scelere</span> <span class='ocrx_word' id='word_1_461' title='bbox 616 3328 792 3402; x_wconf 88' lang='lat' dir='ltr'>nullumque</span> <span class='ocrx_word' id='word_1_462' title='bbox 808 3330 894 3386; x_wconf 92' lang='lat' dir='ltr'>inno·</span> <span class='ocrx_word' id='word_1_463' title='bbox 950 3329 1020 3401; x_wconf 89' lang='lat' dir='ltr'>quia</span> <span class='ocrx_word' id='word_1_464' title='bbox 1030 3330 1225 3402; x_wconf 82' lang='lat' dir='ltr'>peccavimus.</span> <span class='ocrx_word' id='word_1_465' title='bbox 1237 3329 1350 3396; x_wconf 84' lang='lat' dir='ltr'>Quibus</span> <span class='ocrx_word' id='word_1_466' title='bbox 1361 3329 1472 3388; x_wconf 88' lang='lat' dir='ltr'>Moses:</span> <span class='ocrx_word' id='word_1_467' title='bbox 1484 3328 1553 3401; x_wconf 84' lang='lat' dir='ltr'>Gur,</span> <span class='ocrx_word' id='word_1_468' title='bbox 1564 3328 1776 3402; x_wconf 85' lang='lat' dir='ltr'>inquit,traus·</span> 
     </span>
    </p>
   </div>
   <div class='ocr_carea' id='block_1_7' title="bbox 79 3417 1915 3582">
    <p class='ocr_par' dir='ltr' id='par_1_7' title="bbox 79 3417 1915 3582">
     <span class='ocr_line' id='line_1_36' title="bbox 79 3417 1915 3492; baseline -0.001 -15"><span class='ocrx_word' id='word_1_469' title='bbox 79 3421 148 3478; x_wconf 81' lang='lat' dir='ltr'>sium</span> <span class='ocrx_word' id='word_1_470' title='bbox 172 3417 604 3491; x_wconf 88' lang='lat' dir='ltr'>derelinquens¹,quivisitas</span> <span class='ocrx_word' id='word_1_471' title='bbox 633 3422 750 3489; x_wconf 84' lang='lat' dir='ltr'>peccatu</span> <span class='ocrx_word' id='word_1_472' title='bbox 779 3423 894 3492; x_wconf 89' lang='lat' dir='ltr'>patrum</span> <span class='ocrx_word' id='word_1_473' title='bbox 949 3419 1107 3491; x_wconf 78' lang='lat' dir='ltr'>gredimIni</span> <span class='ocrx_word' id='word_1_474' title='bbox 1122 3420 1243 3477; x_wconf 88' lang='lat' dir='ltr'>verbum</span> <span class='ocrx_word' id='word_1_475' title='bbox 1269 3419 1394 3486; x_wconf 89' lang='lat' dir='ltr'>Domini,</span> <span class='ocrx_word' id='word_1_476' title='bbox 1410 3419 1487 3491; x_wconf 92' lang='lat' dir='ltr'>quod</span> <span class='ocrx_word' id='word_1_477' title='bbox 1503 3418 1585 3475; x_wconf 90' lang='lat' dir='ltr'>vobis</span> <span class='ocrx_word' id='word_1_478' title='bbox 1609 3435 1667 3474; x_wconf 93' lang='lat' dir='ltr'>non</span> <span class='ocrx_word' id='word_1_479' title='bbox 1692 3418 1776 3474; x_wconf 87' lang='lat' dir='ltr'>cedet</span> <span class='ocrx_word' id='word_1_480' title='bbox 1848 3466 1851 3471; x_wconf 95' lang='lat'>.</span> <span class='ocrx_word' id='word_1_481' title='bbox 1912 3470 1915 3475; x_wconf 92' lang='lat'>.</span> 
     </span>
     <span class='ocr_line' id='line_1_37' title="bbox 80 3507 1880 3582; baseline -0.001 -18"><span class='ocrx_word' id='word_1_482' title='bbox 80 3510 186 3567; x_wconf 85' lang='lat' dir='ltr'>insslics</span> <span class='ocrx_word' id='word_1_483' title='bbox 201 3509 363 3567; x_wconf 91' lang='lat' dir='ltr'>intertium</span> <span class='ocrx_word' id='word_1_484' title='bbox 387 3513 416 3563; x_wconf 92' lang='lat' dir='ltr'>et</span> <span class='ocrx_word' id='word_1_485' title='bbox 440 3512 574 3579; x_wconf 81' lang='lat' dir='ltr'>quartam</span> <span class='ocrx_word' id='word_1_486' title='bbox 592 3507 824 3579; x_wconf 82' lang='lat' dir='ltr'>generationem.</span> <span class='ocrx_word' id='word_1_487' title='bbox 847 3509 894 3563; x_wconf 89' lang='lat' dir='ltr'>Di·</span> <span class='ocrx_word' id='word_1_488' title='bbox 949 3507 979 3563; x_wconf 90' lang='lat' dir='ltr'>in</span> <span class='ocrx_word' id='word_1_489' title='bbox 1008 3508 1371 3582; x_wconf 86' lang='lat' dir='ltr'>prosperum‘l[G.XL1].</span> <span class='ocrx_word' id='word_1_490' title='bbox 1397 3508 1492 3565; x_wconf 91' lang='lat' dir='ltr'>Nolite</span> <span class='ocrx_word' id='word_1_491' title='bbox 1520 3508 1689 3578; x_wconf 87' lang='lat' dir='ltr'>ascendere,</span> <span class='ocrx_word' id='word_1_492' title='bbox 1715 3523 1773 3564; x_wconf 93' lang='lat' dir='ltr'>non</span> <span class='ocrx_word' id='word_1_493' title='bbox 1877 3546 1880 3551; x_wconf 83' lang='lat'>·</span> 
     </span>
    </p>
   </div>
   <div class='ocr_carea' id='block_1_8' title="bbox 49 3596 1775 4565">
    <p class='ocr_par' dir='ltr' id='par_1_8' title="bbox 49 3596 1775 4565">
     <span class='ocr_line' id='line_1_38' title="bbox 79 3596 1773 3670; baseline -0.001 -16"><span class='ocrx_word' id='word_1_494' title='bbox 79 3600 164 3668; x_wconf 86' lang='lat' dir='ltr'>mitte,</span> <span class='ocrx_word' id='word_1_495' title='bbox 177 3600 311 3669; x_wconf 89' lang='lat' dir='ltr'>obsecro,</span> <span class='ocrx_word' id='word_1_496' title='bbox 327 3600 480 3670; x_wconf 91' lang='lat' dir='ltr'>peccatum</span> <span class='ocrx_word' id='word_1_497' title='bbox 504 3597 604 3669; x_wconf 90' lang='lat' dir='ltr'>pupuli</span> <span class='ocrx_word' id='word_1_498' title='bbox 625 3596 715 3667; x_wconf 88' lang='lat' dir='ltr'>hujus</span> <span class='ocrx_word' id='word_1_499' title='bbox 731 3598 894 3653; x_wconf 90' lang='lat' dir='ltr'>secundum</span> <span class='ocrx_word' id='word_1_500' title='bbox 950 3597 1027 3654; x_wconf 87' lang='lat' dir='ltr'>anim</span> <span class='ocrx_word' id='word_1_501' title='bbox 1041 3601 1086 3653; x_wconf 86' lang='lat' dir='ltr'>est</span> <span class='ocrx_word' id='word_1_502' title='bbox 1102 3597 1245 3653; x_wconf 87' lang='lat' dir='ltr'>Dominus</span> <span class='ocrx_word' id='word_1_503' title='bbox 1256 3597 1405 3654; x_wconf 90' lang='lat' dir='ltr'>vobiscum</span> <span class='ocrx_word' id='word_1_504' title='bbox 1417 3598 1458 3669; x_wconf 81' lang='lat' dir='ltr'>(h.</span> <span class='ocrx_word' id='word_1_505' title='bbox 1470 3597 1501 3653; x_wconf 94' lang='lat' dir='ltr'>in</span> <span class='ocrx_word' id='word_1_506' title='bbox 1513 3597 1609 3654; x_wconf 89' lang='lat' dir='ltr'>medio</span> <span class='ocrx_word' id='word_1_507' title='bbox 1620 3596 1773 3669; x_wconf 85' lang='lat' dir='ltr'>vestrum),</span> 
     </span>
     <span class='ocr_line' id='line_1_39' title="bbox 76 3683 1775 3761; baseline -0.001 -18"><span class='ocrx_word' id='word_1_508' title='bbox 76 3687 302 3761; x_wconf 80' lang='lat' dir='ltr'>magnitudinem</span> <span class='ocrx_word' id='word_1_509' title='bbox 327 3683 532 3741; x_wconf 83' lang='lat' dir='ltr'>misericordie</span> <span class='ocrx_word' id='word_1_510' title='bbox 561 3684 722 3753; x_wconf 79' lang='lat' dir='ltr'>tuae,sicut</span> <span class='ocrx_word' id='word_1_511' title='bbox 750 3686 894 3757; x_wconf 84' lang='lat' dir='ltr'>propitius</span> <span class='ocrx_word' id='word_1_512' title='bbox 950 3703 986 3743; x_wconf 90' lang='lat' dir='ltr'>ne</span> <span class='ocrx_word' id='word_1_513' title='bbox 1011 3689 1154 3743; x_wconf 90' lang='lat' dir='ltr'>corruatis</span> <span class='ocrx_word' id='word_1_514' title='bbox 1171 3703 1269 3743; x_wconf 89' lang='lat' dir='ltr'>coram</span> <span class='ocrx_word' id='word_1_515' title='bbox 1286 3687 1411 3743; x_wconf 90' lang='lat' dir='ltr'>inimicis</span> <span class='ocrx_word' id='word_1_516' title='bbox 1427 3686 1542 3743; x_wconf 87' lang='lat' dir='ltr'>vestris.</span> <span class='ocrx_word' id='word_1_517' title='bbox 1557 3684 1731 3743; x_wconf 71' lang='lat' dir='ltr'>amalecites</span> <span class='ocrx_word' id='word_1_518' title='bbox 1746 3689 1775 3741; x_wconf 90' lang='lat' dir='ltr'>et</span> 
     </span>
     <span class='ocr_line' id='line_1_40' title="bbox 73 3773 1773 3849; baseline -0.002 -17"><span class='ocrx_word' id='word_1_519' title='bbox 73 3777 147 3833; x_wconf 83' lang='lat' dir='ltr'>inisti</span> <span class='ocrx_word' id='word_1_520' title='bbox 172 3775 393 3849; x_wconf 86' lang='lat' dir='ltr'>egredientibus</span> <span class='ocrx_word' id='word_1_521' title='bbox 417 3773 452 3829; x_wconf 90' lang='lat' dir='ltr'>ds</span> <span class='ocrx_word' id='word_1_522' title='bbox 473 3776 593 3846; x_wconf 73' lang='lat' dir='ltr'>AEgvpto</span> <span class='ocrx_word' id='word_1_523' title='bbox 619 3789 712 3845; x_wconf 90' lang='lat' dir='ltr'>usquo</span> <span class='ocrx_word' id='word_1_524' title='bbox 736 3774 771 3829; x_wconf 87' lang='lat' dir='ltr'>ad</span> <span class='ocrx_word' id='word_1_525' title='bbox 796 3773 892 3830; x_wconf 89' lang='lat' dir='ltr'>locum</span> <span class='ocrx_word' id='word_1_526' title='bbox 948 3776 1131 3833; x_wconf 76' lang='lat' dir='ltr'>Chananeus</span> <span class='ocrx_word' id='word_1_527' title='bbox 1147 3780 1280 3833; x_wconf 85' lang='lat' dir='ltr'>antevos</span> <span class='ocrx_word' id='word_1_528' title='bbox 1304 3781 1384 3842; x_wconf 88' lang='lat' dir='ltr'>suut,</span> <span class='ocrx_word' id='word_1_529' title='bbox 1400 3792 1527 3849; x_wconf 91' lang='lat' dir='ltr'>quorum</span> <span class='ocrx_word' id='word_1_530' title='bbox 1542 3774 1639 3849; x_wconf 89' lang='lat' dir='ltr'>gladic</span> <span class='ocrx_word' id='word_1_531' title='bbox 1655 3790 1773 3830; x_wconf 88' lang='lat' dir='ltr'>corrue·</span> 
     </span>
     <span class='ocr_line' id='line_1_41' title="bbox 69 3861 1773 3939; baseline -0.001 -18"><span class='ocrx_word' id='word_1_532' title='bbox 69 3866 169 3922; x_wconf 86' lang='lat' dir='ltr'>istum.</span> <span class='ocrx_word' id='word_1_533' title='bbox 191 3864 236 3938; x_wconf 82' lang='lat' dir='ltr'>[D.</span> <span class='ocrx_word' id='word_1_534' title='bbox 261 3862 401 3933; x_wconf 71' lang='lat' dir='ltr'>xxxvi]</span> <span class='ocrx_word' id='word_1_535' title='bbox 429 3861 563 3932; x_wconf 83' lang='lat' dir='ltr'>Dixitque</span> <span class='ocrx_word' id='word_1_536' title='bbox 591 3862 759 3918; x_wconf 90' lang='lat' dir='ltr'>Dominus:</span> <span class='ocrx_word' id='word_1_537' title='bbox 791 3863 892 3919; x_wconf 90' lang='lat' dir='ltr'>Dimisi</span> <span class='ocrx_word' id='word_1_538' title='bbox 949 3868 997 3937; x_wconf 91' lang='lat' dir='ltr'>tis,</span> <span class='ocrx_word' id='word_1_539' title='bbox 1019 3883 1052 3925; x_wconf 91' lang='lat' dir='ltr'>co</span> <span class='ocrx_word' id='word_1_540' title='bbox 1075 3869 1151 3939; x_wconf 89' lang='lat' dir='ltr'>quod</span> <span class='ocrx_word' id='word_1_541' title='bbox 1178 3866 1331 3924; x_wconf 90' lang='lat' dir='ltr'>uolueritis</span> <span class='ocrx_word' id='word_1_542' title='bbox 1358 3869 1542 3939; x_wconf 88' lang='lat' dir='ltr'>acquiescere</span> <span class='ocrx_word' id='word_1_543' title='bbox 1570 3865 1704 3937; x_wconf 92' lang='lat' dir='ltr'>Domino,</span> <span class='ocrx_word' id='word_1_544' title='bbox 1719 3880 1773 3921; x_wconf 91' lang='lat' dir='ltr'>uec</span> 
     </span>
     <span class='ocr_line' id='line_1_42' title="bbox 60 3950 1772 4029; baseline 0.001 -23"><span class='ocrx_word' id='word_1_545' title='bbox 60 3957 145 4029; x_wconf 77' lang='lat' dir='ltr'>Juxta</span> <span class='ocrx_word' id='word_1_546' title='bbox 160 3954 282 4011; x_wconf 80' lang='lat' dir='ltr'>verbum</span> <span class='ocrx_word' id='word_1_547' title='bbox 299 3957 395 4008; x_wconf 87' lang='lat' dir='ltr'>tuum.</span> <span class='ocrx_word' id='word_1_548' title='bbox 413 3950 483 4007; x_wconf 91' lang='lat' dir='ltr'>Vivo</span> <span class='ocrx_word' id='word_1_549' title='bbox 499 3967 563 4023; x_wconf 88' lang='lat' dir='ltr'>ego,</span> <span class='ocrx_word' id='word_1_550' title='bbox 573 3955 601 4007; x_wconf 88' lang='lat' dir='ltr'>et</span> <span class='ocrx_word' id='word_1_551' title='bbox 615 3951 787 4024; x_wconf 89' lang='lat' dir='ltr'>implebitur</span> <span class='ocrx_word' id='word_1_552' title='bbox 801 3950 894 4021; x_wconf 85' lang='lat' dir='ltr'>gloria</span> <span class='ocrx_word' id='word_1_553' title='bbox 947 3959 1002 4013; x_wconf 89' lang='lat' dir='ltr'>erit</span> <span class='ocrx_word' id='word_1_554' title='bbox 1013 3956 1154 4014; x_wconf 88' lang='lat' dir='ltr'>Dominus</span> <span class='ocrx_word' id='word_1_555' title='bbox 1174 3956 1336 4013; x_wconf 90' lang='lat' dir='ltr'>vobiscum.</span> <span class='ocrx_word' id='word_1_556' title='bbox 1348 3958 1384 4012; x_wconf 80' lang='lat' dir='ltr'>st</span> <span class='ocrx_word' id='word_1_557' title='bbox 1394 3955 1437 4011; x_wconf 94' lang='lat' dir='ltr'>illi</span> <span class='ocrx_word' id='word_1_558' title='bbox 1452 3953 1653 4012; x_wconf 88' lang='lat' dir='ltr'>contenebrati</span> <span class='ocrx_word' id='word_1_559' title='bbox 1668 3968 1772 4010; x_wconf 89' lang='lat' dir='ltr'>ascen·</span> 
     </span>
     <span class='ocr_line' id='line_1_43' title="bbox 62 4040 1772 4103; baseline -0.003 0"><span class='ocrx_word' id='word_1_560' title='bbox 62 4044 180 4103; x_wconf 75' lang='lat' dir='ltr'>nemim</span> <span class='ocrx_word' id='word_1_561' title='bbox 204 4043 341 4099; x_wconf 84' lang='lat' dir='ltr'>universa</span> <span class='ocrx_word' id='word_1_562' title='bbox 365 4046 453 4097; x_wconf 87' lang='lat' dir='ltr'>terra.</span> <span class='ocrx_word' id='word_1_563' title='bbox 470 4044 605 4095; x_wconf 80' lang='lat' dir='ltr'>Attamen</span> <span class='ocrx_word' id='word_1_564' title='bbox 627 4054 731 4096; x_wconf 89' lang='lat' dir='ltr'>omnes</span> <span class='ocrx_word' id='word_1_565' title='bbox 759 4040 893 4098; x_wconf 88' lang='lat' dir='ltr'>homines</span> <span class='ocrx_word' id='word_1_566' title='bbox 947 4047 1055 4102; x_wconf 88' lang='lat' dir='ltr'>derunt</span> <span class='ocrx_word' id='word_1_567' title='bbox 1068 4046 1097 4101; x_wconf 94' lang='lat' dir='ltr'>in</span> <span class='ocrx_word' id='word_1_568' title='bbox 1113 4047 1249 4102; x_wconf 88' lang='lat' dir='ltr'>verticem</span> <span class='ocrx_word' id='word_1_569' title='bbox 1266 4047 1386 4102; x_wconf 90' lang='lat' dir='ltr'>montis.</span> <span class='ocrx_word' id='word_1_570' title='bbox 1398 4052 1474 4101; x_wconf 81' lang='lat' dir='ltr'>Arca</span> <span class='ocrx_word' id='word_1_571' title='bbox 1488 4048 1587 4101; x_wconf 90' lang='lat' dir='ltr'>autem</span> <span class='ocrx_word' id='word_1_572' title='bbox 1603 4041 1772 4099; x_wconf 78' lang='lat' dir='ltr'>testamenti</span> 
     </span>
     <span class='ocr_line' id='line_1_44' title="bbox 56 4128 1771 4207; baseline -0.001 -17"><span class='ocrx_word' id='word_1_573' title='bbox 56 4134 110 4207; x_wconf 85' lang='lat' dir='ltr'>qui</span> <span class='ocrx_word' id='word_1_574' title='bbox 123 4133 262 4188; x_wconf 83' lang='lat' dir='ltr'>viderunt</span> <span class='ocrx_word' id='word_1_575' title='bbox 281 4131 465 4203; x_wconf 69' lang='lat' dir='ltr'>maiestatem</span> <span class='ocrx_word' id='word_1_576' title='bbox 482 4145 586 4197; x_wconf 86' lang='lat' dir='ltr'>meam,</span> <span class='ocrx_word' id='word_1_577' title='bbox 604 4132 633 4184; x_wconf 73' lang='lat' dir='ltr'>el</span> <span class='ocrx_word' id='word_1_578' title='bbox 648 4128 743 4201; x_wconf 68' lang='lat' dir='ltr'>signa,</span> <span class='ocrx_word' id='word_1_579' title='bbox 758 4145 822 4201; x_wconf 75' lang='lat' dir='ltr'>(1¹1ae</span> <span class='ocrx_word' id='word_1_580' title='bbox 839 4129 891 4184; x_wconf 69' lang='lat' dir='ltr'>stoi</span> <span class='ocrx_word' id='word_1_581' title='bbox 947 4135 1064 4191; x_wconf 89' lang='lat' dir='ltr'>Domini</span> <span class='ocrx_word' id='word_1_582' title='bbox 1089 4141 1118 4192; x_wconf 90' lang='lat' dir='ltr'>et</span> <span class='ocrx_word' id='word_1_583' title='bbox 1140 4135 1238 4191; x_wconf 86' lang='lat' dir='ltr'>llioscs</span> <span class='ocrx_word' id='word_1_584' title='bbox 1260 4152 1317 4192; x_wconf 91' lang='lat' dir='ltr'>non</span> <span class='ocrx_word' id='word_1_585' title='bbox 1333 4139 1519 4192; x_wconf 89' lang='lat' dir='ltr'>recesserunt</span> <span class='ocrx_word' id='word_1_586' title='bbox 1533 4134 1569 4190; x_wconf 93' lang='lat' dir='ltr'>de</span> <span class='ocrx_word' id='word_1_587' title='bbox 1583 4133 1698 4189; x_wconf 88' lang='lat' dir='ltr'>castris.</span> <span class='ocrx_word' id='word_1_588' title='bbox 1714 4132 1771 4190; x_wconf 88' lang='lat' dir='ltr'>De·</span> 
     </span>
     <span class='ocr_line' id='line_1_45' title="bbox 56 4218 1771 4297; baseline 0.002 -22"><span class='ocrx_word' id='word_1_589' title='bbox 56 4223 88 4279; x_wconf 89' lang='lat' dir='ltr'>in</span> <span class='ocrx_word' id='word_1_590' title='bbox 103 4222 233 4294; x_wconf 78' lang='lat' dir='ltr'>AEgypto</span> <span class='ocrx_word' id='word_1_591' title='bbox 248 4224 277 4277; x_wconf 88' lang='lat' dir='ltr'>et</span> <span class='ocrx_word' id='word_1_592' title='bbox 292 4218 322 4274; x_wconf 92' lang='lat' dir='ltr'>in</span> <span class='ocrx_word' id='word_1_593' title='bbox 338 4218 511 4287; x_wconf 85' lang='lat' dir='ltr'>solitudine,</span> <span class='ocrx_word' id='word_1_594' title='bbox 527 4221 555 4274; x_wconf 85' lang='lat' dir='ltr'>et</span> <span class='ocrx_word' id='word_1_595' title='bbox 570 4221 756 4273; x_wconf 87' lang='lat' dir='ltr'>tentaverunt</span> <span class='ocrx_word' id='word_1_596' title='bbox 773 4234 818 4272; x_wconf 89' lang='lat' dir='ltr'>rna</span> <span class='ocrx_word' id='word_1_597' title='bbox 829 4219 892 4289; x_wconf 87' lang='lat' dir='ltr'>jam</span> <span class='ocrx_word' id='word_1_598' title='bbox 946 4225 1117 4296; x_wconf 88' lang='lat' dir='ltr'>scenditque</span> <span class='ocrx_word' id='word_1_599' title='bbox 1132 4224 1301 4281; x_wconf 68' lang='lat' dir='ltr'>amalecites</span> <span class='ocrx_word' id='word_1_600' title='bbox 1324 4232 1352 4280; x_wconf 84' lang='lat' dir='ltr'>et</span> <span class='ocrx_word' id='word_1_601' title='bbox 1375 4225 1571 4294; x_wconf 79' lang='lat' dir='ltr'>chananeus,</span> <span class='ocrx_word' id='word_1_602' title='bbox 1586 4223 1637 4297; x_wconf 91' lang='lat' dir='ltr'>qui</span> <span class='ocrx_word' id='word_1_603' title='bbox 1656 4221 1771 4279; x_wconf 84' lang='lat' dir='ltr'>habita·</span> 
     </span>
     <span class='ocr_line' id='line_1_46' title="bbox 52 4306 1773 4387; baseline -0.004 -11"><span class='ocrx_word' id='word_1_604' title='bbox 52 4328 110 4387; x_wconf 72' lang='lat'><strong>1³0¹·</strong></span> <span class='ocrx_word' id='word_1_605' title='bbox 138 4311 242 4365; x_wconf 61' lang='lat' dir='ltr'>dmm</span> <span class='ocrx_word' id='word_1_606' title='bbox 269 4308 359 4375; x_wconf 62' lang='lat' dir='ltr'>Vim.</span> <span class='ocrx_word' id='word_1_607' title='bbox 374 4324 427 4363; x_wconf 72' lang='lat'>¹¹00</span> <span class='ocrx_word' id='word_1_608' title='bbox 448 4306 622 4362; x_wconf 65' lang='lat' dir='ltr'>Obediflrllssl</span> <span class='ocrx_word' id='word_1_609' title='bbox 646 4306 707 4361; x_wconf 62' lang='grc' dir='ltr'>νοοῖ</span> <span class='ocrx_word' id='word_1_610' title='bbox 732 4321 811 4375; x_wconf 61' lang='lat' dir='ltr'>mem,</span> <span class='ocrx_word' id='word_1_611' title='bbox 834 4323 891 4362; x_wconf 78' lang='lat' dir='ltr'>¹10ss</span> <span class='ocrx_word' id='word_1_612' title='bbox 946 4314 996 4369; x_wconf 86' lang='lat' dir='ltr'>bat</span> <span class='ocrx_word' id='word_1_613' title='bbox 1012 4314 1040 4368; x_wconf 93' lang='lat' dir='ltr'>in</span> <span class='ocrx_word' id='word_1_614' title='bbox 1058 4318 1167 4384; x_wconf 88' lang='lat' dir='ltr'>munte,</span> <span class='ocrx_word' id='word_1_615' title='bbox 1181 4318 1210 4370; x_wconf 89' lang='lat' dir='ltr'>st</span> <span class='ocrx_word' id='word_1_616' title='bbox 1224 4313 1391 4386; x_wconf 88' lang='lat' dir='ltr'>percutiens</span> <span class='ocrx_word' id='word_1_617' title='bbox 1413 4330 1473 4380; x_wconf 89' lang='lat' dir='ltr'>eos,</span> <span class='ocrx_word' id='word_1_618' title='bbox 1491 4317 1579 4385; x_wconf 85' lang='lat' dir='ltr'>atque</span> <span class='ocrx_word' id='word_1_619' title='bbox 1603 4312 1773 4383; x_wconf 83' lang='lat' dir='ltr'>concidens,</span> 
     </span>
     <span class='ocr_line' id='line_1_47' title="bbox 51 4393 1481 4475; baseline -0.005 -20"><span class='ocrx_word' id='word_1_620' title='bbox 51 4400 329 4455; x_wconf 73' lang='lat' dir='ltr'>videbuntterrum</span> <span class='ocrx_word' id='word_1_621' title='bbox 356 4412 409 4467; x_wconf 78' lang='lat' dir='ltr'>pro</span> <span class='ocrx_word' id='word_1_622' title='bbox 435 4410 493 4467; x_wconf 85' lang='lat' dir='ltr'>qua</span> <span class='ocrx_word' id='word_1_623' title='bbox 508 4394 606 4466; x_wconf 72' lang='lat' dir='ltr'>juravi</span> <span class='ocrx_word' id='word_1_624' title='bbox 628 4393 762 4466; x_wconf 87' lang='lat' dir='ltr'>patribus</span> <span class='ocrx_word' id='word_1_625' title='bbox 778 4410 890 4465; x_wconf 81' lang='lat' dir='ltr'>eorum,</span> <span class='ocrx_word' id='word_1_626' title='bbox 945 4408 1118 4475; x_wconf 73' lang='lat' dir='ltr'>persecutus</span> <span class='ocrx_word' id='word_1_627' title='bbox 1133 4406 1178 4459; x_wconf 74' lang='lat' dir='ltr'>est</span> <span class='ocrx_word' id='word_1_628' title='bbox 1189 4419 1239 4459; x_wconf 77' lang='lat' dir='ltr'>eos</span> <span class='ocrx_word' id='word_1_629' title='bbox 1255 4420 1350 4475; x_wconf 78' lang='lat' dir='ltr'>usque</span> <span class='ocrx_word' id='word_1_630' title='bbox 1365 4403 1481 4459; x_wconf 70' lang='lat' dir='ltr'>Horma,</span> 
     </span>
     <span class='ocr_line' id='line_1_48' title="bbox 49 4482 1773 4565; baseline 0.003 -22"><span class='ocrx_word' id='word_1_631' title='bbox 49 4506 110 4548; x_wconf 80' lang='lat' dir='ltr'>nac</span> <span class='ocrx_word' id='word_1_632' title='bbox 127 4488 294 4559; x_wconf 86' lang='lat' dir='ltr'>quisquam</span> <span class='ocrx_word' id='word_1_633' title='bbox 314 4501 349 4541; x_wconf 84' lang='lat' dir='ltr'>ex</span> <span class='ocrx_word' id='word_1_634' title='bbox 372 4483 443 4554; x_wconf 88' lang='lat' dir='ltr'>illis,</span> <span class='ocrx_word' id='word_1_635' title='bbox 459 4484 510 4555; x_wconf 92' lang='lat' dir='ltr'>qui</span> <span class='ocrx_word' id='word_1_636' title='bbox 525 4482 651 4540; x_wconf 79' lang='lat' dir='ltr'>detraxit</span> <span class='ocrx_word' id='word_1_637' title='bbox 667 4482 750 4550; x_wconf 89' lang='lat' dir='ltr'>mibi,</span> <span class='ocrx_word' id='word_1_638' title='bbox 767 4483 893 4540; x_wconf 90' lang='lat' dir='ltr'>intuebi·</span> <span class='ocrx_word' id='word_1_639' title='bbox 911 4492 932 4557; x_wconf 75' lang='grc' dir='ltr'>ι)</span> <span class='ocrx_word' id='word_1_640' title='bbox 984 4491 1027 4563; x_wconf 77' lang='grc' dir='ltr'>[Τ.</span> <span class='ocrx_word' id='word_1_641' title='bbox 1044 4492 1092 4558; x_wconf 84' lang='grc' dir='ltr'>ΙΧ,</span> <span class='ocrx_word' id='word_1_642' title='bbox 1110 4493 1130 4548; x_wconf 86' lang='grc' dir='ltr'><strong>Β</strong></span> <span class='ocrx_word' id='word_1_643' title='bbox 1157 4491 1295 4559; x_wconf 83' lang='lat' dir='ltr'>xxxvtt,</span> <span class='ocrx_word' id='word_1_644' title='bbox 1311 4492 1341 4548; x_wconf 86' lang='lat' dir='ltr'>C.</span> <span class='ocrx_word' id='word_1_645' title='bbox 1358 4492 1443 4559; x_wconf 88' lang='lat' dir='ltr'>thl,</span> <span class='ocrx_word' id='word_1_646' title='bbox 1470 4492 1534 4565; x_wconf 84' lang='lat' dir='ltr'>Cup.</span> <span class='ocrx_word' id='word_1_647' title='bbox 1551 4492 1622 4564; x_wconf 85' lang='lat' dir='ltr'>xv].</span> <span class='ocrx_word' id='word_1_648' title='bbox 1646 4493 1773 4549; x_wconf 88' lang='lat' dir='ltr'>Locutus</span> 
     </span>
    </p>
   </div>
   <div class='ocr_carea' id='block_1_9' title="bbox 48 4574 1877 4654">
    <p class='ocr_par' dir='ltr' id='par_1_9' title="bbox 48 4574 1877 4654">
     <span class='ocr_line' id='line_1_49' title="bbox 48 4574 1877 4654; baseline 0.001 -17"><span class='ocrx_word' id='word_1_649' title='bbox 48 4586 104 4637; x_wconf 83' lang='lat' dir='ltr'>tur</span> <span class='ocrx_word' id='word_1_650' title='bbox 119 4592 202 4634; x_wconf 66' lang='lat' dir='ltr'>um.</span> <span class='ocrx_word' id='word_1_651' title='bbox 218 4574 274 4631; x_wconf 82' lang='lat' dir='ltr'>Sed</span> <span class='ocrx_word' id='word_1_652' title='bbox 296 4575 385 4647; x_wconf 79' lang='lat' dir='ltr'>[Vulq.</span> <span class='ocrx_word' id='word_1_653' title='bbox 406 4578 460 4629; x_wconf 88' lang='lat' dir='ltr'>tnc.</span> <span class='ocrx_word' id='word_1_654' title='bbox 482 4574 548 4646; x_wconf 88' lang='lat' dir='ltr'>Sed]</span> <span class='ocrx_word' id='word_1_655' title='bbox 564 4590 682 4630; x_wconf 87' lang='lat' dir='ltr'>servum</span> <span class='ocrx_word' id='word_1_656' title='bbox 701 4590 798 4631; x_wconf 89' lang='lat' dir='ltr'>meum</span> <span class='ocrx_word' id='word_1_657' title='bbox 814 4576 891 4633; x_wconf 79' lang='lat' dir='ltr'>Cta-</span> <span class='ocrx_word' id='word_1_658' title='bbox 948 4586 993 4637; x_wconf 89' lang='lat' dir='ltr'>est</span> <span class='ocrx_word' id='word_1_659' title='bbox 1016 4580 1473 4646; x_wconf 83' lang='lat' dir='ltr'>Dominusudbiosen.dicens:</span> <span class='ocrx_word' id='word_1_660' title='bbox 1499 4579 1772 4654; x_wconf 83' lang='lat' dir='ltr'>Loqueceadlllios</span> <span class='ocrx_word' id='word_1_661' title='bbox 1870 4594 1877 4602; x_wconf 82' lang='grc'><em>·</em></span> 
     </span>
    </p>
   </div>
   <div class='ocr_carea' id='block_1_10' title="bbox 40 4662 1774 5369">
    <p class='ocr_par' dir='ltr' id='par_1_10' title="bbox 40 4662 1774 5369">
     <span class='ocr_line' id='line_1_50' title="bbox 46 4662 1772 4743; baseline 0.002 -20"><span class='ocrx_word' id='word_1_662' title='bbox 46 4670 113 4738; x_wconf 83' lang='lat' dir='ltr'>leb,</span> <span class='ocrx_word' id='word_1_663' title='bbox 132 4666 188 4738; x_wconf 89' lang='lat' dir='ltr'>qui</span> <span class='ocrx_word' id='word_1_664' title='bbox 205 4662 310 4737; x_wconf 89' lang='lat' dir='ltr'>plenus</span> <span class='ocrx_word' id='word_1_665' title='bbox 323 4662 381 4718; x_wconf 92' lang='lat' dir='ltr'>alio</span> <span class='ocrx_word' id='word_1_666' title='bbox 396 4662 502 4735; x_wconf 90' lang='lat' dir='ltr'>spiritu</span> <span class='ocrx_word' id='word_1_667' title='bbox 518 4666 637 4718; x_wconf 90' lang='lat' dir='ltr'>secutus</span> <span class='ocrx_word' id='word_1_668' title='bbox 662 4667 707 4717; x_wconf 89' lang='lat' dir='ltr'>est</span> <span class='ocrx_word' id='word_1_669' title='bbox 730 4680 787 4730; x_wconf 88' lang='lat' dir='ltr'>me,</span> <span class='ocrx_word' id='word_1_670' title='bbox 803 4664 890 4721; x_wconf 85' lang='lat' dir='ltr'>indu·</span> <span class='ocrx_word' id='word_1_671' title='bbox 948 4668 1049 4737; x_wconf 82' lang='lat' dir='ltr'>lsrael,</span> <span class='ocrx_word' id='word_1_672' title='bbox 1060 4674 1088 4725; x_wconf 91' lang='lat' dir='ltr'>et</span> <span class='ocrx_word' id='word_1_673' title='bbox 1102 4669 1182 4726; x_wconf 86' lang='lat' dir='ltr'>dicos</span> <span class='ocrx_word' id='word_1_674' title='bbox 1209 4670 1244 4726; x_wconf 86' lang='lat' dir='ltr'>sd</span> <span class='ocrx_word' id='word_1_675' title='bbox 1270 4686 1338 4726; x_wconf 88' lang='lat' dir='ltr'>eos:</span> <span class='ocrx_word' id='word_1_676' title='bbox 1356 4669 1428 4725; x_wconf 88' lang='lat' dir='ltr'>Cum</span> <span class='ocrx_word' id='word_1_677' title='bbox 1445 4670 1570 4743; x_wconf 89' lang='lat' dir='ltr'>ingressi</span> <span class='ocrx_word' id='word_1_678' title='bbox 1584 4670 1699 4727; x_wconf 79' lang='lat' dir='ltr'>fueritis</span> <span class='ocrx_word' id='word_1_679' title='bbox 1714 4672 1772 4727; x_wconf 87' lang='lat' dir='ltr'>ter·</span> 
     </span>
     <span class='ocr_line' id='line_1_51' title="bbox 45 4750 1773 4830; baseline 0.003 -18"><span class='ocrx_word' id='word_1_680' title='bbox 45 4772 120 4815; x_wconf 80' lang='lat' dir='ltr'>cam</span> <span class='ocrx_word' id='word_1_681' title='bbox 154 4754 182 4809; x_wconf 92' lang='lat' dir='ltr'>in</span> <span class='ocrx_word' id='word_1_682' title='bbox 210 4756 317 4809; x_wconf 85' lang='lat' dir='ltr'>terram</span> <span class='ocrx_word' id='word_1_683' title='bbox 346 4752 434 4815; x_wconf 89' lang='lat' dir='ltr'>banc,</span> <span class='ocrx_word' id='word_1_684' title='bbox 459 4767 546 4822; x_wconf 87' lang='lat' dir='ltr'>quam</span> <span class='ocrx_word' id='word_1_685' title='bbox 574 4750 717 4816; x_wconf 84' lang='lat' dir='ltr'>circuivit,</span> <span class='ocrx_word' id='word_1_686' title='bbox 740 4757 768 4808; x_wconf 89' lang='lat' dir='ltr'>ot</span> <span class='ocrx_word' id='word_1_687' title='bbox 792 4769 892 4810; x_wconf 83' lang='lat' dir='ltr'>semen</span> <span class='ocrx_word' id='word_1_688' title='bbox 948 4774 1010 4813; x_wconf 89' lang='lat' dir='ltr'>ram</span> <span class='ocrx_word' id='word_1_689' title='bbox 1034 4757 1225 4814; x_wconf 85' lang='lat' dir='ltr'>habitationis</span> <span class='ocrx_word' id='word_1_690' title='bbox 1241 4763 1352 4825; x_wconf 77' lang='lat' dir='ltr'>vestra,</span> <span class='ocrx_word' id='word_1_691' title='bbox 1370 4775 1457 4830; x_wconf 91' lang='lat' dir='ltr'>quam</span> <span class='ocrx_word' id='word_1_692' title='bbox 1474 4775 1525 4830; x_wconf 81' lang='lat' dir='ltr'>ego</span> <span class='ocrx_word' id='word_1_693' title='bbox 1547 4760 1622 4816; x_wconf 90' lang='lat' dir='ltr'>dabo</span> <span class='ocrx_word' id='word_1_694' title='bbox 1638 4758 1731 4827; x_wconf 86' lang='lat' dir='ltr'>vobis,</span> <span class='ocrx_word' id='word_1_695' title='bbox 1744 4762 1773 4817; x_wconf 82' lang='lat' dir='ltr'>et</span> 
     </span>
     <span class='ocr_line' id='line_1_52' title="bbox 43 4839 1774 4919; baseline 0.005 -22"><span class='ocrx_word' id='word_1_696' title='bbox 43 4847 120 4919; x_wconf 59' lang='lat' dir='ltr'>QJns</span> <span class='ocrx_word' id='word_1_697' title='bbox 139 4840 306 4917; x_wconf 86' lang='lat' dir='ltr'>possidebit</span> <span class='ocrx_word' id='word_1_698' title='bbox 332 4856 408 4897; x_wconf 86' lang='lat' dir='ltr'>sam.</span> <span class='ocrx_word' id='word_1_699' title='bbox 424 4839 568 4907; x_wconf 82' lang='lat' dir='ltr'>Quoniam</span> <span class='ocrx_word' id='word_1_700' title='bbox 583 4840 760 4897; x_wconf 80' lang='lat' dir='ltr'>Amalccites</span> <span class='ocrx_word' id='word_1_701' title='bbox 774 4848 802 4898; x_wconf 92' lang='lat' dir='ltr'>et</span> <span class='ocrx_word' id='word_1_702' title='bbox 817 4843 892 4901; x_wconf 86' lang='lat' dir='ltr'>Chn-</span> <span class='ocrx_word' id='word_1_703' title='bbox 948 4846 1075 4903; x_wconf 90' lang='lat' dir='ltr'>l&#39;eceritis</span> <span class='ocrx_word' id='word_1_704' title='bbox 1091 4846 1268 4903; x_wconf 86' lang='lat' dir='ltr'>oblationem</span> <span class='ocrx_word' id='word_1_705' title='bbox 1286 4847 1406 4903; x_wconf 87' lang='lat' dir='ltr'>Domino</span> <span class='ocrx_word' id='word_1_706' title='bbox 1433 4846 1464 4903; x_wconf 95' lang='lat' dir='ltr'>in</span> <span class='ocrx_word' id='word_1_707' title='bbox 1489 4847 1705 4915; x_wconf 78' lang='lat' dir='ltr'>holocaustum,</span> <span class='ocrx_word' id='word_1_708' title='bbox 1722 4853 1774 4905; x_wconf 88' lang='lat' dir='ltr'>sut</span> 
     </span>
     <span class='ocr_line' id='line_1_53' title="bbox 41 4928 1771 5009; baseline 0.001 -16"><span class='ocrx_word' id='word_1_709' title='bbox 41 4948 181 4993; x_wconf 77' lang='lat' dir='ltr'>usnoens</span> <span class='ocrx_word' id='word_1_710' title='bbox 198 4930 334 4987; x_wconf 86' lang='lat' dir='ltr'>habitant</span> <span class='ocrx_word' id='word_1_711' title='bbox 358 4929 389 4986; x_wconf 91' lang='lat' dir='ltr'>in</span> <span class='ocrx_word' id='word_1_712' title='bbox 415 4928 553 4985; x_wconf 89' lang='lat' dir='ltr'>vallibus.</span> <span class='ocrx_word' id='word_1_713' title='bbox 569 4928 640 4985; x_wconf 82' lang='lat' dir='ltr'>Cras</span> <span class='ocrx_word' id='word_1_714' title='bbox 655 4936 769 4986; x_wconf 89' lang='lat' dir='ltr'>movete</span> <span class='ocrx_word' id='word_1_715' title='bbox 784 4937 890 5008; x_wconf 84' lang='lat' dir='ltr'>castro,</span> <span class='ocrx_word' id='word_1_716' title='bbox 948 4935 1107 5002; x_wconf 87' lang='lat' dir='ltr'>victimam,</span> <span class='ocrx_word' id='word_1_717' title='bbox 1135 4939 1201 4992; x_wconf 89' lang='lat' dir='ltr'>vota</span> <span class='ocrx_word' id='word_1_718' title='bbox 1226 4936 1384 5006; x_wconf 86' lang='lat' dir='ltr'>solventes,</span> <span class='ocrx_word' id='word_1_719' title='bbox 1412 4935 1456 4992; x_wconf 90' lang='lat' dir='ltr'>vel</span> <span class='ocrx_word' id='word_1_720' title='bbox 1484 4942 1589 5009; x_wconf 88' lang='lat' dir='ltr'>sponte</span> <span class='ocrx_word' id='word_1_721' title='bbox 1617 4938 1771 4995; x_wconf 85' lang='lat' dir='ltr'>ollcreutes</span> 
     </span>
     <span class='ocr_line' id='line_1_54' title="bbox 40 5017 1771 5095; baseline 0.002 -17"><span class='ocrx_word' id='word_1_722' title='bbox 40 5030 75 5085; x_wconf 77' lang='lat' dir='ltr'>st</span> <span class='ocrx_word' id='word_1_723' title='bbox 91 5019 288 5079; x_wconf 85' lang='lat' dir='ltr'>revertimini</span> <span class='ocrx_word' id='word_1_724' title='bbox 303 5020 331 5074; x_wconf 92' lang='lat' dir='ltr'>in</span> <span class='ocrx_word' id='word_1_725' title='bbox 349 5017 542 5076; x_wconf 88' lang='lat' dir='ltr'>solitudinem</span> <span class='ocrx_word' id='word_1_726' title='bbox 557 5034 610 5091; x_wconf 85' lang='lat' dir='ltr'>per</span> <span class='ocrx_word' id='word_1_727' title='bbox 625 5018 701 5075; x_wconf 90' lang='lat' dir='ltr'>viam</span> <span class='ocrx_word' id='word_1_728' title='bbox 727 5022 818 5078; x_wconf 90' lang='lat' dir='ltr'>maris</span> <span class='ocrx_word' id='word_1_729' title='bbox 834 5023 892 5078; x_wconf 82' lang='lat' dir='ltr'>llu-</span> <span class='ocrx_word' id='word_1_730' title='bbox 947 5041 1080 5095; x_wconf 89' lang='lat' dir='ltr'>munera,</span> <span class='ocrx_word' id='word_1_731' title='bbox 1097 5029 1148 5082; x_wconf 90' lang='lat' dir='ltr'>aut</span> <span class='ocrx_word' id='word_1_732' title='bbox 1172 5025 1201 5081; x_wconf 94' lang='lat' dir='ltr'>in</span> <span class='ocrx_word' id='word_1_733' title='bbox 1225 5023 1463 5083; x_wconf 88' lang='lat' dir='ltr'>solemnitstibus</span> <span class='ocrx_word' id='word_1_734' title='bbox 1488 5027 1593 5084; x_wconf 90' lang='lat' dir='ltr'>vestris</span> <span class='ocrx_word' id='word_1_735' title='bbox 1621 5026 1771 5083; x_wconf 80' lang='lat' dir='ltr'>adolentes</span> 
     </span>
     <span class='ocr_line' id='line_1_55' title="bbox 43 5107 1771 5184; baseline 0.003 -20"><span class='ocrx_word' id='word_1_736' title='bbox 43 5114 106 5171; x_wconf 77' lang='lat' dir='ltr'>bri.</span> <span class='ocrx_word' id='word_1_737' title='bbox 145 5108 190 5183; x_wconf 82' lang='lat' dir='ltr'>[G.</span> <span class='ocrx_word' id='word_1_738' title='bbox 222 5107 354 5179; x_wconf 74' lang='lat' dir='ltr'>xxslxt.</span> <span class='ocrx_word' id='word_1_739' title='bbox 385 5108 571 5179; x_wconf 83' lang='lat' dir='ltr'>Locutusque</span> <span class='ocrx_word' id='word_1_740' title='bbox 599 5113 643 5164; x_wconf 92' lang='lat' dir='ltr'>est</span> <span class='ocrx_word' id='word_1_741' title='bbox 681 5109 825 5167; x_wconf 84' lang='lat' dir='ltr'>Dominus</span> <span class='ocrx_word' id='word_1_742' title='bbox 856 5113 891 5168; x_wconf 91' lang='lat' dir='ltr'>ad</span> <span class='ocrx_word' id='word_1_743' title='bbox 946 5115 1063 5170; x_wconf 88' lang='lat' dir='ltr'>odorem</span> <span class='ocrx_word' id='word_1_744' title='bbox 1080 5114 1234 5170; x_wconf 87' lang='lat' dir='ltr'>suavitatis</span> <span class='ocrx_word' id='word_1_745' title='bbox 1262 5115 1396 5181; x_wconf 89' lang='lat' dir='ltr'>Domino,</span> <span class='ocrx_word' id='word_1_746' title='bbox 1412 5115 1568 5184; x_wconf 86' lang='lat' dir='ltr'>debebas,</span> <span class='ocrx_word' id='word_1_747' title='bbox 1584 5116 1693 5172; x_wconf 91' lang='lat' dir='ltr'>slvede</span> <span class='ocrx_word' id='word_1_748' title='bbox 1709 5115 1771 5171; x_wconf 91' lang='lat' dir='ltr'>ovi·</span> 
     </span>
     <span class='ocr_line' id='line_1_56' title="bbox 44 5197 1772 5276; baseline 0.001 -18"><span class='ocrx_word' id='word_1_749' title='bbox 44 5204 161 5261; x_wconf 72' lang='lat' dir='ltr'>Mosen</span> <span class='ocrx_word' id='word_1_750' title='bbox 177 5202 210 5255; x_wconf 88' lang='lat' dir='ltr'>et</span> <span class='ocrx_word' id='word_1_751' title='bbox 223 5200 331 5266; x_wconf 85' lang='lat' dir='ltr'>Aaron,</span> <span class='ocrx_word' id='word_1_752' title='bbox 343 5197 463 5253; x_wconf 90' lang='lat' dir='ltr'>dicens:</span> <span class='ocrx_word' id='word_1_753' title='bbox 481 5197 639 5268; x_wconf 86' lang='lat' dir='ltr'>Usquequo</span> <span class='ocrx_word' id='word_1_754' title='bbox 654 5198 815 5257; x_wconf 90' lang='lat' dir='ltr'>multitudo</span> <span class='ocrx_word' id='word_1_755' title='bbox 831 5201 892 5257; x_wconf 82' lang='lat' dir='ltr'>hmc</span> <span class='ocrx_word' id='word_1_756' title='bbox 946 5203 1002 5257; x_wconf 86' lang='lat' dir='ltr'>bus</span> <span class='ocrx_word' id='word_1_757' title='bbox 1024 5221 1030 5259; x_wconf 92' lang='lat'>:</span> <span class='ocrx_word' id='word_1_758' title='bbox 1061 5204 1162 5259; x_wconf 87' lang='lat' dir='ltr'>olleret</span> <span class='ocrx_word' id='word_1_759' title='bbox 1189 5203 1359 5276; x_wconf 87' lang='lat' dir='ltr'>quicunqne</span> <span class='ocrx_word' id='word_1_760' title='bbox 1387 5203 1583 5262; x_wconf 83' lang='lat' dir='ltr'>immolaverit</span> <span class='ocrx_word' id='word_1_761' title='bbox 1610 5204 1772 5271; x_wconf 82' lang='lat' dir='ltr'>victimam,</span> 
     </span>
     <span class='ocr_line' id='line_1_57' title="bbox 42 5288 1772 5369; baseline 0.002 -22"><span class='ocrx_word' id='word_1_762' title='bbox 42 5292 188 5369; x_wconf 78' lang='lat' dir='ltr'>pessima</span> <span class='ocrx_word' id='word_1_763' title='bbox 217 5292 385 5347; x_wconf 88' lang='lat' dir='ltr'>murmurat</span> <span class='ocrx_word' id='word_1_764' title='bbox 408 5292 511 5344; x_wconf 89' lang='lat' dir='ltr'>contra</span> <span class='ocrx_word' id='word_1_765' title='bbox 526 5305 573 5344; x_wconf 90' lang='lat' dir='ltr'>me</span> <span class='ocrx_word' id='word_1_766' title='bbox 586 5288 600 5343; x_wconf 81' lang='lat' dir='ltr'>‘l</span> <span class='ocrx_word' id='word_1_767' title='bbox 614 5290 748 5360; x_wconf 85' lang='lat' dir='ltr'>querelas</span> <span class='ocrx_word' id='word_1_768' title='bbox 765 5291 892 5347; x_wconf 81' lang='lat' dir='ltr'>filiorum</span> <span class='ocrx_word' id='word_1_769' title='bbox 946 5292 1124 5348; x_wconf 78' lang='lat' dir='ltr'>sacrificium</span> <span class='ocrx_word' id='word_1_770' title='bbox 1151 5293 1254 5349; x_wconf 85' lang='lat' dir='ltr'>simile</span> <span class='ocrx_word' id='word_1_771' title='bbox 1279 5294 1420 5350; x_wconf 88' lang='lat' dir='ltr'>decimam</span> <span class='ocrx_word' id='word_1_772' title='bbox 1446 5299 1558 5365; x_wconf 87' lang='lat' dir='ltr'>partem</span> <span class='ocrx_word' id='word_1_773' title='bbox 1575 5292 1640 5364; x_wconf 84' lang='lat' dir='ltr'>eplvi</span> <span class='ocrx_word' id='word_1_774' title='bbox 1654 5293 1695 5363; x_wconf 86' lang='lat' dir='ltr'>[b.</span> <span class='ocrx_word' id='word_1_775' title='bbox 1713 5309 1772 5350; x_wconf 92' lang='lat' dir='ltr'>non</span> 
     </span>
    </p>
   </div>
   <div class='ocr_carea' id='block_1_11' title="bbox 83 5430 1771 5578">
    <p class='ocr_par' dir='ltr' id='par_1_11' title="bbox 83 5430 1771 5578">
     <span class='ocr_line' id='line_1_58' title="bbox 83 5430 1771 5578; baseline 0.002 -71"><span class='ocrx_word' id='word_1_776' title='bbox 83 5456 94 5489; x_wconf 90' lang='lat'><strong>¹</strong></span> <span class='ocrx_word' id='word_1_777' title='bbox 116 5450 341 5507; x_wconf 73' lang='lat' dir='ltr'>usbrensnnu</span> <span class='ocrx_word' id='word_1_778' title='bbox 357 5430 395 5507; x_wconf 57' lang='grc' dir='ltr'>τὸ</span> <span class='ocrx_word' id='word_1_779' title='bbox 411 5456 505 5507; x_wconf 58' lang='lat' dir='ltr'>wis:</span> <span class='ocrx_word' id='word_1_780' title='bbox 531 5463 593 5519; x_wconf 71' lang='lat' dir='ltr'>quse</span> <span class='ocrx_word' id='word_1_781' title='bbox 608 5448 778 5505; x_wconf 88' lang='lat' dir='ltr'>adverbum</span> <span class='ocrx_word' id='word_1_782' title='bbox 804 5452 885 5507; x_wconf 88' lang='lat' dir='ltr'>reddi</span> <span class='ocrx_word' id='word_1_783' title='bbox 946 5456 1078 5578; x_wconf 55' lang='lat' dir='ltr'>prelatus</span> <span class='ocrx_word' id='word_1_784' title='bbox 1106 5460 1161 5525; x_wconf 90' lang='lat' dir='ltr'>est,</span> <span class='ocrx_word' id='word_1_785' title='bbox 1180 5456 1278 5511; x_wconf 81' lang='lat' dir='ltr'>Nullus</span> <span class='ocrx_word' id='word_1_786' title='bbox 1306 5456 1385 5526; x_wconf 82' lang='lat' dir='ltr'>epod</span> <span class='ocrx_word' id='word_1_787' title='bbox 1398 5458 1425 5508; x_wconf 84' lang='lat' dir='ltr'>te</span> <span class='ocrx_word' id='word_1_788' title='bbox 1439 5468 1489 5523; x_wconf 85' lang='lat' dir='ltr'>per</span> <span class='ocrx_word' id='word_1_789' title='bbox 1509 5468 1538 5507; x_wconf 82' lang='lat' dir='ltr'>se</span> <span class='ocrx_word' id='word_1_790' title='bbox 1561 5454 1692 5508; x_wconf 81' lang='lat' dir='ltr'>ivsacrens</span> <span class='ocrx_word' id='word_1_791' title='bbox 1719 5466 1771 5517; x_wconf 81' lang='lat' dir='ltr'>est.</span> 
     </span>
    </p>
   </div>
   <div class='ocr_carea' id='block_1_12' title="bbox 50 5518 982 5599">
    <p class='ocr_par' dir='ltr' id='par_1_12' title="bbox 50 5518 982 5599">
     <span class='ocr_line' id='line_1_59' title="bbox 50 5518 982 5599; baseline -0.003 -19"><span class='ocrx_word' id='word_1_792' title='bbox 50 5528 199 5599; x_wconf 68' lang='lat' dir='ltr'>possunt.</span> <span class='ocrx_word' id='word_1_793' title='bbox 213 5522 245 5577; x_wconf 80' lang='lat' dir='ltr'>st</span> <span class='ocrx_word' id='word_1_794' title='bbox 259 5518 432 5591; x_wconf 76' lang='lat' dir='ltr'>purificando</span> <span class='ocrx_word' id='word_1_795' title='bbox 447 5535 502 5574; x_wconf 82' lang='lat' dir='ltr'>non</span> <span class='ocrx_word' id='word_1_796' title='bbox 528 5519 701 5590; x_wconf 76' lang='lat' dir='ltr'>purificabis.</span> <span class='ocrx_word' id='word_1_797' title='bbox 720 5520 824 5577; x_wconf 79' lang='lat' dir='ltr'>Eadem</span> <span class='ocrx_word' id='word_1_798' title='bbox 842 5522 893 5580; x_wconf 88' lang='lat' dir='ltr'>illa</span> <span class='ocrx_word' id='word_1_799' title='bbox 967 5540 982 5577; x_wconf 82' lang='lat' dir='ltr'>s</span> 
     </span>
    </p>
   </div>
   <div class='ocr_carea' id='block_1_13' title="bbox 50 5523 1778 5665">
    <p class='ocr_par' dir='ltr' id='par_1_13' title="bbox 50 5523 1778 5665">
     <span class='ocr_line' id='line_1_60' title="bbox 50 5523 1778 5665; baseline -0.029 -11"><span class='ocrx_word' id='word_1_800' title='bbox 50 5598 148 5653; x_wconf 83' lang='lat' dir='ltr'>verba</span> <span class='ocrx_word' id='word_1_801' title='bbox 160 5594 360 5665; x_wconf 77' lang='lat' dir='ltr'>Hieronymus</span> <span class='ocrx_word' id='word_1_802' title='bbox 373 5607 464 5665; x_wconf 90' lang='lat' dir='ltr'>snpra</span> <span class='ocrx_word' id='word_1_803' title='bbox 479 5591 515 5646; x_wconf 90' lang='lat' dir='ltr'>ad</span> <span class='ocrx_word' id='word_1_804' title='bbox 542 5591 627 5646; x_wconf 81' lang='lat' dir='ltr'>Exod.</span> <span class='ocrx_word' id='word_1_805' title='bbox 644 5609 739 5660; x_wconf 79' lang='lat' dir='ltr'>xxxiv,</span> <span class='ocrx_word' id='word_1_806' title='bbox 754 5593 782 5660; x_wconf 88' lang='lat'>7,</span> <span class='ocrx_word' id='word_1_807' title='bbox 799 5593 888 5651; x_wconf 85' lang='lat' dir='ltr'>inter.</span> <span class='ocrx_word' id='word_1_808' title='bbox 945 5531 1069 5652; x_wconf 52' lang='lat' dir='ltr'>anem</span> <span class='ocrx_word' id='word_1_809' title='bbox 1083 5540 1152 5583; x_wconf 63' lang='lat' dir='ltr'>vem</span> <span class='ocrx_word' id='word_1_810' title='bbox 1177 5545 1205 5582; x_wconf 76' lang='lat'>¹⁰</span> <span class='ocrx_word' id='word_1_811' title='bbox 1231 5526 1350 5598; x_wconf 70' lang='lat'><strong>⁰¹³¹⁰⁸⁰</strong></span> <span class='ocrx_word' id='word_1_812' title='bbox 1370 5528 1471 5581; x_wconf 60' lang='lat' dir='ltr'>⁰⁰¹¹tm</span> <span class='ocrx_word' id='word_1_813' title='bbox 1484 5523 1665 5597; x_wconf 68' lang='lat' dir='ltr'>P⁰¹⁸3¹³¹¹⁰⁸r</span> <span class='ocrx_word' id='word_1_814' title='bbox 1683 5530 1778 5599; x_wconf 76' lang='lat' dir='ltr'>etqua</span> 
     </span>
    </p>
   </div>
   <div class='ocr_carea' id='block_1_14' title="bbox 995 5598 1027 5654">
    <p class='ocr_par' dir='ltr' id='par_1_14' title="bbox 995 5598 1027 5654">
     <span class='ocr_line' id='line_1_61' title="bbox 995 5598 1027 5654; baseline 0 0"><span class='ocrx_word' id='word_1_815' title='bbox 995 5598 1027 5654; x_wconf 84' lang='lat' dir='ltr'>·i.</span> 
     </span>
    </p>
   </div>
   <div class='ocr_carea' id='block_1_15' title="bbox 0 0 1940 6118">
    <p class='ocr_par' dir='ltr' id='par_1_15' title="bbox 0 0 1940 6118">
     <span class='ocr_line' id='line_1_62' title="bbox 0 0 1940 6118; baseline 0 0"><span class='ocrx_word' id='word_1_816' title='bbox 0 0 1940 6118; x_wconf 95' lang='lat' dir='ltr'> </span> 
     </span>
    </p>
   </div>
  </div>
 </body>
</html>
