3870 6120
103 322 107 328 ,
165 263 237 341 '443
758 273 921 335 paruuli
943 271 1297 339 uuuuulcrtttoautt
1822 281 1885 343 {dd

32 455 33 458 ι
91 402 125 491 ,’,
169 453 174 492 :
214 415 263 476 lta
286 415 512 492 consequenter
537 426 594 488 per
620 413 722 470 totum
747 406 875 483 lobum,
905 412 936 467 et
964 407 1111 474 initiate
1129 409 1199 470 cola
1225 415 1257 471 et
1284 418 1466 474 commate:
1497 414 1746 496 Hieronymiaua
1773 418 1883 477 autem

175 511 315 574 Hebraeis
329 529 403 571 mss.
433 507 607 582 codicibus,
636 511 668 569 et
695 506 727 568 in
756 506 874 568 Latinis
898 507 999 566 Cano·
1053 502 1131 560 κῶλα
1145 510 1173 562 et
1184 505 1315 580 κόμματα
1342 511 1374 571 in
1411 513 1665 576 Praelatiunculis
1706 517 1739 575 S.
1767 515 1883 576 Docto·

88 672 91 681 ‚
173 612 224 674 nis
238 609 482 689 exemplaribus,
514 608 585 670 cola
608 626 755 668 versuum
783 613 814 667 et
841 610 1000 667 commata
1054 603 1096 664 ris
1127 612 1313 679 memorata,
1339 608 1556 673 distinctiones
1594 619 1667 673 sunt
1705 610 1884 692 Scriptura·

173 710 331 789 descripta
359 706 569 788 reperiuntur.
596 710 734 775 Quorum
765 704 1000 767 distinctionem
1054 719 1124 762 rum
1141 719 1197 781 per
1222 705 1502 785 membradirisre,
1519 728 1590 789 quea
1619 727 1787 772 numerum
1816 726 1885 770 ver·

36 808 72 846 Ὺ
172 809 230 869 etsi
253 807 286 867 in
315 805 457 887 pluribus
488 823 561 866 mss.
591 804 753 867 codicibus
782 803 911 864 minime
939 802 997 864 ob·
1054 818 1145 861 suum
1161 801 1407 866 constituuntin
1422 808 1523 870 Libris
1538 809 1644 871 sacris.
1676 809 1885 881 Ouasdistin·

172 908 329 965 servatam
368 902 543 974 videamus,
581 900 703 963 nullum
738 906 907 981 propterea
934 916 1001 960 mo·
1054 897 1173 960 stiones
1200 918 1360 976 versuum,
1387 923 1472 966 nune
1508 907 1644 986 majores
1672 906 1768 968 luisse
1796 908 1884 987 apud

172 1019 246 1063 vere
281 999 398 1062 debent
442 997 708 1079 exemplariorum
749 1004 846 1059 tantae
889 996 1000 1058 disere·
1054 1002 1174 1058 veteres
1195 997 1381 1078 Scriptores,
1412 1021 1496 1066 nunc
1524 1004 1683 1067 breviores
1709 1022 1806 1083 supra
1835 1005 1883 1067 di·

172 1097 301 1181 pantiee,
346 1096 421 1176 quia
461 1096 598 1157 inductae
640 1102 713 1156 suut
737 1113 781 1156 .a
807 1093 944 1155 librariis
971 1098 1002 1155 et
1055 1093 1215 1155 cebamus.
1245 1097 1420 1178 Utrumque
1448 1107 1554 1164 autem
1583 1102 1616 1163 id
1645 1102 1882 1164 distinctionum

43 1236 60 1283 .’
174 1195 381 1276 scriptoribus
409 1193 559 1274 antiquis,
589 1194 644 1272 qui
673 1210 756 1253 nunc
784 1191 891 1272 plures
929 1208 1000 1252 sen·
1055 1207 1154 1269 genus
1168 1191 1209 1253 ab
1224 1192 1417 1274 Hieronymo
1446 1197 1589 1277 agnitum
1619 1204 1650 1261 et
1678 1205 1881 1280 usurpatum,

106 1282 109 1289 ⁴
173 1294 290 1359 tentiae
317 1292 527 1373 conjungunt,
559 1310 643 1353 nune
672 1291 862 1363 distrahunt,
908 1293 1001 1369 prout
1055 1307 1094 1349 ex
1121 1288 1262 1367 ejusdem
1292 1292 1395 1355 verbis
1422 1294 1560 1357 breviter
1602 1295 1883 1359 demonstrandum

173 1394 207 1455 in
236 1393 394 1454 calamum
430 1390 575 1460 fluerent,
606 1396 637 1451 et
664 1389 788 1451 animus
828 1387 1000 1467 scriptoris,
1055 1393 1112 1448 ast.
1156 1388 1309 1450 Versuum
1351 1390 1512 1454 distinctio
1554 1394 1594 1455 ab
1644 1395 1776 1474 antiquo
1814 1413 1883 1457 mvn

173 1495 242 1553 tum
272 1488 407 1562 Hebraei,
434 1493 500 1548 tum
528 1486 646 1561 Latini,
675 1486 764 1566 operi
791 1490 873 1548 esset
899 1485 1002 1545 inteu-
1055 1490 1208 1563 usurpata
1234 1485 1267 1546 in
1290 1487 1392 1549 Libris
1419 1489 1526 1564 sacris,
1556 1509 1594 1553 ee
1620 1491 1758 1571 primum
1796 1491 1884 1554 baud

173 1594 236 1664 tus,
266 1592 323 1650 aut
349 1604 466 1665 vagus;
497 1591 532 1647 ut
564 1584 596 1647 in
624 1583 747 1663 magnis
774 1588 805 1645 et
846 1581 1002 1644 diuturnis
1055 1581 1151 1643 dubie
1179 1586 1370 1647 recensenda
1397 1593 1445 1648 est
1472 1607 1543 1667 quae
1571 1589 1605 1649 in
1633 1588 1770 1651 editione
1808 1590 1884 1651 Vul-

176 1686 326 1766 operibus
346 1684 415 1745 lieri
443 1682 534 1745 solet.
565 1682 707 1762 Scriptor
735 1680 852 1743 codicis
879 1678 1002 1742 Hebraei
1056 1685 1131 1759 gata
1158 1687 1231 1742 ente
1259 1683 1484 1764 Hieronymum
1513 1686 1701 1748 obtinebat:
1748 1706 1884 1768 quaque

178 1783 357 1850 Oratoriaui
385 1801 481 1863 supra
512 1781 677 1844 memorati
719 1780 858 1860 integros
897 1777 1217 1858 versusBcopiosior
1245 1780 1304 1841 luit
1344 1783 1466 1845 caeteris
1507 1785 1654 1846 omnibus
1676 1784 1884 1847 divisionibus

177 1883 327 1945 continue
340 1881 507 1960 descripsit
533 1881 565 1941 in
582 1885 649 1941 toto
676 1878 841 1951 Psalterio,
870 1896 928 1939 nec
955 1877 1004 1938 ul·
1057 1883 1122 1938 tam
1151 1878 1299 1958 antiquis,
1331 1899 1427 1960 quam
1456 1881 1627 1944 bodiemis.
1670 1886 1733 1945 liae
1775 1884 1884 1946 distin-

178 1981 242 2045 lam
267 1980 313 2041 ibi
341 1978 728 2040 observaritcommatum
757 1975 1001 2046 distinctionem,
1056 1974 1160 2036 ctione
1187 1993 1333 2037 versuum
1362 1979 1470 2056 partiti
1511 1979 1586 2042 olim
1629 1981 1758 2054 Psalmi,
1788 1980 1884 2061 duple

20 2100 23 2107 ·
61 2082 64 2087 '
180 2095 277 2159 quam
307 2081 413 2137 tamen
431 2080 616 2155 prosecutus
644 2080 690 2136 est
718 2073 798 2135 libro
827 2073 1004 2153 primoPa·
1058 2071 1211 2151 majoram
1253 2074 1393 2137 habuere
1433 2096 1599 2140 numerum
1640 2079 1879 2152 versiculorum,

178 2176 410 2256 ralipomenon,
455 2192 527 2235 cum
570 2191 640 2253 cap.
680 2190 733 2234 xvi
762 2172 904 2252 ejusdem
931 2169 1004 2232 libri
1058 2172 1107 2234 vel
1132 2171 1290 2234 interdum
1331 2174 1425 2253 triplo
1468 2177 1633 2256 majorem,
1676 2195 1774 2257 quam
1799 2195 1882 2239 nuuc

177 2271 340 2334 Psalmum
378 2287 427 2333 crv
469 2288 531 2332 nou
572 2269 710 2349 segniter
738 2269 916 2330 exscribere
947 2286 1003 2330 vo·
1059 2268 1222 2330 habentin
1251 2269 1508 2349 Vulgatanostre
1536 2273 1661 2335 Latina.
1676 2274 1771 2336 Verbi
1789 2291 1884 2335 eausa

178 2369 250 2432 luit.
279 2368 367 2430 Idem
396 2372 462 2429 esto
489 2366 645 2448 judicium
673 2367 713 2427 de
741 2366 894 2447 scriptore
923 2364 1005 2427 Lati-
1059 2367 1131 2429 Psal
1147 2384 1203 2428 xus
1229 2368 1322 2445 juxta
1349 2368 1535 2432 hodiernam
1564 2371 1748 2434 divisionem
1778 2371 1886 2433 decem

179 2491 231 2546 uo,
261 2489 320 2531 ms.
351 2467 468 2531 codicis
502 2465 690 2540 Bibliorum,
719 2484 813 2545 quem
851 2464 1007 2526 Colberti-
1060 2464 1201 2526 versibus
1242 2465 1407 2528 distinctus
1443 2469 1570 2548 legitur,
1599 2469 1693 2549 juxta
1721 2470 1885 2549 antiquam

179 2589 229 2632 use
273 2565 472 2629 bibliothecae
501 2565 660 2626 donarunt
687 2562 832 2625 canonici
864 2562 1006 2624 Anicien·
1061 2562 1244 2624 divisionem
1273 2563 1305 2624 in
1334 2565 1488 2628 Psalterio
1532 2570 1674 2629 Romana
1721 2566 1886 2630 duodecim

180 2685 249 2730 ses:
277 2668 304 2728 is
332 2665 415 2728 euim
444 2664 521 2725 eolis
549 2680 695 2725 versuum
725 2660 868 2723 distinxit
886 2660 1007 2740 priores
1061 2659 1305 2735 habuitrersus,
1332 2663 1382 2724 vel
1412 2664 1571 2737 tredecim,
1602 2672 1769 2726 numerato
1798 2662 1888 2726 titulo

180 2771 252 2830 octo
276 2765 326 2826 rel
354 2764 473 2838 decem,
503 2761 645 2823 Psalmos
687 2759 826 2834 Doridis,
868 2758 1007 2837 reliquos
1061 2756 1180 2820 Psalmi
1203 2776 1260 2837 pro
1290 2778 1353 2821 uno
1382 2767 1549 2822 commate.
1580 2766 1617 2822 In
1645 2763 1807 2824 communi
1834 2780 1890 2822 au·

180 2885 256 2929 vero
292 2870 460 2944 sequentes
488 2861 653 2941 descripsit
676 2861 795 2940 absque
824 2859 918 2921 simili
958 2876 1008 2920 co·
1063 2863 1126 2918 tem
1141 2861 1173 2919 et
1188 2857 1285 2919 veteri
1299 2859 1411 2920 Latina
1426 2859 1632 2923 translatione
1660 2861 1772 2940 viginti
1801 2860 1891 2940 quin·

181 2965 285 3026 lorum
339 2958 550 3031 distinctione,
608 2956 914 3038 interpunctionibus
955 2974 1006 3017 so·
1062 2972 1124 3035 que
1153 2962 1361 3017 numerantur
1388 2956 1492 3033 στίχοι,
1518 2964 1573 3020 aut
1601 2958 1713 3038 viginti
1739 2978 1796 3021 sex
1819 2976 1889 3021 cum

62 3116 65 3121 ,
181 3061 345 3125 lummodo
361 3058 511 3143 adhibitis
540 3057 572 3117 in
592 3057 655 3117 fine
682 3075 841 3118 ramnum,
871 3055 928 3116 His
956 3054 1008 3117 ad·
1063 3052 1168 3113 titulo.
1221 3053 1315 3115 Istius
1365 3056 1588 3134 copiosissima
1635 3056 1797 3118 divisionis
1823 3074 1891 3118 rer-

181 3159 294 3222 dendae
323 3162 428 3220 essent
459 3154 582 3233 aliquot
609 3153 767 3215 vementes
794 3150 1047 3218 distinctionestl
1066 3168 1156 3210 sunm
1198 3150 1341 3213 meminit
1394 3153 1617 3234 Hieronymus,
1657 3155 1733 3216 dum
1774 3152 1891 3234 virgini

183 3275 332 3321 versuum
372 3255 531 3316 interdum
561 3258 762 3315 occurrentes
786 3253 818 3313 in
846 3251 1010 3331 regiislie-
1064 3247 1282 3310 eruditissima
1312 3251 1483 3312 liustocbio
1524 3251 1692 3331 respondet
1735 3251 1891 3331 prooemio

183 3354 279 3416 bracis
307 3351 477 3425 codicibus,
513 3349 608 3430 inque
636 3350 736 3412 tribus
777 3349 1011 3429 exemplaribus
1064 3345 1166 3407 inlib.
1187 3363 1237 3409 rvr
1264 3348 1570 3410 Commentariorum
1594 3349 1626 3411 in
1655 3349 1790 3411 isaiam:
1818 3350 1891 3410 Non

183 3451 303 3515 Latinis
344 3449 480 3511 (lenonis
511 3447 673 3510 Hebraieae
701 3447 841 3510 veritatis
866 3447 926 3508 nisi
954 3467 1009 3509 eu·
1060 3452 1202 3526 parvam,
1218 3445 1332 3526 inquit,
1354 3445 1435 3507 milri
1462 3446 1722 3527 quaestiunculam
1760 3446 1895 3508 detulis-

183 3549 267 3610 rioso
308 3546 420 3609 lectori
458 3545 640 3607 sufficerent
680 3564 751 3625 qua
800 3545 1010 3625 praemisimus
1065 3543 1101 3616 ti,
1132 3543 1217 3624 quod
1238 3543 1360 3605 scilicet
1375 3550 1443 3606 octo
1471 3566 1580 3607 sersus
1607 3546 1664 3627 qui
1691 3545 1843 3627 leguntur
1860 3546 1895 3606 in

184 3644 332 3724 exempla
347 3643 505 3704 adcausae
521 3642 776 3721 explicationem.
1064 3641 1228 3720 Ecclesiis,
1257 3647 1287 3702 el
1313 3642 1347 3702 in
1374 3641 1534 3705 Hebraico
1562 3664 1623 3705 nan
1652 3643 1819 3726 habentur,
1835 3650 1895 3705 tar·

223 3742 354 3806 Nuncsi
382 3741 423 3802 ad
444 3739 601 3820 periodos,
632 3739 701 3802 oola
729 3746 761 3801 et
788 3746 946 3802 commate
970 3740 1010 3803 ab
1065 3739 1105 3800 tii
1118 3739 1233 3800 decimi
1247 3740 1382 3814 Psalmi,
1411 3741 1586 3823 Apostolus
1615 3743 1791 3825 usurparit,
1808 3742 1894 3804 scri-

182 3840 358 3921 Augustino
374 3837 587 3901 observatain
607 3837 754 3917 lipistolis
782 3838 872 3899 Pauli
901 3839 1010 3900 redea-
1064 3834 1137 3896 bans
1175 3837 1218 3898 ad
1251 3837 1408 3900 Romanos
1437 3837 1533 3921 (Cap.
1563 3857 1608 3914 ιιι,
1638 3860 1719 3902 vars.
1748 3841 1855 3921 13-18)
1882 3860 1892 3900 .·

183 3959 264 4014 mus,
296 3937 444 4020 proclivis
469 3941 635 4015 astatque
659 3936 807 4015 expedita
835 3937 1009 4017 responsio,
1064 3935 1250 4014 Sepulcrum
1267 3943 1379 4014 patens
1408 3944 1456 3999 est
1482 3943 1592 4017 guttur
1621 3956 1743 4018 eorum,
1774 3937 1892 4018 linguis

183 4037 417 4100 sanctissimum
442 4033 615 4097 antistitem
645 4034 817 4115 respexisse
847 4034 902 4096 lib.
929 4035 1012 4097 rudo
1064 4031 1129 4093 suis
1158 4031 1266 4095 dolose
1294 4034 1442 4112 agebant,
1472 4053 1629 4097 venenum
1655 4035 1803 4116 aspidum
1831 4033 1891 4096 sub

182 4134 332 4198 Doctrina
373 4131 562 4205 Christiana,
606 4150 669 4192 non
698 4130 738 4192 ad
778 4130 1010 4193 distinctionem
1065 4128 1157 4191 labiis
1198 4149 1318 4193 eorum.
1362 4136 1501 4200 Quorum
1545 4151 1580 4195 os
1608 4132 1832 4196 maledictione
1858 4137 1892 4195 σι

182 4250 330 4294 versuum
354 4230 502 4292 usitatam
531 4229 562 4289 in
591 4228 814 4303 Librissacris,
830 4229 885 4290 sed
901 4230 940 4289 ed
958 4229 1010 4291 ba·
1064 4227 1274 4289 amaritudine
1317 4229 1444 4308 plenum
1474 4236 1531 4304 est,
1566 4231 1688 4292 veloces
1717 4231 1814 4312 pedes
1841 4248 1893 4292 eo·

182 4327 432 4409 giograpborum
448 4326 637 4407 scriptorum
661 4326 887 4405 eloquentiam,
912 4344 1009 4406 quem
1064 4343 1133 4385 rum
1164 4325 1203 4386 ad
1232 4326 1455 4388 effundendum
1499 4329 1697 4408 sanguinem.
1736 4326 1892 4391 conuitio

182 4424 347 4489 ostendere
389 4422 509 4484 studuit
553 4428 747 4484 econtextu
796 4422 1008 4501 Epistularum
1064 4428 1095 4484 et
1124 4423 1291 4485 infelicitas
1319 4425 1350 4485 in
1381 4425 1439 4486 viis
1464 4445 1585 4501 eorum,
1614 4433 1646 4488 et
1673 4427 1761 4489 riam
1804 4426 1894 4507 pacis

181 4522 338 4600 B.Pauli,
369 4520 423 4583 ubi
452 4520 668 4600 grammatice
684 4521 760 4582 artis
776 4521 1005 4592 distinctiones,
1023 4524 1047 4590 ι)
1063 4539 1126 4581 non
1156 4527 1373 4600 cognoverunt
1402 4540 1410 4596 3
1440 4540 1503 4584 non
1532 4530 1580 4585 est
1608 4523 1704 4585 timor
1730 4524 1789 4586 Dei
1815 4529 1891 4586 ante

182 4641 219 4686 ac
247 4623 332 4699 leges
360 4618 561 4698 elegantioris
588 4618 742 4680 sermonis
766 4619 1005 4696 probenturre-
1061 4619 1171 4680 oculos
1197 4638 1317 4680 eorum.
1352 4618 1448 4698 Quod
1474 4640 1544 4681 cum
1570 4621 1741 4700 audissem,
1757 4621 1891 4703 quasia

182 4725 288 4782 tentae.
305 4717 381 4778 Gula
407 4717 504 4796 igitur
531 4721 562 4777 et
591 4722 749 4777 commata
776 4719 809 4777 S.
840 4716 1007 4794 Augustini
1059 4717 1236 4786 fortissimo
1247 4717 1357 4799 pugile
1376 4727 1546 4801 percussus
1574 4740 1680 4795 essem,
1710 4721 1789 4802 coepi
1816 4718 1892 4780 laci·

181 4816 262 4879 nihil
290 4815 351 4876 hoc
379 4814 449 4876 loco
477 4814 599 4894 spirant
634 4819 750 4893 prater
786 4813 1005 4892 gradationem
1060 4818 1112 4874 tus
1140 4819 1282 4890 estuare,
1297 4820 1494 4899 atstuporsm
1510 4818 1622 4878 mentis
1637 4815 1748 4878 vultus
1764 4816 1891 4901 pallore

180 4913 432 4998 grammaticam,
464 4929 528 4990 qua
556 4911 652 4972 verba
679 4911 728 4971 rel
757 4928 851 4972 censa
893 4929 1007 4973 conne-
1059 4913 1201 4994 signare,
1219 4920 1280 4975 etc,
1311 4917 1389 4977 Octo
1416 4915 1464 4977 illi
1491 4934 1611 4996 versus,
1641 4916 1696 4996 qui
1721 4923 1788 4978 tres
1815 4923 1888 4979 tau·

179 5018 309 5077 ctuutur
331 5010 465 5073 alterum
495 5026 534 5069 ex
562 5009 674 5087 altero,
705 5009 785 5070 sieut
813 5010 904 5071 Rom.
925 5012 1002 5084 r,‚3
1060 5015 1126 5072 tum
1153 5011 1272 5073 babent
1301 5012 1517 5076 distinctiones
1544 5015 1577 5076 in
1606 5020 1714 5077 nostra
1751 5014 1889 5095 Vulgata
1921 5068 1923 5073 ⁴

178 5130 217 5174 ex
233 5107 437 5171 tribulatione
466 5104 663 5184 patientiam,
693 5124 730 5168 ex
759 5106 913 5186 patientia
929 5125 1004 5187 pro-
1060 5111 1181 5184 betina,
1211 5109 1272 5171 et
1264 5128 1296 5171 m
1320 5111 1474 5185 Romano,
1503 5111 1670 5185 Psalterio,
1688 5112 1750 5174 hoc
1778 5113 1889 5175 ordine
1919 5156 1927 5203 t

177 5209 349 5278 bationem,
394 5223 432 5265 ex
472 5202 658 5282 probatione
700 5222 788 5284 spem
827 5222 1003 5267 connexam
1058 5208 1454 5270 etnumerodecurrunt
1445 5228 1478 5270 ru
1507 5210 1661 5272 Psalterio
1691 5212 1724 5271 S
1755 5214 1927 5306 Germa-3

177 5306 344 5369 ridemus.
360 5299 522 5361 reldecus
549 5301 634 5362 uliud
664 5302 826 5378 orationis,
845 5322 908 5383 quo
933 5309 1005 5382 post
1058 5305 1101 5377 ni,
1118 5310 1255 5365 veterem
1271 5305 1438 5383 Vulgatam
1468 5313 1500 5369 et
1526 5305 1631 5374 Καινὴν
1659 5309 1843 5388 complexo,
1858 5276 1927 5407 σιξ

179 5405 286 5485 aliqua
309 5395 544 5480 pronuntiantis
571 5415 648 5460 uoce
676 5399 801 5479 singula
827 5400 929 5476 finita,
958 5419 1004 5462 se·
1058 5400 1243 5474 uncialibus,
1277 5407 1309 5462 ut
1337 5408 1461 5480 vocant,
1497 5404 1610 5467 litteris
1647 5405 1755 5468 aureis
1793 5360 1927 5510 atquell

180 5502 286 5582 quitur
313 5497 450 5561 ambitus
478 5494 543 5555 sive
571 5493 729 5572 circuitus,
755 5515 924 5577 quemp
873 5515 924 5572 περ
928 5492 1000 5552 totos
1057 5499 1214 5579 argenteis
1229 5505 1385 5563 exarato:

180 5599 367 5679 appellant:
383 5591 662 5673 grammaticorum
691 5601 723 5656 et
737 5600 899 5658 oratorum
927 5602 1001 5659 sunt
1090 5605 1264 5678 Sepulcrum
1277 5610 1383 5679 patens
1397 5612 1444 5666 est
1457 5612 1562 5682 guttur
1576 5625 1691 5682 eorum,

1915 5454 1927 5608 l
