3870 6120
110 317 151 377 aa
312 328 316 335 »
693 309 858 373 surana
880 310 1233 375 acuunturmuauu
1654 284 1657 291 ’
1775 317 1816 378 sa

112 468 220 511 amara
246 446 355 508 dulcia
383 464 448 506 esse
474 443 632 522 videntur,
661 443 748 523 quod
781 442 814 504 in
843 441 935 503 editis
948 447 976 513 Α
991 449 1076 504 insta
1091 444 1260 508 translatio
1274 446 1431 524 dissonat,
1447 445 1522 527 quia
1540 446 1624 526 quod
1641 445 1675 507 in
1689 445 1749 508 hac
1777 450 1815 510 de

112 548 197 627 apud
224 545 451 623 Hieronymum
478 541 721 603 Commentariis
744 540 860 619 legitur
887 558 938 601 ca·

114 647 179 726 pito
195 660 238 718 ss,
269 660 348 703 vers.
376 643 397 702 6
418 639 502 713 Jobi,
520 657 584 700 non
608 645 742 718 apparet
765 639 850 718 apud
864 636 938 699 Phi·

115 744 238 823 lippum
294 738 479 818 Hieronymi
532 737 687 817 optimum
745 735 935 797 auditorem.

12 835 15 839 ’
115 840 205 905 Unda
233 837 364 917 colligas
389 836 577 915 Hieronymi
618 840 814 897 coaetaneum
864 834 937 894 scri·

112 943 234 1018 ptorem
265 954 328 997 nou
358 933 453 996 aliam
482 933 515 995 iu
544 933 607 994 suis
629 933 790 1013 opusculis
805 931 937 993 transla-

111 1035 230 1096 tionem
275 1032 418 1094 Latinam
457 1031 518 1092 sibi
545 1030 746 1111 proposuisse
780 1047 938 1109 exponen·

113 1133 200 1204 dam,
247 1131 306 1192 nisi
358 1128 636 1209 Hieronymianam
677 1128 765 1189 illam
807 1144 934 1200 nouam,

113 1248 210 1310 quam
238 1229 383 1308 superius
409 1227 593 1289 dicebamus
619 1225 651 1286 in
668 1225 803 1305 Speculo
826 1229 858 1286 S.
876 1228 936 1286 Au·

990 541 1058 602 Dco
1073 543 1204 620 dicitur,
1221 542 1279 604 ltoc
1294 544 1327 603 in
1343 543 1404 604 iiia
1418 544 1457 604 ale
1472 544 1668 605 aduersariis
1686 551 1716 605 et
1735 555 1814 627 per-

990 638 1184 700 secutoribus
1212 647 1411 702 memoratur.
1436 640 1500 702 Sed
1523 647 1624 702 tamen
1640 643 1722 723 ¹qnia
1750 643 1815 704 haec

990 756 1069 796 nova
1093 737 1262 799 translatio
1286 759 1322 799 ex
1346 737 1480 799 Hebraeo
1504 738 1594 800 nobis
1613 740 1815 824 Arabicoqua

991 833 1113 914 eloquio
1126 841 1236 896 cuncta
1250 836 1356 897 nerins
1380 837 1594 909 transfudisse
1613 837 1811 920 perhibetur,

990 932 1177 992 credendum
1205 939 1251 993 cst
1277 934 1437 1015 quidquid
1465 935 1498 994 in
1527 955 1561 994 ea
1598 935 1719 996 dicitur
1745 958 1754 997 :
1784 944 1814 998 ct

991 1036 1109 1110 oportet
1133 1036 1167 1091 nt
1189 1030 1279 1091 uerba
1304 1031 1397 1092 illius
1426 1044 1534 1092 nostra
1560 1035 1712 1115 expositio
1737 1035 1811 1096 sub-

991 1127 1093 1188 tiliter
1121 1128 1265 1190 rimetur.
1295 1129 1356 1190 Ait
1381 1150 1480 1210 ergo:
1509 1129 1657 1191 Mutatus
1680 1152 1723 1211 cs,
1749 1139 1811 1195 etc.

990 1227 1039 1287 lta
1054 1229 1185 1305 Magnus
1211 1227 1265 1288 ille
1293 1228 1472 1308 Gregorius,
1508 1228 1653 1291 Ecclesiae
1681 1231 1813 1293 catholi-

116 1326 235 1408 gustini
261 1331 491 1389 conservatam.
520 1328 640 1386 Proeter
667 1324 825 1403 integrum
863 1322 937 1384 Jobi
990 1341 1035 1385 cae
1063 1323 1182 1398 lumen,
1212 1343 1472 1405 summorumque
1500 1328 1685 1406 pontificum
1716 1329 1813 1392 decus

28 1488 31 1495 ,
117 1431 251 1499 textum,
281 1423 398 1485 multas
425 1422 660 1503 scripturarum
698 1420 870 1481 sententias
898 1437 936 1480 ac
990 1427 1021 1482 ei
1035 1422 1209 1502 exemplar,
1225 1427 1322 1490 Quem
1339 1424 1366 1484 si
1385 1424 1512 1485 fuissem
1543 1425 1711 1497 aliquoties
1738 1427 1811 1488 imi-

1 1547 2 1553 *
113 1522 343 1604 prophetarum
364 1538 524 1582 sermones
547 1517 935 1598 recitathilippusjuxta
990 1524 1073 1579 tatus
1102 1520 1134 1579 in
1159 1519 1251 1581 laude
1288 1521 1542 1601 Hieronymiauae
1584 1524 1810 1604 translationis,

114 1621 286 1684 editionem
310 1637 424 1681 novam
452 1618 501 1680 sui
527 1617 680 1697 magistri,
711 1622 747 1677 ut
772 1621 820 1676 est
854 1614 935 1674 iilud
989 1616 1123 1678 dicendo
1152 1636 1222 1678 eam
1247 1618 1338 1679 nobis
1367 1620 1472 1680 arrius
1500 1623 1813 1684 cunctatransiudis·

112 1737 238 1781 comma
265 1718 416 1780 omissum
446 1733 466 1777 a
492 1717 572 1778 LXX
607 1713 863 1777 'translatoribus
901 1713 934 1773 in
989 1732 1033 1789 se,
1064 1733 1100 1776 ac
1131 1716 1322 1777 credendum
1351 1718 1511 1799 quidquid
1545 1719 1578 1780 in
1620 1738 1657 1781 ea
1695 1721 1812 1800 legitur

113 1818 176 1878 tine
191 1815 323 1897 capituli
349 1833 372 1876 11
396 1813 486 1876 Isaiae
515 1812 681 1893 prophetae
694 1830 700 1874 :
714 1810 875 1889 Quiescite
895 1808 933 1870 ab
948 1816 972 1882 Β
987 1813 1158 1893 scriptum:
1189 1817 1271 1875 Deus
1298 1815 1400 1877 bonel
1432 1822 1569 1896 quantos
1593 1819 1809 1880 sustinuissem

112 1914 236 1975 lamine
263 1912 355 1987 cujus
383 1911 517 1993 spiritus
545 1910 578 1970 in
606 1908 737 1970 naribus
763 1907 832 1982 cius
867 1913 933 1968 est:
990 1910 1127 1989 impetus
1155 1918 1186 1972 at
1214 1914 1335 1975 furores
1357 1915 1532 2006 pciolorum
1562 1913 1656 1994 hujus
1684 1922 1809 1997 tempo-

117 2019 191 2091 quta
220 2009 360 2071 excelsus
390 2013 551 2091 reputatus
579 2013 626 2067 est
641 2007 706 2089 ipse
720 2006 797 2084 (Iso.
814 2023 847 2081 11,
872 2005 933 2084 Hi).
990 2006 1043 2080 ris,
1061 2008 1115 2088 qui
1130 2011 1386 2085 metemeritatis
1409 2012 1592 2073 insimulare
1618 2013 1734 2075 alicubi
1758 2033 1813 2076 aa·

990 2105 1015 2164 si
1042 2112 1126 2182 sunt,
1156 2108 1240 2187 quod
1268 2108 1417 2170 dixissem
1433 2110 1604 2171 Ecclesiam
1632 2114 1808 2176 Romanam

991 2220 1153 2281 nunquam
1169 2204 1348 2267 discessisse
1363 2224 1382 2267 a
1396 2206 1535 2287 Vulgata
1554 2208 1676 2280 Latina,
1705 2209 1738 2269 in
1764 2229 1812 2271 re-

117 2112 182 2171 Hac
198 2107 354 2171 sententia
381 2108 480 2169 utitur
506 2106 673 2186 Philippus
700 2104 844 2167 ineditis
872 2122 936 2165 om-

116 2207 209 2268 nibus
237 2203 490 2276 Commentariis,
520 2221 591 2264 cum
620 2202 659 2261 de
687 2201 811 2263 Gbristo
843 2200 937 2260 inter-

5 2310 9 2317 '
113 2309 256 2384 pretatur
269 2301 325 2364 illa
338 2300 435 2364 verba
462 2300 521 2362 Job
549 2318 618 2379 cap.
646 2315 745 2373 xxurr,
775 2304 813 2359 3:
849 2296 936 2375 Quia
990 2299 1158 2362 busetiam
1180 2303 1423 2383 chronologicis.
1455 2305 1516 2367 Sed
1545 2323 1647 2386 apage
1675 2307 1815 2370 anobis

2 2450 4 2457 ,
116 2403 216 2463 donee
248 2404 388 2482 superest
425 2397 547 2459 halitus
587 2397 621 2457 in
650 2417 706 2476 me,
744 2401 774 2456 et
801 2395 935 2476 spiritus
991 2397 1174 2477 hujusmodi
1201 2401 1381 2481 scriptores,
1412 2404 1467 2482 qui
1495 2403 1613 2465 iberiae
1643 2404 1812 2466 naeniasii·

111 2498 176 2562 Dei
213 2499 246 2560 in
283 2496 415 2559 naribus
452 2495 540 2557 meis.
571 2494 666 2556 Plura
706 2511 876 2573 congerere
903 2492 935 2552 in
990 2497 1054 2557 bris
1069 2498 1259 2560 authenticis
1280 2501 1463 2579 preferant,
1490 2520 1548 2563 nec
1573 2502 1730 2581 judicium
1756 2504 1814 2563 Ec·

118 2605 266 2680 promptu
283 2604 351 2660 erat
365 2616 403 2659 ex
417 2595 573 2676 Procopio
596 2594 691 2656 etiam
720 2595 850 2666 Gazam
881 2593 934 2653 sed
990 2594 1091 2656 clasiae
1126 2596 1182 2656 Dei
1218 2616 1387 2659 suorumve
1425 2599 1609 2678 pontificum
1648 2600 1812 2661 nobiscum

112 2697 344 2778 longitudinem
361 2695 448 2775 iugio
476 2695 508 2755 in
534 2711 569 2756 re
597 2693 673 2754 satis
701 2710 857 2772 superque
885 2692 937 2752 de·
990 2699 1223 2757 consectantur.

114 2801 300 2858 monstrata.
1030 2791 1163 2854 Matrem
1180 2793 1320 2854 omnium
1337 2794 1561 2868 Ecclesiorum,
1591 2796 1652 2871 cui,
1682 2804 1812 2860 auctore

152 2895 203 2956 lv.
245 2892 316 2954 Dixi
352 2892 385 2952 in
418 2889 558 2953 Ecclesia
594 2893 740 2951 Romana
777 2891 934 2967 receptam
990 2894 1065 2964 Deo,
1096 2891 1243 2970 presedit
1270 2893 1450 2972 Gregorius,
1465 2893 1594 2969 fcaeterae
1621 2912 1731 2955 omnes
1754 2900 1813 2957 La-

112 2991 208 3054 iuisse
250 3001 393 3068 tempore
429 2986 584 3065 Gregorii.
618 2986 726 3063 Magni
767 2989 936 3062 utramque
990 2988 1065 3049 tinae
1092 2994 1208 3049 secutae
1236 2996 1321 3063 sunt,
1343 3008 1458 3052 nouam
1488 3009 1527 3052 ex
1555 2991 1813 3055 Hebrasoeditio-

113 3090 348 3171 scripturarum
365 3087 546 3158 editionem,
564 3090 595 3147 et
610 3090 759 3158 veterem,
775 3090 806 3145 et
820 3102 934 3145 novam
990 3104 1060 3146 nem
1078 3086 1310 3165 scripturarum
1336 3086 1552 3167 suscipientes,
1582 3108 1620 3150 eo
1649 3091 1733 3170 quod
1763 3091 1812 3152 iu·

111 3185 401 3268 Hieronymianam.
440 3186 519 3243 Nam
549 3180 621 3242 licet
650 3198 759 3242 omnes
786 3178 969 3250 Ecclesiae
989 3188 1037 3242 ter
1050 3200 1160 3243 omnes
1188 3183 1282 3262 longe
1310 3191 1485 3263 praestaret.
1511 3186 1682 3248 clariorem
1698 3187 1813 3249 essein

111 3283 361 3364 Gbristiprimas
389 3285 494 3360 partes
523 3278 697 3339 tribuerent
723 3277 770 3338 iili
799 3277 933 3338 transla-
988 3280 1102 3359 verbis,
1131 3299 1168 3342 ac
1196 3282 1390 3344 veraciorem
1419 3284 1451 3344 in
1493 3285 1667 3359 sententiis,
1706 3287 1814 3348 nuilus

113 3382 202 3455 tioni,
232 3398 328 3461 quam
352 3379 392 3440 de
414 3376 555 3438 tontibus
570 3376 730 3438 Hebraicis
758 3376 932 3437 derivatam
988 3378 1191 3457 antiquorum
1221 3398 1337 3458 negare
1366 3382 1451 3443 uisus
1479 3388 1544 3442 est:
1575 3382 1814 3461 undelegimus

111 3486 276 3555 sueverant,
315 3482 445 3558 propter
472 3473 693 3554 antiquitatem
722 3480 829 3535 tamen
856 3475 932 3535 Vul-
988 3475 1073 3553 apud
1097 3476 1252 3537 Isidorum
1283 3478 1499 3556 Hispalenscm
1529 3479 1583 3541 lib.
1614 3498 1625 3540 1
1652 3480 1692 3541 de
1720 3481 1811 3542 Oiiic.

111 3585 195 3658 gata
210 3577 328 3640 Italicas
344 3573 506 3648 versionis,
523 3572 695 3633 noluerunt
708 3591 837 3653 prorsus
865 3579 932 3633 stu·
987 3573 1073 3634 Eccl.
1090 3592 1159 3653 cap.
1179 3578 1235 3635 m:
1252 3573 1302 3634 De
1316 3573 1449 3636 Hebraea
1478 3581 1580 3636 autem
1604 3577 1638 3636 in
1661 3577 1813 3639 Latinum

111 3679 197 3739 dium
226 3676 267 3737 ab
296 3675 405 3736 eadem
436 3673 590 3753 abjicere,
619 3678 711 3733 caute
739 3670 932 3751 pedetentim
987 3671 1143 3752 eloquium
1170 3673 1384 3733 tantummodo
1414 3672 1630 3744 Hieronymus
1650 3675 1814 3756 presbyter

112 3776 220 3838 omnia
240 3773 403 3843 facientes,
422 3777 455 3833 ut
482 3772 568 3852 quod
597 3769 790 3847 senescebat,
821 3773 932 3847 suapte
988 3789 1096 3830 sacras
1128 3770 1311 3853 Scripturas
1345 3772 1514 3832 convertit:
1547 3772 1639 3852 cujus
1669 3773 1810 3835 editione

111 3875 152 3936 ad
177 3872 338 3934 interitum
368 3869 500 3930 ueniret.
530 3870 627 3930 Usum
642 3874 749 3929 autem
769 3867 932 3945 utriusque
986 3868 1180 3947 generaliter
1233 3888 1339 3930 omnes
1390 3869 1538 3931 Ecclesiae
1593 3891 1813 3953 usquequaque

109 3973 230 4034 Latinas
257 3966 525 4049 interpretationis
552 3966 659 4028 docuit
687 3984 744 4027 nos
764 3965 832 4045 ipse
859 3968 933 4024 Gre·
988 3971 1133 4046 ntuntur‚
1141 3975 1201 4049 pro
1214 3987 1248 4027 eo
1263 3967 1348 4048 qnod
1362 3968 1501 4028 veracior
1516 3969 1560 4028 sit
1574 3969 1607 4029 in
1632 3971 1809 4048 sententiis,

109 4070 216 4149 gorius
230 4073 366 4147 Magnus
384 4064 517 4146 epistola
531 4064 735 4137 dedicatoria,
760 4063 825 4124 sive
852 4081 933 4142 prae·
987 4069 1017 4123 et
1040 4062 1160 4124 clarior
1188 4064 1222 4123 in
1237 4064 1351 4125 verbis.
1367 4067 1443 4126 Gum
1461 4066 1532 4127 talis
1547 4067 1641 4127 suerit
1659 4066 1812 4148 interpre-

109 4167 227 4228 tatione
252 4164 419 4228 ltioralium
448 4162 679 4242 expositionum
709 4161 741 4221 in
770 4160 858 4234 J0b;
888 4160 932 4222 ait
986 4161 1064 4222 tatio
1093 4162 1287 4241 Hieronymi,
1313 4170 1348 4223 ut
1375 4162 1534 4224 definitive
1550 4165 1737 4243 pronuntiat
1762 4165 1813 4226 Isi·

111 4263 195 4325 enim
225 4261 265 4323 ad
292 4262 417 4322 linem:
448 4260 569 4320 Nouam
597 4279 667 4320 aero
691 4258 930 4320 translationem
987 4259 1096 4333 dorus,
1113 4260 1225 4319 mirum
1243 4260 1318 4339 quid
1348 4266 1405 4335 est,
1435 4261 1461 4321 si
1490 4267 1625 4323 veterem
1653 4263 1813 4324 obscurio·

108 4360 243 4437 dissero,
272 4358 329 4418 sed
355 4362 390 4417 ut
413 4356 674 4439 comprobationis
703 4377 797 4417 caum
816 4356 929 4436 exigit,
986 4375 1051 4418 rem
1068 4357 1100 4417 in
1130 4358 1244 4430 uerbis,
1274 4359 1306 4418 iu
1336 4359 1499 4420 sententiis
1528 4379 1592 4421 non
1621 4361 1699 4421 adeo
1727 4379 1813 4423 vera·

109 4479 191 4519 nunc
219 4475 344 4528 nocam,
375 4475 457 4515 nunc
495 4460 622 4515 ueterem
654 4463 711 4537 per
752 4455 931 4515 testimonia
987 4473 1053 4515 cem
1084 4473 1193 4516 omncs
1230 4456 1377 4517 Ecclesiae
1420 4456 1653 4537 repudiarint?
1679 4462 1724 4520 De
1754 4478 1812 4520 usu

113 4575 258 4616 assumo:
275 4553 687 4635 utquiasedesapostoliea
715 4553 781 4633 (cui
808 4551 1093 4631 ascetareliitaque
1135 4552 1390 4632 Hieronymianae
1427 4555 1643 4616 translationis
1680 4564 1811 4636 recepto

108 4651 624 4736 Deoprasideo)utraqueutitur,
642 4650 703 4710 mei
730 4669 850 4730 quoqne
880 4649 932 4710 la·
985 4650 1070 4728 apud
1094 4668 1203 4711 omues
1239 4651 1406 4725 Ecclesiae,
1451 4653 1529 4714 adeo
1573 4659 1722 4714 constans
1764 4660 1811 4715 est

110 4751 165 4814 bor
191 4749 294 4812 studii
320 4770 357 4809 ex
394 4754 525 4829 utraque
544 4747 717 4821 [reiciatur.
753 4750 813 4816 Pro
842 4752 931 4808 textu
985 4747 1122 4825 Gregorii
1167 4765 1203 4808 ac
1244 4748 1355 4808 isidori
1398 4749 1588 4822 testificatio,
1619 4757 1653 4811 ut
1681 4751 1809 4825 trustra,

112 4850 251 4913 habebat
277 4864 406 4922 novam,
435 4846 543 4907 idest
575 4844 770 4925 Hieronymi,
801 4844 932 4905 translu·
985 4845 1069 4923 quod
1098 4845 1194 4906 Italos
1232 4864 1268 4906 ac
1310 4846 1466 4926 Hispanos
1508 4853 1640 4926 spectat,
1670 4847 1808 4927 idipsum

108 4948 240 5023 tionem,
268 4945 309 5007 ad
347 4944 438 5025 cujus
479 4948 601 5004 tantum
638 4942 929 5023 comprobationem
984 4942 1119 5003 aliorum
1147 4942 1335 5022 scriptorum
1362 4943 1526 5004 sententiis
1565 4945 1808 5006 affirmaremus.

4 5056 11 5101 ’.
107 5051 196 5107 vetus
211 5042 274 5104 alia
288 5041 329 5103 ab
356 5060 393 5103 eo
422 5039 647 5120 usurpabatur.
671 5043 830 5108 Quantum
856 5058 930 5101 uero
983 5041 1032 5101 Ad
1047 5045 1203 5101 nostrates
1218 5039 1316 5119 igitur
1330 5041 1565 5120 properandum
1590 5048 1648 5115 est,
1673 5043 1749 5121 quia
1779 5042 1813 5102 fl-

107 5140 308 5207 auctoritatis
339 5138 526 5201 attribueret
553 5136 807 5216 Hieronymianae
835 5156 931 5218 super
984 5138 1055 5199 dem
1086 5138 1179 5199 etiam
1206 5138 1367 5200 Gallorum
1402 5138 1543 5218 postulat
1583 5139 1734 5201 articulus
1766 5158 1813 5202 se·

106 5242 232 5314 Italam,
262 5243 371 5317 aperte
399 5234 572 5297 declaravit
597 5235 652 5295 lib.
679 5253 720 5296 xx
745 5235 927 5306 Moralium,
983 5255 1093 5316 quens.

106 5359 176 5420 cap.
203 5340 254 5409 23,
284 5333 339 5416 ubi
365 5332 563 5413 expositione
588 5351 645 5392 aua
672 5333 757 5394 hune
785 5332 859 5395 Jobi
886 5333 930 5395 lo·
1023 5335 1058 5396 V.
1089 5333 1242 5395 Gallicani
1269 5336 1413 5397 Psalterii
1444 5336 1648 5397 nomentulit
1668 5336 1813 5399 Psalmo·

108 5454 179 5497 cum
195 5435 352 5496 illustrat:
378 5429 526 5490 Mutatus
543 5428 670 5489 esmili
698 5429 731 5489 in
759 5429 926 5510 crudelem,
982 5449 1052 5491 rum
1082 5431 1161 5492 liber
1187 5432 1227 5492 ab
1255 5432 1446 5514 Hieronymo
1470 5434 1585 5494 iterum
1603 5435 1809 5512 emendatus,

109 5538 138 5593 et
154 5532 187 5591 in
202 5527 326 5591 deeritia
341 5546 454 5589 manus
483 5532 542 5587 tua
556 5525 737 5587 adversaris
765 5526 846 5587 milri
859 5526 928 5606 (Job
986 5528 1155 5608 editusque
1172 5547 1242 5591 cum
1260 5531 1360 5592 obelis
1373 5537 1404 5593 et
1431 5531 1607 5603 asteriscis:
1642 5532 1703 5594 boc
1731 5551 1811 5595 uero

106 5646 183 5706 xxx,
200 5626 525 5711 it).Longe‚inquit,
548 5623 586 5685 ab
613 5623 672 5685 isac
699 5625 851 5687 sententia
878 5647 927 5686 ue·
980 5627 1108 5691 nomine
1148 5628 1306 5710 appellata
1349 5636 1395 5692 est
1432 5629 1587 5710 posterior
1613 5630 1670 5693 illa
1708 5630 1810 5695 editio
