3870 6120
106 164 173 223 13³1
398 179 401 184 ·
544 140 548 144 ’
629 159 1299 239 suvaaouvurn1v1vaa1auorasux.

142 290 280 367 gaudebit
295 295 391 349 tecum
404 307 454 347 cor
467 305 585 346 meum:
945 286 1018 356 Ast
1033 285 1163 342 dixeris:
1181 283 1263 341 Vires
1278 302 1338 341 non
1354 291 1538 360 suppetunt:

107 367 143 423 Et
155 364 346 421 exsultabunt
358 379 442 418 renes
457 361 525 429 mei,
1024 358 1072 430 qui
1088 358 1238 429 inspector
1253 361 1297 411 est
1312 359 1421 427 cordis,
1437 360 1445 414 i
1469 376 1501 415 se
1517 359 1670 436 intelligit.

147 453 214 494 cum
229 435 325 492 locuta
339 435 449 490 luerint
463 438 575 489 rectum
593 431 671 489 labia
685 436 744 489 tua.
986 431 1020 487 ut
1036 432 1214 485 servatorem
1230 427 1337 484 animas
1348 434 1406 485 tuae
1422 377 1495 486 nilil
1512 431 1597 502 fallit,

112 509 176 567 Nou
192 507 346 563 aemuletur
360 522 410 561 eor
423 510 509 560 tuum
526 508 710 575 peccatores:
1022 501 1181 572 reddetque
1198 501 1310 556 bomini
1319 501 1405 573 Juxta
1420 518 1511 574 opera
1525 521 1590 559 sua.

149 580 198 637 sed
216 580 246 633 in
261 579 366 633 timore
382 576 497 632 Domini
513 581 573 631 esto
589 581 651 631 tota
666 577 731 634 die:
987 573 1122 636 Comede,
1139 572 1181 627 fili
1198 572 1336 654 minist,
1352 573 1421 644 quia
1438 577 1547 630 bonum
1564 580 1620 645 est,

114 652 188 719 Quia
201 649 324 704 babebis
340 664 422 720 spem
438 649 468 703 in
484 647 655 717 novissimo,
1023 650 1056 700 ut
1070 643 1391 726 lavum'dulcrssimum
1407 648 1517 714 gutturi
1536 656 1598 705 tuo.

149 728 178 778 et
192 720 369 793 prestolatio
383 725 435 776 tua
450 736 508 775 non
523 720 681 776 auferetur.
987 715 1034 772 Sic
1048 719 1078 771 et
1092 716 1224 770 doctrina
1239 717 1389 786 sapientie
1405 717 1510 773 animae
1526 724 1583 775 tum
1602 736 1609 773 :

113 793 201 862 Audi,
218 791 259 847 tili
276 792 326 859 mi,
341 795 371 847 et
384 796 446 849 esto
457 792 595 862 sapiens:
1024 803 1113 860 quam
1128 803 1195 842 eum
1216 787 1375 853 inveneris,
1391 785 1513 846 babebis
1527 790 1558 846 in
1574 791 1752 850 novissimis

87 856 90 863 ’
148 869 177 920 et
192 862 284 934 dirige
299 863 329 918 in
345 863 392 919 via
406 862 539 920 animum
557 868 654 917 tuum.
1023 863 1053 915 et
1068 874 1135 941 spes
1151 862 1272 941 tuanen
1289 859 1405 940 peribit.

113 935 176 994 Noli
191 949 256 991 esse
270 933 300 988 in
317 934 456 990 conviviis
492 937 652 1002 otatorum,
988 931 1030 987 Ne
1041 931 1201 1000 insidiens,
1218 934 1247 985 et
1261 931 1568 1003 quaerasrmpietatem
1585 933 1617 990 iu
1635 933 1726 991 domo
1736 936 1822 1010 justi,

148 1024 201 1063 nec
215 1005 245 1061 in
260 952 527 1062 comessationilus
538 1021 650 1077 eorum,
667 1004 718 1079 qui
730 1020 833 1062 carues
844 1005 881 1061 ad
891 1017 938 1059 ve·
1025 1018 1120 1083 neque
1134 1006 1228 1083 vastes
1245 1001 1377 1074 requiem
1392 1003 1467 1086 ejus.

186 1078 332 1135 scendum
361 1079 536 1135 conterunt:
988 1075 1099 1158 Septies
1122 1088 1200 1129 emm
1216 1074 1298 1129 cadet
1317 1073 1371 1146 [At.
1394 1075 1483 1146 cadit]
1500 1075 1602 1147 justus
1618 1082 1648 1134 et
1661 1085 1818 1152 resurget:

112 1149 188 1218 Quia
209 1152 348 1205 vacantes
364 1149 494 1221 potibus,
511 1152 540 1206 et
554 1149 658 1205 dantes
674 1146 807 1222 symbola
831 1162 939 1204 consu·
1025 1144 1108 1217 impii
1124 1149 1224 1200 autem
1239 1144 1421 1201 corruentia
1439 1145 1562 1204 malum.

187 1225 314 1276 meatur.
990 1219 1062 1275 Cum
1078 1214 1214 1272 ceciderit
1226 1215 1365 1273 inimicus
1380 1221 1461 1286 tuus,
1480 1235 1515 1274 ne
1530 1220 1676 1293 gaudeas,

151 1297 181 1348 et
195 1291 336 1348 vestietur
351 1291 459 1362 pannis
473 1289 652 1346 dormitatio.
1026 1295 1055 1345 et
1069 1291 1098 1343 iu
1115 1287 1199 1343 ruina
1215 1289 1278 1359 ejus
1292 1304 1327 1343 ne
1343 1287 1468 1345 exsultat
1483 1306 1533 1346 cor
1547 1296 1634 1346 tuum
1648 1309 1654 1346 :

116 1363 193 1420 Audi
210 1369 323 1436 patrem
339 1366 436 1434 tuum,
450 1362 500 1433 qui
514 1362 617 1434 genuit
631 1365 671 1429 te,
990 1361 1032 1419 Ne
1049 1362 1119 1415 torte
1136 1359 1231 1414 videat
1246 1360 1399 1429 Dominus,
1415 1367 1443 1416 et
1459 1361 1614 1434 displiceat
1629 1363 1669 1420 ei.

152 1440 181 1493 et
195 1451 231 1490 ne
259 1439 429 1490 contemnas
444 1449 511 1488 cum
528 1433 658 1489 senuerit
673 1435 767 1488 muter
781 1435 840 1489 tua.
1027 1437 1056 1488 et
1070 1432 1182 1486 unierat
1196 1431 1231 1485 ab
1247 1446 1280 1486 eo
1295 1433 1369 1487 iram
1385 1448 1481 1488 suam.

116 1505 279 1562 Veritatem
296 1521 370 1575 eme,
386 1510 416 1561 et
430 1503 489 1561 noli
507 1505 632 1562 vendere
991 1505 1032 1561 Ne
1047 1502 1208 1559 contendas
1223 1518 1288 1557 curn
1305 1502 1454 1585 pessimis,
1492 1509 1495 1514 '

1 1616 12 1648 Ἰ·
115 1579 293 1650 sapientem,
306 1575 521 1643 atdoctrinam‚
536 1582 564 1633 et
579 1574 814 1648 intelligentium.
1027 1592 1079 1631 nec
1095 1573 1241 1629 aemuleris
1256 1573 1385 1645 impios:

116 1648 250 1707 Exsultat
264 1648 373 1732 gaudio
388 1651 472 1720 pater
482 1648 557 1721 justi
573 1665 579 1703 :
950 1657 974 1724 Β
989 1647 1133 1720 Quoniam
1149 1661 1207 1700 non
1224 1645 1332 1701 habent
1348 1647 1513 1704 luturorunv
1531 1663 1615 1721 spem
1630 1649 1719 1722 mali,

151 1722 203 1792 qul
217 1720 392 1793 sapientiam
408 1720 520 1791 genuit,
535 1718 682 1775 letabitur
696 1718 727 1775 in
743 1735 786 1775 oo.
1026 1724 1055 1776 et
1070 1718 1191 1774 lucerna
1205 1716 1363 1789 impiorum
1379 1720 1595 1792 exstinguetur.

114 1793 247 1849 Gaudeat
258 1796 339 1863 pater
354 1796 433 1858 tuus,
450 1795 478 1846 et
493 1797 586 1847 mater
601 1796 662 1858 tua,
990 1794 1073 1851 Time
1088 1789 1258 1855 Dominum,
1275 1787 1316 1843 fili
1333 1789 1384 1856 mi,
1400 1795 1429 1847 et
1443 1807 1562 1864 regem:

149 1869 180 1920 et
193 1863 330 1929 exsultet,
347 1879 411 1934 que
427 1863 528 1935 genuit
543 1868 580 1918 te.
1026 1867 1055 1920 et
1071 1876 1140 1916 cum
1157 1860 1374 1917 detractoribus
1390 1879 1447 1918 non
1463 1862 1710 1920 commiscearis:

115 1937 225 2002 Praebe,
241 1935 284 1990 ssli
300 1934 351 2004 mi,
368 1940 516 1990 cortuum
533 1933 625 1989 mibi:
990 1932 1134 2002 Quoniam
1163 1935 1281 2016 repente
1296 1941 1452 2016 consurget
1467 1935 1592 2006 perditio
1605 1952 1712 1993 eorum
1728 1955 1735 1992 :

150 2011 179 2062 et
194 2005 270 2062 oculi
287 2007 331 2061 tui
344 2004 408 2061 vias
424 2021 506 2061 meas
521 2005 700 2075 custodiant,
1026 2004 1183 2063 struinam
1196 2008 1351 2076 utriusque
1365 2019 1432 2076 quis
1449 2007 1551 2063 novit?

115 2079 208 2135 Fovea
221 2077 298 2134 enim
315 2077 460 2148 protunda
476 2080 520 2134 est
537 2076 682 2132 meretrix.
991 2080 1056 2137 Heu
1072 2090 1190 2148 quoque
1204 2075 1408 2147 sapientibus:

151 2154 180 2206 et
195 2153 302 2231 putens
316 2153 470 2231 angustus,
488 2147 593 2205 aliena.
992 2153 1174 2232 Cognoscere
1197 2162 1353 2218 personam
1369 2147 1534 2220 injudicio,
1551 2165 1610 2206 uon
1627 2153 1676 2207 ost
1699 2151 1821 2225 bonum,

119 2221 280 2278 Insidiator
294 2220 324 2275 in
338 2235 385 2275 vra
400 2219 485 2291 quasi
501 2220 587 2275 istro:
995 2226 1050 2291 Qui
1066 2221 1169 2275 dieunt
1182 2217 1292 2290 impio:
1308 2218 1413 2275 Justus
1427 2235 1479 2276 es:

154 2295 183 2347 et
197 2307 272 2362 quos
286 2289 420 2346 incautos
434 2289 549 2360 viderit,
564 2290 730 2360 interliciat,
1027 2291 1203 2350 maledicent
1216 2289 1259 2346 eis
1270 2306 1305 2361 po
1328 2289 1649 2358 uti,etdetestabuutur
1659 2295 1820 2352 rostribus.

157 2362 211 2419 Cui
226 2379 267 2417 vae
279 2364 288 2397 ¹
299 2361 314 2416 ‘l
327 2363 414 2445 quus
429 2360 505 2433 putri
519 2361 584 2418 vae?
995 2366 1049 2433 Qui
1064 2365 1203 2436 arguunt,
1220 2306 1441 2417 tuudaluntur:

156 2433 203 2491 oui
218 2433 287 2490 rixae
300 2432 370 2488 ‘leur
388 2432 498 2488 lovea?
1029 2441 1057 2494 et
1070 2452 1103 2491 su
1127 2451 1159 2491 er
1172 2434 1254 2506 ipsos
1267 2432 1363 2490 veniet
1377 2433 1542 2491 benedictio
1555 2451 1562 2490 :

154 2505 202 2562 eui
218 2505 282 2561 sine
297 2520 387 2561 causa
400 2503 531 2567 vulnera.
994 2509 1085 2565 Labie
1100 2452 1332 2572 ‹leosculabitun

154 2575 202 2632 cui
216 2575 340 2632 suffusio
355 2575 533 2632 oculorum?
1030 2579 1080 2651 qui
1095 2583 1173 2635 reeta
1187 2578 1274 2632 verba
1285 2575 1453 2649 respondet.

119 2647 222 2705 Nonne
237 2647 284 2704 bis
299 2648 350 2719 qui
366 2650 589 2704 commorentur
602 2646 631 2704 in
647 2649 726 2719 vino,
995 2653 1126 2722 Praepara
1142 2648 1212 2705 loris
1227 2665 1302 2720 opus
1315 2653 1412 2719 tuum,

154 2723 184 2776 et
199 2719 322 2775 student
335 2718 477 2776 calicibus
492 2719 668 2790 epotandis?
1031 2728 1058 2778 et
1073 2720 1229 2793 diligenter
1242 2736 1343 2777 exerce
1358 2735 1461 2790 agrum
1474 2721 1581 2776 tuum:

23 2830 25 2835 ·
118 2790 160 2848 Ne
176 2790 320 2848 intuearis
334 2792 435 2848 vinum
455 2791 574 2863 quando
588 2791 728 2859 flavescit,
1030 2799 1063 2850 ut
1077 2798 1179 2866 postea
1193 2792 1319 2849 aedillces
1334 2793 1455 2847 domum
1471 2795 1565 2848 tuam.

156 2878 224 2920 cum
240 2860 425 2934 splenduerit
438 2862 468 2917 in
484 2863 558 2920 vitro
574 2862 655 2919 color
667 2863 732 2934 ejus
995 2870 1036 2922 Ne
1052 2866 1094 2922 sis
1109 2863 1194 2920 testis
1208 2863 1317 2919 trustra
1332 2869 1433 2919 contra
1449 2864 1618 2948 proximum
1633 2866 1732 2936 tunm,

122 2933 289 3006 Ingreditur
311 2933 429 3003 blande,
445 2934 496 2990 scd
517 2934 546 2990 in
564 2935 724 2992 novissimo
748 2934 895 2992 mordebit
910 2936 943 2990 ut
1032 2954 1085 2993 nec
1102 2937 1191 2992 lactes
1207 2951 1386 3006 quemquam
1402 2934 1488 2991 labris
1500 2934 1572 2991 tuis.

192 3005 323 3074 coluber,
956 3020 979 3088 ρ
996 3014 1037 3066 Ne
1050 3007 1148 3064 dieas:
1164 3007 1315 3073 Quomodo
1331 3007 1398 3064 lecit
1413 3006 1497 3074 mibi,
1513 3007 1557 3063 sie
1571 3006 1679 3064 laciam
1694 3008 1740 3066 el:

157 3080 186 3133 et
198 3077 276 3134 sicut
290 3075 410 3149 regulus
424 3093 536 3133 venena
549 3076 703 3134 diffundet.
1032 3079 1152 3137 reddam
1168 3077 1327 3163 unicuique
1342 3079 1505 3134 secundum
1520 3095 1596 3151 opus
1607 3096 1708 3136 suum.

123 3147 204 3205 Oculi
219 3149 262 3204 tui
278 3148 421 3205 videbunt
432 3152 595 3205 extraneas.
996 3157 1051 3208 Per
1065 3166 1167 3224 sgrum
1182 3149 1311 3207 bominis
1327 3149 1402 3223 pigri
1417 3151 1552 3221 transivi,

160 3225 188 3275 st
203 3223 349 3276 cortuum
366 3219 503 3291 loquetur
517 3236 662 3291 perversa.
1031 3228 1061 3279 et
1075 3240 1126 3295 per
1140 3222 1255 3278 vineam
1271 3221 1325 3277 viri
1341 3221 1434 3287 stulti,

123 3290 161 3347 nt
177 3290 235 3348 eris
249 3290 328 3347 sicut
342 3291 492 3348 dormiens
508 3291 537 3346 in
553 3292 649 3349 medio
666 3292 752 3354 mari.
995 3297 1031 3352 nt
1045 3311 1111 3351 eece
1126 3297 1221 3350 totum
1239 3293 1421 3366 repleverant
1435 3292 1553 3353 urtica:

158 3366 188 3417 et
202 3362 285 3432 quasi
302 3363 415 3487 sopitus
431 3364 620 3435 gubernator,
631 3365 740 3419 amisso
751 3362 831 3419 clavo
847 3380 853 3419 :
1031 3369 1208 3439 operuerant
1223 3365 1408 3436 superficiem
1434 3365 1498 3436 ejus
1523 3363 1628 3439 spina,

121 3432 156 3490 ct
168 3431 267 3488 dices:
282 3433 339 3488 Ver
360 3439 515 3489 eraverunt
528 3449 584 3504 me,
596 3435 645 3489 sed
664 3451 721 3490 non
736 3434 836 3490 dolui:
1032 3443 1060 3493 st
1076 3437 1204 3493 maceria
1217 3435 1348 3508 lapidum
1364 3437 1512 3492 destructa
1528 3442 1600 3493 erat.

158 3506 310 3560 traxerunt
326 3519 383 3570 me,
399 3508 428 3559 et
443 3520 496 3576 ego
513 3520 569 3560 non
585 3504 683 3561 sensi:
998 3511 1080 3577 Quod
1097 3525 1163 3565 cum
1178 3507 1331 3578 vidissem,
1348 3508 1432 3590 posui
1446 3508 1476 3563 in
1493 3510 1580 3565 corde
1596 3525 1661 3566 meo

154 3575 274 3647 quando
289 3574 443 3649 evigilabo,
458 3580 487 3630 et
502 3592 606 3632 rursus
622 3577 689 3632 vina
704 3575 872 3649 reperiam?
1032 3585 1061 3636 et
1076 3579 1209 3653 exemplo
1224 3579 1315 3637 didici
1330 3579 1527 3653 disciplinam.

126 3645 203 3720 (Cep.
219 3647 332 3718 XXIV.)
351 3646 392 3702 Ne
406 3647 554 3704 aemuleris
567 3647 644 3704 viros
661 3648 765 3720 malos,
996 3657 1113 3716 Parum,
1143 3652 1275 3724 inquam,
1303 3651 1441 3715 dormies,
1458 3652 1608 3708 modicum
1635 3652 1808 3720 dormitabis,

154 3735 207 3775 uec
220 3717 370 3776 desideres
384 3734 449 3775 esse
464 3735 531 3775 cnm
547 3719 607 3775 eis:
1032 3723 1193 3797 pauxillum
1209 3739 1316 3780 manus
1331 3738 1477 3793 conseres,
1494 3727 1528 3778 ut
1542 3724 1701 3796 quiescas:

118 3789 190 3858 Quia
206 3790 325 3862 rapinas
341 3790 500 3847 meditatur
514 3807 598 3847 mens
613 3807 715 3848 eorum
995 3795 1030 3852 ut
1044 3797 1140 3852 veniet
1154 3794 1206 3852 tibi
1223 3795 1309 3867 quasi
1326 3811 1430 3851 cursor
1443 3800 1559 3867 egestas
1572 3800 1636 3865 tua,

152 3865 181 3918 et
195 3861 313 3918 fraudes
327 3861 405 3918 labia
419 3878 520 3919 eorum
535 3863 712 3935 loquuntur,
1031 3871 1058 3923 et
1074 3867 1247 3923 mendicitas
1262 3868 1346 3940 quasi
1362 3867 1406 3923 vir
1420 3870 1562 3924 armatus.

121 3933 274 4006 Sapientia
286 3933 479 3990 edificabitur
491 3935 610 4005 domus,

153 4009 183 4062 et
198 4003 352 4077 prudentia
368 4005 563 4062 roborabitur·
1068 3993 1124 4047 HAE
1143 3990 1283 4058 QUOQUE
1309 3989 1509 4048 PARABOLAE
1533 3990 1748 4062 SALOMONJS,

120 4077 152 4133 ln
169 4077 302 4133 doctrina
316 4076 508 4146 replebuntur
522 4077 649 4146 cellaria,

153 4148 289 4205 universa
303 4149 471 4205 substantia
485 4150 613 4222 pretiosa
627 4154 656 4207 et
669 4148 875 4223 pulcherrima.

123 4218 174 4275 Vir
189 4219 318 4293 sapiens,
335 4220 418 4276 tortis
434 4224 497 4278 est:
995 4221 1077 4295 (Cap.
1095 4221 1196 4291 XXV.)
1212 4220 1311 4278 Gloria
1325 4220 1375 4277 [tei
1390 4224 1434 4277 est
1446 4221 1540 4279 celare
1555 4224 1692 4294 verbum,

156 4296 184 4347 et
198 4292 243 4348 vir
257 4293 373 4358 doctus,
389 4291 528 4349 robustus
543 4295 571 4347 et
585 4291 713 4348 validus.
1032 4300 1061 4350 et
1075 4294 1168 4366 gloria
1183 4310 1284 4366 regum
1300 4292 1403 4348 investi
1427 4310 1476 4350 are
1491 4310 1672 4352 sermonem.

120 4362 193 4428 Quia
209 4381 275 4419 rum
291 4364 483 4436 dispositione
498 4363 589 4419 initur
602 4362 730 4420 bellurn:
956 4389 980 4456 D
996 4365 1105 4423 Coelum
1123 4382 1253 4431 sursum,
1270 4368 1297 4421 et
1313 4368 1391 4420 terra
1406 4308 1554 4438 leuraam,

153 4438 182 4488 et
195 4433 251 4490 erit
264 4434 346 4491 salus
359 4436 410 4491 ubi
427 4434 521 4490 multa
534 4434 657 4492 consilia
672 4441 751 4492 sunt.
1032 4442 1061 4493 et
1075 4454 1124 4493 cor
1139 4453 1240 4509 regum
1256 4435 1456 4492 inscrutabile.

117 4503 238 4560 llxoelsa
252 4508 344 4563 stulto
359 4507 513 4579 sapientia.
995 4510 1085 4565 Aufer
1099 4509 1264 4578 rubiginem
1279 4509 1315 4563 de
1330 4512 1462 4579 argento,

153 4575 183 4631 iu
199 4579 283 4647 porta
298 4594 355 4633 non
371 4578 482 4651 aperiet
497 4595 529 4635 os
540 4595 639 4636 suum.
1031 4585 1060 4637 et
1075 4581 1240 4664 egredietur
1252 4596 1304 4635 vas
1319 4579 1523 4650 purissimum.

119 4647 172 4714 Oui
190 4648 299 4719 cogitat
311 4648 389 4705 mala
405 4650 510 4721 lacere,
995 4653 1086 4707 Auler
1100 4653 1279 4724 impietatem
1296 4651 1332 4706 de
1347 4650 1427 4707 vultu
1443 4651 1531 4724 regis.

154 4718 265 4776 stultus
279 4721 437 4777 vocabitur.
1031 4729 1060 4779 et
1074 4724 1239 4779 llrmabitur
1249 4721 1366 4794 justitia
1381 4722 1507 4779 thronus
1522 4722 1599 4794 ejus.

118 4790 260 4857 Cogitatio
275 4790 357 4848 stulti
374 4797 525 4865 peccatum
542 4796 603 4850 est:
995 4794 1037 4851 Ne
1051 4795 1195 4867 gloriosus
1209 4810 1351 4867 appareas
1366 4810 1462 4851 eoram
1479 4811 1558 4867 rege,

154 4869 183 4919 et
197 4863 376 4920 abominatio
388 4864 542 4921 bominum
571 4867 726 4922 detractor.
1030 4868 1104 4923 etin
1120 4867 1182 4926 loco
1198 4881 1370 4937 magnorum
1388 4883 1424 4922 ne
1438 4867 1565 4923 steteris.

119 4934 149 4992 si
165 4936 366 5007 desperaveris
380 4935 477 4991 lassus
492 4937 520 4991 in
536 4936 583 4993 die
598 4937 740 5011 angustis
754 4954 762 4995 :
996 4938 1102 4995 Melius
1116 4944 1161 4995 eet
1175 4940 1253 4994 enim
1271 4944 1302 4993 ut
1317 4938 1432 4994 dicatur
1446 4938 1499 4994 tibi
1512 4955 1519 4992 :
1534 4940 1671 4996 Ascende
1685 4939 1744 4996 bue
1758 4957 1765 4996 ε

156 5006 349 5063 imminuetur
364 5007 504 5063 fortitudo
519 5012 580 5064 tua.
1031 5027 1119 5082 quam
1136 5014 1168 5066 ut
1182 5009 1347 5065 humilieris
1363 5025 1460 5065 coram
1476 5009 1622 5084 principe.

120 5079 194 5135 Erue
209 5095 270 5150 eos,
285 5079 335 5151 qui
350 5079 499 5134 ducuntur
513 5081 549 5135 ad
564 5086 688 5136 mortem
703 5098 709 5134 :
994 5085 1061 5148 Quae
1078 5083 1214 5137 viderunt
1227 5080 1304 5138 oculi
1318 5081 1372 5149 tui,
1388 5097 1425 5137 na
1436 5083 1566 5154 proferas
1583 5083 1614 5139 in
1625 5083 1731 5158 jurgio
1745 5083 1813 5140 cito:

155 5155 184 5208 et
198 5151 249 5224 qui
264 5150 422 5208 trabuntur
436 5150 472 5206 ad
488 5150 638 5207 interitum
651 5153 776 5208 liberare
790 5167 940 5209 necesses.
1030 5171 1067 5211 ne
1081 5159 1183 5228 postea
1197 5154 1352 5210 emendare
1368 5170 1427 5210 nou
1443 5153 1550 5226 possis,

1031 4123 1104 4180 onus
1117 4123 1361 4164 ranvsnuurnuur
1378 4123 1437 4164 vim
1451 4123 1575 4165 mecam
1587 4125 1672 4166 naurs
1686 4127 1756 4167 runa
1767 4110 1786 4180 ³,

156 5328 408 5388 ¹llebreusbabet
418 5303 452 5384 ad
464 5328 597 5400 verbum,
609 5330 664 5386 cui
673 5329 701 5385 ci
710 5329 782 5398 (sive
793 5335 845 5398 avec)
856 5336 881 5386 el
895 5347 941 5387 cus
1029 5337 1040 5371 ²
1053 5333 1122 5389 Plus
1144 5333 1252 5388 babent
1266 5331 1347 5392 editi.
1363 5335 1392 5388 et
1416 5347 1504 5404 penes
1518 5333 1726 5393 Martianaeum
1749 5353 1812 5393 mss.

119 5419 183 5474 aboi
195 5420 268 5490 (sive
282 5421 360 5487 patri
372 5418 434 5487 va).
450 5418 609 5475 Hebraicis:
625 5429 690 5480 inp
702 5404 756 5481 τώ
770 5405 880 5481 emens,
891 5422 940 5475 vi.
994 5408 1094 5478 aliquo
1122 5406 1187 5461 libri
1204 5407 1235 5460 in
1248 5405 1407 5460 nouissimis
1420 5420 1497 5488 spem
1508 5405 1565 5488 '1³¹¹
1582 5406 1708 5466 Hebraeo
1723 5415 1812 5467 autem

119 5491 204 5545 detur
215 5507 282 5546 vero
293 5490 386 5547 doctis
396 5489 467 5546 viris
477 5491 669 5564 Hieronymus
679 5490 799 5548 alteram
810 5491 939 5549 isocolon
995 5480 1136 5534 dunlaltl
1150 5482 1205 5542 ⁰⁸¹·
1220 5486 1314 5538 ninas
1333 5484 1384 5535 lll'l
1397 5480 1431 5541 2⁶²
1445 5481 1500 5532 em
1514 5493 1545 5532 Μ
1555 5484 1703 5538 mrem&-

29 5581 33 5587 '
119 5567 939 5651 tribuserunctimverbisitalegisse,tirt:ttttoffisive
1029 5583 1128 5642 ³lttnle
1150 5584 1177 5638 in
1202 5588 1316 5638 canone
1343 5582 1612 5714 blemmgositum
1639 5587 1691 5646 bie
1713 5588 1813 5667 legitur

118 5656 163 5706 ua
180 5661 221 5708 :ta
245 5650 487 5722 duobusramis,
509 5654 630 5710 suffecto
655 5653 746 5710 altero
772 5654 868 5729 Ateplv,
888 5671 939 5728 pro
993 5657 1156 5727 diapsalma
1171 5660 1237 5729 post
1250 5654 1371 5711 verbum
1386 5654 1469 5713 luds.
1500 5655 1579 5713 lanx.

118 5726 194 5778 liza·
