3870 6120
161 268 215 327 415
687 275 717 331 S·
738 275 941 331 Htttuotttttt
959 273 1088 329 armna
1105 264 1358 328 steatomttca.
1816 270 1873 329 116

161 397 221 455 illis
235 398 328 472 gloria
341 398 458 457 Domini
474 415 562 472 super
584 416 644 456 eos.
662 403 847 472 baculusque
870 404 916 456 cst
928 405 984 457 Do·
1001 402 1027 467 Α
1044 397 1233 470 quamobrem
1251 396 1369 453 divertit
1392 398 1427 453 ab
1443 413 1477 453 eo
1502 396 1602 454 lsrael.
1628 396 1762 469 Cumque
1775 401 1877 454 castra

161 489 259 546 minus
272 491 308 545 ad
320 488 541 555 Mosen,dicens
554 506 561 546 ;
574 488 656 545 Tolle
667 490 789 562 virgam,
801 499 829 546 et
841 504 987 562 congrega
1043 489 1207 542 movissent
1222 487 1258 542 do
1273 488 1374 551 cades,
1390 492 1534 543 venerunt
1548 487 1576 542 in
1590 494 1722 543 montem
1736 491 1807 558 Hor,
1823 487 1877 559 qui

161 578 312 651 populum,
329 583 361 634 tu
375 584 404 634 et
419 582 513 633 Aaron
531 579 619 637 frater
641 585 720 648 tuus,
738 587 767 636 et
781 578 937 652 loquimini
950 579 986 634 ad
1042 581 1088 630 est
1102 577 1131 630 in
1149 576 1257 631 tlnibus
1274 582 1356 631 terrae
1378 577 1480 632 Edem.
1499 576 1538 643 (C.
1555 577 1661 648 LVlll.)
1676 576 1731 633 Ubi
1756 576 1876 633 locutus

160 671 274 739 petram
285 684 382 722 coram
394 667 447 736 eis,
464 673 492 723 et
503 668 553 723 illa
564 669 646 725 dabit
659 685 760 741 aquas.
773 669 905 741 Cumque
915 668 987 724 edu·
1042 669 1087 720 est
1100 665 1244 720 Dominus
1270 665 1304 719 ad
1321 665 1441 721 Mosen:
1458 665 1574 735 Pergat,
1598 665 1707 738 inquit,
1722 667 1821 722 Aaron
1839 666 1876 722 ad

160 757 236 813 xenis
263 771 370 827 aquarn
395 757 432 812 de
448 762 539 828 petra,
566 759 645 814 bibet
668 759 765 813 omnis
788 757 945 813 multitudo
960 761 989 811 et
1043 754 1167 824 populos
1192 769 1279 810 suos:
1307 754 1462 809 nonenim
1491 753 1615 810 intrabit
1641 763 1762 819 terram,
1784 770 1876 826 quam

157 846 294 917 jumenta
307 845 382 914 ejus.
399 844 477 901 Tulit
492 846 581 918 igitur
594 847 701 917 {Moses
715 847 840 919 virgam,
855 851 989 918 quaeeret
1044 841 1112 897 dedi
1128 841 1196 897 filiis
1221 841 1319 907 lsrael,
1336 857 1369 897 eo
1394 843 1470 914 quod
1489 842 1660 899 incredulus
1676 843 1767 898 luerit
1782 842 1823 909 (h.
1841 859 1876 899 co

162 935 191 990 ln
204 939 361 1005 conspectu
381 936 509 1000 Domini,
536 935 610 992 sicut
625 941 801 1009 preceperat
817 937 854 1005 ei,
867 952 989 1008 congre·
1043 932 1120 1004 quod
1139 930 1280 987 increduli
1297 932 1420 997 fueritis)
1437 931 1479 987 ori
1497 932 1624 1000 meo,]ad
1636 938 1737 1004 Aquas
1754 935 1876 988 contra·

161 1023 432 1097 gatamultitudine
445 1030 512 1080 ante
525 1032 648 1097 petram,
663 1025 843 1097 dixitqueeis
856 1043 862 1081 :
873 1025 990 1090 Audite,
1045 1019 1194 1076 dictionis.
1220 1019 1301 1076 'lolle
1325 1023 1431 1091 Aaron,
1457 1025 1486 1077 et
1508 1021 1602 1075 sstium
1619 1021 1684 1092 ejus
1700 1037 1769 1076 cam
1784 1037 1831 1090 eo,
1848 1025 1877 1076 et

163 1112 287 1170 rebelles
317 1120 344 1168 et
373 1113 515 1169 increduli
547 1115 586 1186 [b.
615 1130 672 1170 non
704 1112 989 1186 habetlinoreduli]¹
1044 1110 1245 1166 duceseosin
1263 1114 1391 1166 montem
1416 1114 1484 1165 Hor.
1501 1110 1633 1182 Cumque
1649 1111 1808 1166 nudaveris
1825 1127 1878 1183 pa·

165 1202 242 1258 Num
259 1203 294 1257 de
315 1207 397 1273 petra
412 1201 467 1257 hae
481 1203 563 1259 vobis
586 1220 691 1273 aquam
708 1202 869 1275 poterimus
884 1203 924 1274 [h.
942 1219 991 1274 po·
1046 1204 1121 1255 trem
1138 1204 1215 1254 veste
1235 1217 1299 1269 sua,
1315 1200 1420 1255 indues
1442 1216 1477 1255 ea
1491 1199 1660 1256 Eleazarum
1687 1200 1783 1254 ttttum
1799 1201 1876 1269 ejus,

170 1292 242 1361 tero]
270 1292 374 1360 ejicere
391 1292 567 1362 ¹?Cumque
592 1290 734 1347 elevasset
749 1291 843 1346 Moses
859 1308 991 1356 manum,
1047 1294 1075 1344 et
1091 1296 1185 1343 Aaron
1202 1288 1364 1361 colligetur,
1380 1293 1409 1343 et
1422 1288 1626 1345 morieturibi.
1646 1289 1721 1344 Fecit
1734 1289 1831 1345 Moses
1847 1294 1882 1344 ut

171 1381 338 1452 percutiens
361 1379 441 1453 virga
463 1380 508 1435 bis
533 1379 657 1445 silicem,
686 1396 810 1451 egresse
826 1386 896 1436 aunt
910 1396 993 1451 aquae
1049 1383 1226 1450 preceperat
1248 1379 1403 1443 Dominus,
1428 1382 1457 1434 et
1483 1380 1681 1434 ascenderunt
1696 1379 1726 1433 in
1748 1385 1878 1434 montera

171 1467 357 1540 largissimae.
382 1469 421 1523 ila
447 1474 478 1522 ut
506 1467 633 1541 populus
660 1469 773 1525 biberet
800 1474 829 1525 et
847 1470 993 1539 jumenta.
1049 1471 1108 1521 Hor
1124 1483 1221 1522 eoram
1239 1467 1318 1521 omni
1335 1466 1535 1522 multitudiue.
1553 1467 1685 1538 Cumque
1700 1471 1798 1523 Aaron
1816 1482 1880 1538 spo·

173 1557 309 1628 Dixitque
332 1557 475 1612 Dominus
497 1558 532 1612 ad
549 1557 648 1613 Mosen
671 1563 697 1613 el
720 1559 922 1624 Aaronzouia
937 1574 994 1614 non
1050 1554 1152 1611 liasset
1168 1556 1298 1610 vestibus
1326 1556 1400 1626 suis,
1424 1556 1523 1611 induit
1537 1556 1579 1612 eis
1592 1559 1762 1612 Eleazarum
1784 1555 1880 1610 filium

171 1645 339 1702 credidistis
354 1645 436 1713 mihi,
454 1652 485 1701 ut
499 1647 725 1702 sanctificaretis
751 1664 798 1702 me
813 1663 910 1704 coram
928 1646 995 1702 tiliis
1050 1647 1124 1716 ojus.
1144 1645 1194 1700 lllo
1219 1646 1374 1700 mortuoin
1406 1645 1513 1700 mentis
1538 1645 1706 1716 supercilio,
1728 1645 1884 1700 descendit

172 1733 273 1799 lsrael,
298 1751 355 1790 uon
381 1734 574 1790 introducetis
599 1735 652 1791 hos
688 1736 812 1808 populos
834 1740 863 1792 iu
889 1740 995 1790 terram
1014 1751 1118 1826 Bcum
1136 1733 1279 1789 Eleazaro.
1294 1734 1396 1790 Omnis
1416 1740 1514 1789 autern
1538 1734 1877 1790 mullitudovidensee·

173 1839 261 1894 quam
278 1824 352 1879 dabo
368 1823 421 1878 cis.
444 1829 508 1879 Here
532 1830 576 1879 est
591 1840 667 1897 aqua
682 1825 933 1894 contradictionis,
949 1823 998 1879 ubi
1053 1823 1192 1879 cubuisse
1206 1829 1312 1890 Aaron,
1328 1823 1407 1878 {levit
1426 1838 1515 1894 super
1528 1838 1561 1879 eo
1575 1823 1695 1896 triginta
1711 1822 1817 1879 diebus
1832 1838 1884 1896 per

168 1912 279 1984 jurgati
292 1917 362 1968 suut
378 1911 428 1966 filii
445 1912 535 1968 lsrael
550 1918 652 1969 centra
666 1913 835 1976 Dominum,
851 1919 878 1968 et
890 1912 999 1968 sancti·
1053 1919 1175 1969 cunctas
1190 1912 1316 1968 familias
1330 1928 1410 1967 suas.

174 2000 278 2056 licatus
294 2007 338 2056 est
352 2003 381 2055 in
397 2001 448 2056 eis.
466 2001 511 2071 (T.
529 2001 607 2066 atti,
619 2002 650 2057 Β.
667 2000 773 2073 XLIX.)
790 2000 868 2056 Misit
887 1999 1000 2056 interes
1090 2002 1133 2070 (B.
1150 2002 1195 2068 at,
1211 2000 1240 2057 C.
1259 2001 1328 2067 LIX,
1355 2000 1419 2072 Cap.
1445 2000 1531 2067 XXI.)
1547 2003 1628 2067 Quod
1654 2017 1722 2057 cum
1748 2001 1886 2057 audisset

175 2088 295 2144 nuntios
311 2089 406 2145 Moses
421 2090 457 2143 de
472 2090 563 2144 Cades
578 2089 612 2145 ad
630 2105 726 2161 regem
743 2090 844 2155 lldom,
855 2091 905 2161 qui
922 2089 1000 2145 dice·
1054 2089 1235 2145 Chananeus
1252 2106 1301 2144 rex
1314 2089 1401 2151 Arad,
1428 2088 1479 2160 qai
1497 2089 1646 2145 habitabat
1660 2090 1694 2144 ad
1713 2088 1882 2155 meridiem,

175 2183 262 2239 rent:
287 2178 352 2233 ttae
377 2180 495 2234 mandat
519 2179 561 2245 lh.
586 2178 667 2250 dicit]
692 2180 781 2234 frater
807 2183 877 2235 tuus
903 2179 1003 2235 lsrael.
1054 2179 1170 2234 venisse
1185 2177 1400 2234 scilieetlsrael
1418 2194 1469 2249 per
1486 2178 1704 2249 exploratorum
1721 2179 1809 2245 viam,
1829 2195 1882 2249 pa·

177 2268 256 2322 Nosti
273 2282 361 2322 omne
372 2282 398 2322 m
413 2266 542 2322 laborem
561 2269 610 2338 qui
628 2267 822 2339 apprehendit
835 2269 877 2339 lh.
894 2267 1005 2322 invenit
1055 2269 1155 2340 gnavit
1169 2272 1271 2323 contra
1285 2266 1381 2334 illum,
1398 2274 1427 2322 et
1449 2266 1542 2323 victer
1556 2267 1685 2324 existens
1700 2268 1784 2323 duxit
1799 2284 1833 2323 ex
1848 2283 1883 2324 eo

175 2372 240 2420 nos,
256 2356 404 2424 quomodo
432 2356 637 2412 descenderint
651 2361 748 2426 patres
764 2357 856 2412 nostri
872 2357 901 2412 in
918 2362 1002 2428 AEgy-
1056 2359 1194 2428 praedam.
1219 2362 1239 2410 Α
1267 2356 1355 2413 lsrael
1382 2359 1448 2412 voto
1473 2374 1504 2412 se
1528 2357 1651 2412 Domino
1668 2356 1804 2429 obligans
1820 2356 1880 2412 ait:

168 2449 264 2517 ptum,
280 2448 309 2499 et
324 2444 553 2501 habitaverimus
567 2445 606 2500 ibi
622 2445 714 2501 multo
725 2451 868 2519 tempore,
883 2446 996 2503 al'llixe-
1054 2447 1085 2502 st
1101 2446 1256 2503 tradideris
1273 2446 1413 2519 populum
1428 2445 1518 2501 istum
1536 2447 1667 2501 inmane
1684 2462 1759 2511 mea,
1777 2445 1882 2501 delebo

166 2533 286 2605 rintque
301 2550 355 2588 nos
368 2534 503 2606 egyptii,
516 2539 544 2590 et
559 2539 655 2606 patres
665 2540 794 2603 nostros,
808 2540 838 2591 et
848 2537 995 2608 quomodo
1054 2536 1095 2607 (h.
1112 2535 1376 2606 anathematizabo)
1392 2536 1479 2592 arbes
1494 2535 1568 2605 ejus.
1595 2534 1808 2606 Draudivitque
1823 2535 1882 2591 Do-

167 2621 394 2679 olamaverimus
404 2623 441 2678 ad
459 2622 629 2693 Danaidum,
647 2630 675 2680 et
689 2625 853 2681 exaudierit
866 2642 933 2688 uos.
946 2626 1003 2682 nri·
1055 2625 1154 2680 minus
1171 2641 1270 2697 preces
1286 2622 1388 2693 lsrael,
1399 2628 1428 2680 et
1441 2624 1560 2679 tradidit
1571 2623 1782 2691 chananeum,
1792 2640 1881 2695 quem

169 2712 298 2783 seritque
314 2711 463 2783 angelum,
483 2713 532 2784 qui
549 2713 680 2769 eduxerit
696 2730 749 2769 nos
765 2714 801 2768 de
817 2715 951 2787 AEgypto.
964 2717 998 2771 De
1055 2713 1104 2769 ille
1126 2713 1281 2779 interiecit,
1304 2713 1455 2768 subversis
1480 2713 1604 2767 urbibus
1626 2713 1702 2783 ejus,
1722 2718 1750 2768 et
1766 2712 1883 2768 vocavit

173 2816 240 2856 eece
255 2800 284 2855 in
305 2800 376 2856 urbe
400 2799 503 2869 Gades,
521 2818 585 2872 quae
611 2811 654 2857 est
675 2801 705 2857 iu
729 2802 867 2859 extremis
893 2804 1000 2860 tinibus
1055 2818 1161 2858 ironica
1188 2803 1240 2858 loci
1257 2801 1338 2857 illius
1361 2805 1480 2868 Herma,
1496 2800 1526 2857 id
1549 2806 1605 2871 est,
1627 2800 1795 2856 anathema.
1813 2801 1881 2855 Pro·

170 2889 229 2945 tuis
245 2888 332 2961 positi
348 2890 548 2959 obsecramus,
560 2895 593 2947 ut
614 2891 698 2948 uobis
709 2891 834 2948 transire
850 2892 940 2949 liceat
952 2910 1004 2965 per
1053 2892 1119 2947 leoli
1135 2896 1204 2947 suut
1220 2896 1319 2946 autem
1334 2895 1363 2945 et
1384 2890 1420 2945 da
1443 2895 1540 2946 monte
1565 2890 1622 2945 Hor
1639 2906 1690 2962 per
1706 2890 1796 2956 viam,
1814 2905 1881 2961 quae

172 2983 281 3035 terram
307 2984 400 3035 tuam.
417 2983 479 3035 Non
506 2979 617 3036 ibimus
642 2996 694 3052 per
714 2997 799 3053 agros
823 2983 999 3053 pervincas,
1054 2980 1136 3035 ducit
1158 2981 1193 3035 ad
1229 2996 1309 3035 mare
1334 2979 1476 3046 Rubrum,
1504 2984 1535 3034 ut
1558 2979 1746 3035 circumirent
1773 2984 1883 3035 terram

170 3084 230 3124 non
245 3069 381 3124 bibemus
396 3086 489 3141 aquas
504 3071 540 3125 de
567 3071 661 3141 puteis
676 3072 746 3138 tals,
763 3073 813 3127 sed
829 3073 1000 3144 gradiemur
1054 3071 1155 3126 Edem.
1182 3070 1217 3124 Et
1240 3069 1346 3124 tedere
1362 3070 1449 3140 coepit
1464 3067 1606 3140 populum
1623 3067 1737 3123 itineris
1753 3084 1788 3124 ac
1803 3068 1885 3125 labo·

169 3156 215 3213 via
231 3156 358 3228 publica,
376 3173 428 3213 nee
444 3159 479 3214 ad
495 3160 643 3215 dexteram
659 3176 712 3216 uec
727 3161 763 3216 ad
788 3160 937 3218 sinistram
951 3122 1035 3217 die-C
1055 3161 1096 3216 ris
1110 3160 1151 3231 (B.
1167 3160 1237 3223 hll.)
1260 3159 1446 3229 Locutusque
1471 3161 1574 3214 contra
1603 3157 1696 3213 Deum
1719 3162 1749 3213 et
1774 3164 1887 3228 ltosen,

171 3246 324 3317 clinantes,
351 3247 442 3302 donee
470 3252 652 3305 transeamus
680 3249 822 3306 terminos
853 3255 930 3306 teos.
957 3253 995 3317 (C.
1053 3250 1109 3306 eit:
1126 3253 1183 3304 Cur
1208 3247 1333 3303 eduxisti
1361 3264 1413 3304 nos
1429 3248 1465 3303 de
1488 3251 1622 3320 AEgypto,
1649 3252 1680 3302 ut
1695 3263 1884 3303 mereremur

170 3334 265 3406 tvtt.)
278 3335 330 3391 Cui
346 3336 496 3406 respondit
512 3337 601 3391 [idom
619 3354 625 3393 :
642 3338 705 3393 Non
722 3340 862 3394 transibis
875 3356 926 3411 per
940 3357 997 3411 me,
1053 3339 1082 3394 in
1096 3336 1278 3393 solitudine?
1302 3336 1389 3393 Deest
1413 3337 1508 3408 panis,
1533 3353 1590 3392 non
1615 3341 1685 3391 sunt
1706 3352 1807 3406 aquae:
1824 3337 1887 3393 aui·

170 3422 300 3494 alioquin
317 3429 448 3479 armatus
475 3440 625 3481 occurram
641 3425 702 3481 tibi.
730 3425 930 3499 Dixeruntque
946 3429 998 3484 tilii
1053 3445 1102 3483 ma
1118 3432 1216 3484 nostra
1236 3427 1298 3498 jam
1325 3431 1448 3481 nauseat
1462 3441 1551 3497 super
1566 3424 1630 3480 cibo
1644 3424 1700 3480 isto
1717 3424 1884 3483 levissimo.

173 3510 353 3568 Israel:Pcr
378 3512 476 3569 tritam
502 3513 672 3585 gradiemur
701 3515 790 3581 vlam,
806 3522 835 3570 et
849 3518 874 3572 si
891 3517 998 3574 biberi·
1053 3516 1245 3581 Quaruobrem
1271 3515 1353 3570 misit
1379 3515 1522 3570 Dominus
1546 3515 1575 3568 in
1601 3513 1742 3585 populum
1774 3514 1886 3587 ignitos

169 3617 237 3657 mue
251 3617 344 3673 aquas
355 3606 419 3658 tuas
431 3618 484 3658 nos
495 3607 524 3658 et
536 3619 639 3675 pecora
651 3609 762 3671 nostra,
774 3603 911 3661 dabimus
921 3607 997 3678 quod
1053 3609 1214 3676 serpentes,
1230 3605 1265 3659 ad
1282 3620 1408 3675 qaorum
1424 3603 1526 3677 plagas
1541 3602 1581 3672 (h.
1599 3601 1740 3673 morsus),
1758 3608 1787 3659 et
1804 3619 1886 3659 mor·

167 3690 283 3762 justum
300 3703 366 3747 est:
385 3691 466 3748 nulla
478 3693 533 3748 erit
547 3693 578 3748 in
596 3693 687 3762 pretio
699 3692 869 3757 dil'heultas,
883 3700 996 3751 lantum
1053 3698 1096 3750 les
1111 3693 1314 3764 plurimorum,
1340 3699 1481 3748 venerunt
1506 3693 1541 3747 ad
1559 3691 1667 3757 blesen,
1685 3694 1776 3762 atque
1796 3692 1879 3748 dixe·

169 3779 306 3836 velociter
317 3786 512 3838 transeamus.
528 3784 565 3838 At
578 3781 626 3837 ille
639 3783 808 3855 respondit:
823 3783 886 3840 Non
901 3788 997 3841 trans·
1052 3787 1140 3838 runt:
1159 3781 1346 3837 Peccavimus
1358 3781 1426 3850 quia
1436 3780 1527 3837 locuti
1547 3796 1651 3835 sumus
1663 3786 1767 3836 contra
1782 3781 1885 3836 Domi·

170 3867 238 3925 ibis.
254 3870 422 3942 Statimque
437 3887 589 3943 regressus
600 3876 646 3928 est
660 3872 775 3931 obvius.
797 3889 864 3928 cum
880 3873 999 3930 infinita
1052 3888 1123 3927 num
1140 3876 1168 3926 et
1184 3874 1232 3927 ta:
1259 3887 1310 3926 oro
1327 3876 1356 3925 ut
1383 3868 1496 3925 tollata
1513 3869 1597 3925 nobis
1613 3872 1792 3940 serpentem.
1809 3869 1885 3925 Ora·

171 3957 373 4030 multitudiue,
389 3966 417 4015 at
433 3977 522 4016 mana
539 3963 618 4020 torti.
639 3978 691 4017 neo
708 3962 798 4018 voluit
812 3962 998 4034 acquiescere
1051 3960 1151 4033 vitque
1167 3960 1260 4016 lloses
1287 3976 1336 4030 pro
1358 3958 1475 4031 populo.
1491 3958 1533 4030 (C.
1558 3958 1629 4028 Lx.)
1640 3963 1668 4013 et
1689 3957 1808 4014 locutus
1837 3964 1886 4015 est

168 4047 348 4120 deprecanti,
366 4051 580 4106 utconcederel
596 4051 756 4107 transitum
768 4068 820 4124 per
844 4052 998 4109 ilnessuos
1052 4049 1195 4106 Dominus
1211 4049 1247 4104 ad
1262 4064 1347 4104 eum:
1372 4047 1428 4103 Fac
1449 4053 1616 4119 serpentem
1638 4048 1658 4115 ²,
1674 4051 1703 4102 et
1718 4062 1795 4118 pone
1811 4063 1883 4103 eum

172 4261 239 4301 mas
254 4251 283 4301 et
297 4248 489 4319 Augustinus,
514 4254 556 4305 tot
571 4255 653 4305 erant
677 4248 854 4321 exemplaria
873 4250 996 4322 diverso,
1052 4246 1100 4302 hic
1125 4245 1179 4301 loci
1208 4244 1301 4301 Latini
1326 4260 1428 4300 omnes
1443 4243 1554 4315 vulgati
1575 4243 1737 4298 Bibliorum
1753 4243 1884 4313 codices,

170 4322 242 4388 quot
257 4318 383 4374 codices.
405 4324 482 4376 Sunt
497 4320 545 4389 riui
573 4326 676 4392 putant
691 4322 747 4376 hoe
762 4322 995 4377 additamentum
1054 4317 1082 4372 in
1100 4335 1158 4373 uno
1173 4316 1313 4373 Urbinate
1324 4333 1379 4371 ms.
1396 4315 1582 4371 invenimus:
1599 4314 1720 4380 seilicet,
1739 4315 1884 4373 Choicae·

171 4393 325 4458 sumptum
349 4390 440 4446 tuisse
462 4408 496 4447 ex
519 4391 618 4463 aliqua
643 4393 814 4464 paraphrasi
842 4393 998 4449 Chaldaiea
1052 4388 1216 4461 rvulqaeed
1231 4389 1389 4453 Dominam,
1405 4395 1486 4457 etque
1500 4386 1784 4443 dicerent:Doma'ne
1798 4388 1883 4453 Deae,

174 4474 300 4527 quarum
317 4459 386 4514 olim
401 4463 495 4531 maj0r
511 4469 737 4527 numeruserut,
753 4480 840 4535 quam
859 4464 897 4518 sit
912 4463 998 4519 bodie
1013 4493 1037 4559 D
1051 4461 1119 4515 aedi
1132 4463 1282 4516 clausuram
1297 4461 1378 4531 tejas
1392 4461 1497 4530 populi,
1515 4463 1542 4513 et
1568 4457 1647 4528 aperi
1660 4457 1702 4513 eir
1717 4458 1883 4515 thesaurum

172 4529 320 4601 Quidquid
334 4548 399 4587 vero
415 4533 540 4600 dicatur,
565 4539 678 4590 certam
699 4541 744 4590 rst
769 4536 856 4590 verba
870 4534 930 4590 haee
946 4551 998 4591 su·
1051 4535 1142 4597 terere,
1162 4538 1264 4601 tentem
1287 4546 1368 4602 oqetre
1389 4533 1463 4596 vite,
1488 4540 1518 4584 at
1531 4531 1637 4596 satiati,
1652 4533 1736 4585 cesset
1751 4545 1885 4585 marma·

173 4602 414 4672 perabundarein
430 4605 647 4677 exemplaribus
657 4605 829 4671 Bibliorum,
857 4607 997 4678 quianon
1052 4606 1237 4659 retloeeram.
1255 4605 1323 4669 Quae
1337 4602 1456 4657 minime
1480 4602 1560 4657 novit
1575 4600 1697 4655 Palatia.
1714 4618 1782 4665 rus,
1806 4608 1838 4658 et
1852 4603 1883 4658 in

172 4677 288 4727 exstant
306 4674 334 4727 ia
351 4679 431 4729 textu
450 4677 579 4739 llehroeo.
607 4677 649 4732 vel
672 4676 877 4744 Samaritano;
894 4694 951 4732 non
968 4676 997 4731 in
1053 4674 1230 4729 Memmiana
1255 4691 1371 4744 quoque
1386 4672 1542 4744 examplari
1567 4673 1708 4728 dicuntur
1720 4680 1882 4740 expuncta.

172 4743 364 4800 translatione
381 4745 449 4800 LXX
473 4748 636 4813 seniorum,
654 4764 748 4819 neque
773 4749 849 4819 apud
866 4748 939 4804 alios
953 4747 998 4804 in·
1052 4745 1232 4800 Notumvero
1243 4747 1372 4815 usquein
1384 4746 1512 4812 Hebraeo,
1528 4743 1735 4813 chaldaeam
1754 4745 1882 4815 Septua-

173 4820 325 4886 terpretes,
359 4816 526 4875 Chaldaeum
556 4825 636 4890 puta,
666 4818 826 4901 Syrum,et
860 4821 997 4875 Arabem.
1051 4816 1144 4945 ginta,
1160 4816 1220 4871 sive
1244 4816 1273 4869 in
1290 4817 1436 4887 expressis
1460 4817 1495 4872 ad
1512 4832 1562 4871 eos
1576 4819 1673 4872 textus
1693 4815 1884 4873 versionibus

172 4886 302 4957 Denique
318 4895 477 4959 supersunt
493 4889 588 4944 adhuc
604 4889 698 4945 Latini
721 4890 883 4947 Bibliorum
899 4908 998 4946 sacro·
1074 4887 1163 4941 uberi.

175 4975 240 5013 rum
256 4958 372 5013 codices
389 4975 404 5013 o
428 4961 505 5015 timae
531 4967 616 5024 notas,
633 4962 661 5014 in
687 4962 795 5032 quihus
810 4963 919 5018 absunt
934 4978 998 5032 qum
1089 4962 1097 4995 ¹
1114 4960 1154 5014 hd
1173 4956 1268 5012 solem
1288 4957 1389 5013 Mosen
1403 4958 1571 5031 loquentem
1586 4957 1641 5013 hoc
1656 4957 1775 5013 verbum
1794 4959 1887 5014 refert

175 5031 204 5085 in
220 5028 306 5086 editis
321 4976 472 5086 abundare
494 5032 639 5087 videntur.
657 5034 752 5103 HuJ'us
769 5035 809 5088 rei
826 5033 912 5089 {idern
930 5032 999 5088 lacit
1051 5029 1236 5109 Scholiastes¹
1251 5034 1368 5097 nostem
1385 5032 1434 5086 sed
1452 5032 1481 5085 in
1496 5029 1618 5086 Hebraeo
1632 5045 1686 5085 vox
1698 5035 1743 5085 est
1757 5027 1886 5101 pluralis

173 5100 322 5156 Bibleruru
361 5101 509 5170 exemplar
538 5102 696 5158 Corheinse
724 5108 790 5159 ante
814 5104 999 5171 octingentos
1053 5102 1178 5167 numeri,
1195 5103 1351 5172 ejecienrns.
1368 5102 1594 5166 vetedmemea.
1612 5101 1703 5157 llam.

173 5189 267 5229 anulis
282 5172 472 5241 descriptum,
490 5176 517 5227 tn
534 5191 592 5243 quo
608 5174 681 5228 nihil
693 5175 827 5231 invenias
838 5180 998 5246 praterea,
1089 5206 1120 5214 --
1133 5172 1269 5228 Notatum
1287 5178 1315 5228 et
1329 5172 1496 5229 Martianeo
1513 5179 1614 5229 eontra
1637 5171 1813 5228 Scholiastis
1829 5189 1883 5230 sea

173 5261 240 5317 quse
254 5244 283 5301 in
309 5243 450 5299 Hebraico
465 5249 545 5300 textu
573 5245 726 5315 leguntur:
752 5250 781 5302 et
804 5247 829 5302 si
852 5247 999 5317 posterius
1052 5245 1185 5311 tentiam,
1198 5243 1227 5298 in
1240 5244 1358 5300 Hehraeo
1374 5243 1529 5318 archelypo
1544 5244 1601 5301 dici
1613 5242 1742 5316 plurium
1755 5260 1884 5301 numere

171 5317 347 5373 emendatur
360 5315 482 5372 vitiosus
498 5316 617 5387 aliquis.
639 5321 733 5372 totum
763 5318 997 5373 additamentum
1052 5325 1134 5377 rttttt
1153 5316 1350 5384 exprimemus.

174 5387 354 5460 suppleverit
367 5387 401 5444 ad
423 5404 503 5443 oram
529 5387 722 5458 marginalem
746 5387 906 5453 volumius,
932 5405 998 5445 cuni
1088 5388 1230 5444 ’Addunt
1254 5387 1369 5459 Vulguli
1390 5386 1456 5443 libri
1478 5402 1601 5451 oeneum,
1619 5402 1669 5458 pro
1694 5402 1752 5456 qao
1777 5386 1886 5443 malim

174 5460 258 5530 siguo
276 5460 370 5531 posito
393 5458 422 5514 in
438 5465 528 5528 textu,
553 5460 638 5530 quasi
656 5459 714 5515 heo
728 5460 815 5514 verba
830 5459 869 5514 ibi
885 5460 997 5517 deside·
1052 5460 1182 5528 terreum:
1201 5461 1337 5515 ttrlrraaus
1349 5459 1427 5515 enim
1453 5467 1609 5530 serpentem
1633 5458 1680 5512 hie
1700 5475 1758 5513 non
1780 5457 1885 5528 habet,

174 5539 319 5587 rarenter.
335 5536 424 5588 ltnar.
1053 5531 1104 5586 scd
1118 5537 1230 5588 tantum
1245 5543 1321 5620 'tlt-’b
1339 5533 1416 5603 quod
1433 5535 1488 5598 est,
1503 5541 1637 5587 arentem.

208 5632 242 5642 -
259 5602 375 5676 insigne
386 5603 459 5662 illud
472 5600 803 5674 additamentum‚quod
813 5600 1000 5676 subjungunt
