3870 6120
167 237 239 300 titi
687 246 716 300 S.
737 243 942 302 tttttttorttttt
960 243 1087 301 Divitis
1106 240 1357 299 stuttouuttce.
1808 233 1878 294 ltus

203 368 317 438 Nonus,
331 382 433 425 mense
459 382 548 435 nono,
578 366 698 425 Abiezer
721 369 929 427 Auetbotbites
958 370 994 426 de
1010 371 1037 440 Α
1086 367 1221 442 Cumque
1235 362 1413 424 surrexisset
1427 378 1487 435 rex,
1502 367 1532 422 et
1546 362 1692 433 stetisset,
1708 360 1761 419 eit:
1777 362 1880 421 Audite

169 441 240 500 ssliis
254 439 372 498 lumini:
387 443 416 495 et
430 437 462 496 in
476 443 576 495 turma
591 441 656 512 ejus
671 440 776 513 viginti
792 441 996 514 qustuurmil-
1053 457 1110 512 me,
1127 441 1233 496 iratres
1248 440 1316 509 mei,
1333 442 1362 496 et
1376 437 1504 512 populus
1514 453 1611 495 meus.
1622 434 1799 509 cogitaviut
1813 433 1880 491 adi·

172 513 223 571 lie.
1053 513 1171 569 bearem
1188 512 1321 582 domum,
1336 510 1366 567 in
1381 526 1441 582 que
1454 509 1654 582 requiesceret
1668 523 1739 564 erce
1763 506 1880 564 traderis

210 579 737 655 Decimus,mensedecim0,lieret,
768 588 797 641 et
823 585 888 670 ipse
911 585 1000 642 Neto-
1054 583 1181 648 Domini,
1196 591 1224 640 ct
1239 581 1522 655 scabeilumpedum
1539 582 1589 637 Dei
1600 578 1708 637 nostri:
1721 578 1799 637 etad
1811 579 1880 634 edi·

175 652 327 729 phuthites
342 653 378 709 de
393 654 487 728 stirpe
502 654 594 711 Zarai:
611 661 640 711 et
655 656 685 711 in
700 661 801 712 turma
815 672 880 728 eJns
894 656 1000 731 viginti
1054 654 1518 735 licendum,omniaprreperuvi.
1615 722 1621 734 ι
1705 720 1713 735 ·

176 730 305 802 quatuor
322 724 427 781 millia.
1091 732 1167 783 Deus
1183 731 1280 782 autem
1298 726 1371 780 dixu
1386 724 1469 781 mibi:
1483 725 1542 781 Non
1566 722 1731 779 oedrdcabts
1762 720 1880 778 domum

213 795 404 865 Undecimus,
421 813 521 853 mense
540 797 709 868 undecimo,
737 798 862 856 Densius
890 798 1001 856 Phera-
1056 798 1167 855 nomini
1184 814 1259 866 meo,
1277 813 1310 853 eo
1325 797 1403 869 quod
1419 797 1462 853 sis
1478 792 1696 853 virbeliatoret
1708 791 1880 865 sanguinem

177 866 307 927 thersites
320 868 356 924 de
369 867 440 924 liliis
454 868 606 941 Ephraim:
624 874 652 926 ct
666 869 696 926 in
712 873 808 928 turma
821 872 886 943 clus
897 870 1002 944 viginti
1056 870 1178 926 luderis.
1792 933 1800 947 ς

180 944 308 1015 quatuor
322 939 427 996 millia.
1091 942 1146 998 Sed
1163 940 1251 1012 elegit
1265 939 1408 995 Dominus
1424 939 1500 994 Deus
1516 935 1604 994 isreel
1620 952 1671 992 me
1695 935 1732 993 de
1748 950 1881 992 univerae

216 1010 425 1081 Duodecimus,
441 1027 542 1068 menes
559 1011 743 1079 duodecimo,
759 1012 862 1070 Holdei
887 1012 1002 1069 Netbu·
1054 1013 1144 1069 domo
1161 1011 1253 1084 putris
1270 1011 1383 1081 mei,ut
1410 1025 1505 1066 essem
1534 1024 1585 1064 rex
1611 1022 1704 1079 super
1733 1005 1827 1063 isreel
1851 1006 1878 1063 in

182 1083 322 1159 phetites,
346 1083 381 1139 ds
407 1082 499 1154 stirpe
527 1082 680 1140 Gotboniel
698 1100 705 1138 :
721 1089 750 1140 et
769 1084 798 1141 in
813 1090 912 1142 turma
938 1086 1004 1157 eJ‘us
1058 1084 1281 1157 sempiternum
1297 1083 1334 1138 de
1347 1081 1424 1138 Juds
1437 1081 1515 1137 enim
1532 1079 1619 1152 elegit
1633 1078 1800 1160 principes:

181 1156 207 1213 vi
232 1154 285 1210 'uti
301 1161 428 1225 quatuor
442 1153 545 1211 millis.
1093 1160 1183 1211 Porro
1199 1154 1234 1211 de
1249 1156 1337 1210 domo
1351 1153 1438 1222 luda,
1455 1153 1576 1209 domum
1589 1151 1684 1224 patrie
1700 1165 1761 1206 met
1778 1164 1787 1206 ι
1803 1152 1831 1204 et
1845 1148 1879 1205 de

239 1241 306 1282 orre
321 1226 461 1282 tribubus
475 1230 620 1299 preerunt
635 1227 740 1296 isreel,
757 1227 928 1298 Rubcuitis,
945 1229 1007 1285 dux
1058 1227 1127 1284 tiliis
1142 1227 1235 1299 putris
1250 1226 1317 1295 mei,
1331 1224 1441 1297 placuit
1455 1224 1480 1280 ei
1509 1231 1540 1280 ut
1564 1238 1610 1279 me
1639 1220 1765 1295 eligeret
1791 1235 1881 1293 regem

180 1296 291 1355 Dliener
305 1296 385 1354 iilius
399 1297 498 1353 Zecbri
517 1315 523 1352 :
1058 1314 1149 1370 super
1163 1303 1302 1353 cunctum
1320 1294 1421 1352 lsrael.

217 1368 399 1436 simeonitis,
413 1369 474 1425 dux
487 1368 642 1453 Sopheties
672 1369 751 1426 filius
769 1370 909 1429 llaacha:
1090 1370 1146 1426 Sed
1162 1375 1190 1425 et
1204 1370 1240 1424 dc
1255 1368 1325 1424 filiis
1341 1369 1417 1423 meis
1432 1365 1521 1439 (iiiios
1531 1365 1611 1422 enim
1624 1363 1698 1420 mibi
1713 1361 1881 1419 multosdc·

219 1438 340 1506 Levitis,
354 1441 478 1497 Asabius
492 1440 572 1497 lilius
588 1440 707 1498 (lamuel
726 1458 733 1496 :
1059 1437 1102 1497 dit
1118 1440 1274 1511 Dominus)
1289 1438 1378 1510 elegit
1390 1436 1578 1494 Salomonem
1592 1435 1691 1492 filium
1722 1450 1834 1504 meum,
1853 1437 1883 1490 ut

218 1511 381 1581 horonitis,
395 1512 504 1570 Sedec:
1063 1513 1181 1570 eederet
1194 1511 1224 1566 in
1242 1511 1348 1567 throno
1362 1526 1392 1567 re
1415 1510 1445 1565 ni
1459 1507 1578 1566 Domini
1593 1523 1688 1581 super
1699 1505 1803 1563 isreel.

218 1583 308 1653 luda,
322 1581 386 1638 Dliu
400 1583 486 1640 irater
497 1583 587 1640 David
604 1600 611 1638 τ
1096 1583 1233 1655 Dixitque
1248 1581 1334 1638 mihi:
1354 1526 1494 1639 Suittmon
1522 1579 1601 1635 illius
1630 1583 1704 1635 tuus
1731 1575 1883 1662 aedificabit

221 1654 367 1725 issachar,
384 1654 721 1712 Aniritiliusldicbael:
1061 1656 1183 1711 domum
1201 1658 1353 1724 meam,et
1377 1652 1451 1708 atria
1468 1668 1542 1708 mea:
1573 1651 1672 1725 ipsum
1704 1665 1788 1706 enim
1814 1646 1884 1720 elegi

221 1724 413 1799 zabulonitis,
429 1725 585 1783 Jesimeias
600 1726 681 1783 iilius
696 1725 796 1782 abdia
814 1745 821 1784 ε
1061 1726 1133 1782 mihi
1149 1726 1178 1781 in
1195 1725 1300 1791 lilium,
1316 1730 1345 1780 et
1360 1740 1413 1796 ego
1427 1739 1478 1780 ero
1491 1723 1516 1780 ei
1530 1724 1560 1779 in
1575 1727 1705 1794 petrem.
1877 1788 1884 1803 ι

222 1796 456 1870 Nepthslitibus,
472 1797 617 1855 Jerimoth
632 1798 713 1855 filius
727 1797 841 1857 Ozriel:
1099 1799 1134 1853 Dt
1148 1798 1271 1853 firmabo
1288 1811 1412 1870 reguum
1427 1795 1492 1867 ejus
1508 1811 1603 1866 usque
1618 1792 1650 1850 in
1678 1796 1838 1873 aeternum,
1862 1806 1886 1845 er

224 1868 305 1925 liliis
315 1869 467 1942 Ephraim,
483 1870 556 1926 Osee
571 1869 649 1925 lilius
665 1870 769 1927 Onazin
786 1886 794 1925 ε
1064 1869 1260 1943 perseveravit
1273 1867 1368 1925 iecere
1383 1871 1529 1941 precepta
1543 1881 1621 1937 mea,
1633 1870 1664 1921 et
1675 1863 1805 1936 judicie,
1815 1866 1888 1919 stcut

222 1939 356 1997 Dimidia
370 1940 461 1998 tribui
477 1940 686 2012 Manassaioel
702 1941 780 1998 sriiue
794 1939 930 1998 Pbadaiae
943 1956 954 2004 ,·
1063 1948 1091 1997 et
1104 1940 1198 1996 hodic.
1815 2005 1822 2016 ι

223 2013 258 2068 ttt
271 2011 400 2068 dimidie
410 2012 501 2068 tribui
515 2014 650 2070 Manesee
662 2012 691 2069 in
702 2012 1008 2085 Gelaud,.leddullliue
1101 2012 1185 2067 Nunc
1199 2027 1267 2083 erge
1282 2025 1381 2065 coram
1397 2009 1533 2067 universo
1547 2011 1624 2065 cmtu
1636 2004 1743 2090 israel,
1755 2005 1886 2062 andrente

186 2082 332 2140 &charite
349 2099 356 2138 :
1065 2083 1189 2140 Domino
1206 2087 1262 2138 Deo
1277 2087 1389 2149 nostro,
1403 2082 1551 2138 custodite
1564 2085 1593 2137 et
1607 2080 1774 2152 perquirite
1788 2080 1889 2133 cuncte

222 2154 377 2282 stitus
391 2153 821 2282 terruerit.ii.stu
1066 2147 1886 2296 eleuteriiiturustirremissius

250 2296 256 2308 .
361 2267 376 2309 r
474 2298 479 2309 .
726 2268 733 2283 ·
1178 2268 1185 2309 s
1308 2296 1314 2307 .

222 2296 904 2451 ltqzlpffiagpeegugqovriqrqglsgggmowiginfi
923 2368 1010 2425 annis
1067 2301 1479 2451 usigeehtiosriffiiertrrhgnnilli
1495 2364 1547 2435 mi,
1571 2366 1645 2422 scito
1679 2368 1773 2448 mum
1803 2360 1887 2434 patrie

188 2438 323 2496 iniurius:
340 2440 410 2511 quie
425 2440 538 2496 dixerut
563 2440 717 2506 Dominus,
747 2445 779 2496 ut
801 2439 1011 2514 multiplicaret
1067 2440 1123 2509 tui,
1139 2445 1167 2496 et
1183 2444 1290 2497 servite
1304 2454 1330 2495 er
1346 2439 1433 2496 eorde
1448 2437 1575 2511 perlecto
1590 2441 1620 2493 et
1639 2450 1745 2493 sutrim
1759 2431 1889 2489 volunte-

188 2509 279 2570 isreel
294 2510 379 2586 quasi
392 2510 493 2568 stelles
507 2510 583 2568 coeli.
1068 2512 1122 2570 rio.
1825 2575 1832 2588 ⁸

224 2582 297 2666 Joeb
314 2583 393 2666 tilius
407 2582 512 2638 Serota
525 2586 656 2667 coeperat
669 2598 834 2666 numerare,
862 2599 916 2640 nec
928 2599 1010 2640 com·
1103 2582 1301 2664 Omnieenim
1311 2578 1729 2665 cordescruteturDominus,
1740 2579 1771 2633 et
1782 2589 1888 2633 unirer·

191 2652 938 2798 litii.itlttttlit'itiititi:tuitii
952 2657 1012 2782 iii
1069 2650 1763 2796 ³³§.mittitet0tilfi'0itttiiilii·...a
1789 2717 1885 2775 uer.

192 2800 238 2855 eet
252 2796 363 2854 relatus
378 2797 408 2853 in
424 2797 515 2855 laetos
530 2797 608 2871 regie
623 2797 726 2853 David.
1070 2796 1170 2869 queris
1181 2812 1260 2868 cum,
1278 2797 1409 2870 projiciet
1421 2800 1450 2852 te
1464 2795 1494 2850 in
1510 2800 1668 2852 ueternum.

229 2873 323 2940 Super
335 2869 491 2925 thesauros
505 2872 603 2926 nutem
620 2868 698 2941 regis
714 2868 769 2924 luit
783 2867 907 2924 Azmoth
932 2865 1012 2924 iilius
1105 2868 1190 2924 Nunc
1203 2884 1271 2938 erqo
1287 2869 1357 2941 quie
1372 2867 1457 2940 elegit
1471 2872 1500 2923 te
1515 2866 1663 2923 Dominus
1678 2870 1713 2922 ut
1734 2869 1885 2926 ediliceret

192 2939 288 2997 edict.
303 2939 356 2996 His
370 2945 468 2996 autem
483 2939 642 3011 thesauris,
655 2939 706 3012 qui
720 2944 804 2996 erant
822 2938 853 2995 in
877 2938 1011 3009 urbibus,
1071 2940 1189 2996 domum
1206 2940 1379 3007 sanctuarii,
1394 2938 1558 2996 conlurtere
1572 2941 1602 2995 et
1614 2939 1739 3022 pertice.
1854 3005 1861 3018 ⁰

194 3017 224 3068 ct
235 3010 265 3067 in
277 3010 359 3079 vicis,
368 3011 585 3079 etinturribue,
594 3011 768 3085 presidebat
778 3009 1011 3068 Jouuthunillius
1108 3010 1190 3066 Dedit
1205 3015 1302 3067 autern
1320 3010 1408 3068 David
1419 3008 1570 3067 Salomoni
1581 3007 1643 3066 ttiro
1655 3026 1714 3067 suo
1723 3010 1885 3081 susceptu

192 3081 279 3140 Onia.
1070 3098 1136 3138 nem
1152 3083 1294 3155 porticus,
1308 3088 1337 3138 et
1355 3080 1467 3167 templi,
1482 3085 1512 3139 et
1530 3080 1722 3138 cellariorum
1748 3088 1778 3140 et
1800 3095 1887 3138 crana·

231 3152 429 3227 operientem
445 3154 566 3225 rustico,
580 3158 609 3210 et
623 3152 759 3227 agricolis
774 3153 824 3226 qui
840 3152 1014 3212 exercebant
1029 3124 1052 3193 c
1069 3153 1137 3219 culi,
1154 3158 1184 3211 ct
1198 3155 1401 3212 cubiculorum
1417 3171 1448 3210 rn
1463 3154 1571 3227 aditis,
1586 3157 1616 3209 et
1631 3153 1742 3212 domus
1755 3152 1886 3229 propitie-

194 3229 318 3295 terram,
349 3232 472 3297 praeerat
486 3226 549 3281 iizri
566 3226 646 3283 fliius
661 3223 791 3282 chelub:
1067 3224 1166 3283 tionis.

231 3296 452 3370 vinearumque
467 3297 641 3368 cultoribus,
656 3297 785 3354 semeias
808 3297 1014 3353 Rumutbites:
1102 3296 1220 3353 Necnon
1235 3298 1264 3351 et
1277 3296 1409 3353 omnium
1427 3311 1521 3368 quase
1562 3294 1683 3353 'terami
1697 3296 1850 3359 atriorum,
1860 3294 1885 3349 ei

197 3364 278 3423 celiis
293 3371 391 3422 nutem
407 3367 527 3424 vinariis
541 3368 648 3424 Zebdie
663 3368 838 3440 Sophonites
853 3369 873 3423 ¹.
1068 3369 1240 3425 exedrarum
1257 3384 1309 3440 per
1323 3368 1481 3425 circuitum
1496 3366 1527 3422 in
1542 3371 1554 3422 t
1577 3383 1706 3426 escures
1722 3369 1829 3426 domus
1838 3366 1885 3422 Dc·

232 3436 305 3494 Nem
321 3453 410 3508 super
424 3438 531 3495 olivete
543 3443 572 3495 et
587 3439 682 3510 ficeto,
692 3455 756 3513 qum
767 3444 851 3496 erant
861 3439 1018 3511 incempe·
1069 3440 1154 3506 mirri,
1170 3443 1199 3497 et
1214 3438 1243 3495 in
1253 3439 1408 3497 thesauros
1423 3444 1604 3495 sanctorum.

200 3507 324 3572 utribus,
339 3508 464 3565 Belanen
478 3509 651 3567 Gederitee:
1103 3510 1346 3582 Divisionumque
1373 3508 1609 3579 sacerdotalium,
1627 3513 1658 3567 et
1687 3510 1884 3577 Leriticerum,

236 3579 331 3652 Super
345 3579 501 3652 apothecas
514 3584 612 3640 autem
626 3579 693 3653 olei,
708 3580 787 3638 Joas.
1069 3584 1099 3640 in
1112 3582 1211 3639 omnia
1221 3582 1432 3654 opere-domus
1446 3580 1576 3652 Domini,
1589 3584 1621 3638 et
1635 3581 1670 3639 in
1680 3582 1885 3640 universarum

237 3655 327 3734 Porro
340 3653 492 3717 armentis,
528 3671 569 3710 ue
582 3653 778 3725 pascebantur
792 3653 821 3708 in
832 3655 935 3723 Saron,
944 3667 1018 3724 pre·
1070 3653 1225 3712 ministerii
1241 3653 1342 3726 templi
1358 3652 1485 3711 Domini.
1858 3720 1873 3734 ..

197 3727 312 3798 positus
327 3723 382 3779 luit
396 3724 489 3781 Satrai
505 3670 656 3782 {oronites
673 3742 679 3780 :
1106 3732 1217 3781 Aurum
1234 3725 1263 3779 in
1279 3725 1406 3797 pondere
1420 3740 1470 3797 per
1484 3720 1604 3797 singula
1630 3739 1703 3782 vasa
1731 3722 1883 3783 miniatem.

234 3795 267 3850 iit
282 3811 372 3867 super
385 3797 473 3852 boves
489 3796 518 3852 in
534 3795 672 3862 uallibus,
696 3794 808 3867 Saphnt
824 3794 903 3851 tilius
927 3792 992 3850 Adii
1008 3808 1017 3850 t
1068 3798 1191 3870 Argenti
1206 3812 1324 3870 quoque
1338 3796 1453 3869 pondus
1474 3810 1527 3868 pro
1555 3809 1702 3852 vasorum
1719 3800 1750 3854 et
1778 3807 1883 3869 operum

232 3867 327 3939 Super
341 3868 470 3924 cameles
485 3885 553 3924 vero
568 3867 633 3926 Ubii
651 3865 815 3923 ismaelites
831 3882 838 3922 :
1069 3868 1247 3926 diversitate.

230 3941 268 3994 iit
284 3952 373 4010 super
387 3939 495 4005 asinoe,
511 3938 613 3995 ludius
629 3937 847 3995 Meronathitcs.
1104 3941 1160 3997 Sed
1176 3943 1205 3995 et
1219 3938 1254 3996 ud
1271 3938 1446 3996 candelabre
1473 3953 1572 4005 aurea,
1587 3937 1668 3994 etad
1688 3936 1886 3996 lucernameo·

230 4009 324 4080 Super
334 4026 402 4066 oves
415 4025 533 4095 quoque
547 4009 762 4082 laninAgereus
772 4009 826 4080 (lt.
841 4007 1016 4081 agarenus).
1069 4027 1134 4066 rum
1146 4027 1251 4068 eurum
1261 4027 1313 4083 pro
1324 4009 1717 4082 mensureuniuscujusque
1733 4005 1884 4068 candelabri

229 4079 316 4136 Omni
331 4081 372 4150 hi,
389 4082 535 4155 prtncipes
550 4081 721 4139 substantie
737 4081 813 4154 regie
828 4079 927 4136 David.
994 4149 1000 4161 .
1068 4088 1097 4140 ct
1111 4082 1308 4139 lucernarum.

228 4150 374 4208 lenuthan
390 4158 487 4210 eutem
504 4157 628 4226 patruus
643 4152 745 4222 David,
766 4151 1018 4220 consiliariusvrr
1105 4154 1248 4211 Similiter
1260 4159 1289 4211 ei
1301 4154 1331 4210 in
1358 4150 1543 4210 candelebris
1558 4151 1729 4224 argenteis,
1744 4157 1774 4208 et
1799 4152 1828 4208 in
1851 4148 1885 4204 ln·

194 4225 325 4295 prudens
340 4229 369 4280 et
383 4223 551 4282 litteratus:
1069 4227 1165 4282 cernis
1178 4242 1292 4293 eorum,
1313 4243 1364 4298 pro
1392 4224 1561 4281 diversitate
1590 4239 1760 4297 mensurae,
1788 4220 1885 4298 pondut

230 4295 295 4368 lpse
309 4300 338 4352 et
352 4296 426 4353 iaici
442 4294 519 4352 lilius
535 4295 695 4352 Achomeni
710 4298 795 4351 erent
809 4310 877 4351 cum
888 4291 960 4348 liliis
972 4308 1017 4348 re·
1069 4298 1183 4370 argenti
1201 4297 1299 4353 tradit.

195 4364 263 4437 gis:
1103 4371 1344 4441 Aurumquoque
1354 4366 1610 4425 deditinmeneae
1619 4366 1838 4441 propositionis
1846 4377 1884 4436 pst

228 4437 387 4511 ahitophel
415 4438 505 4495 etiem
534 4435 721 4495 consiliarius
747 4436 837 4509 regie,
858 4433 1011 4494 etcbusui
1067 4438 1235 4497 diversitate
1263 4436 1614 4496 mensurumrsimiliter
1640 4441 1672 4494 et
1702 4433 1884 4513 argentumii

191 4509 567 4583 Areehiteeemiousregie.
912 4578 918 4590 .
1027 4489 1453 4585 Dotiaamensusargeuteas.
1562 4578 1569 4591 ⁶

230 4582 467 4654 Postrthitophel
492 4584 547 4639 luit
573 4580 677 4638 Joiade
703 4580 784 4636 illius
810 4578 955 4648 hanania,
985 4580 1016 4633 et
1105 4583 1150 4640 ,ed
1166 4577 1883 4654 fuscinulasquoque,etphtelaa,etthuribulaex

194 4650 346 4709 bbietbsr.
1070 4671 1143 4712 euro
1158 4654 1360 4727 purissimo,et
1375 4650 1526 4710 leunculos
1541 4665 1653 4708 eureos
1668 4652 1883 4725 ¹,proqualitctt

229 4724 368 4792 Princeps
382 4727 480 4780 autem
498 4724 643 4781 exercitus
659 4723 736 4796 regis
751 4725 814 4778 eret
827 4720 912 4777 Joeb.
1071 4742 1216 4782 mensura
1232 4726 1348 4799 pondus
1358 4722 1546 4781 distribuitin
1557 4721 1883 4782 leunculumetleunca·

75 4864 76 4868 Ἰ
228 4794 306 4878 (Cap.
322 4794 462 4867 XXVlll.)
478 4797 652 4853 Convocavit
680 4795 771 4868 igitur
797 4793 895 4873 David.
915 4806 1017 4848 omnes
1070 4796 1143 4854 lum.

193 4864 341 4938 principes
357 4866 456 4936 lsrael,
473 4867 563 4925 duces
578 4866 721 4932 tribuum,
733 4870 762 4922 et
773 4866 1016 4938 prepositostur-
1106 4868 1248 4926 Similiter
1260 4870 1289 4924 et
1302 4866 1331 4922 in
1342 4866 1441 4924 leones
1452 4867 1613 4938 argenteos
1623 4865 1782 4925 diversum
1793 4861 1882 4939 arguti

192 4952 321 5006 murum,
337 4939 387 5011 qui
404 4937 615 4995 ministrabant
625 4938 844 5012 regi,tribunos
860 4937 1017 5008 quoquest
1070 4941 1185 5014 pondus
1198 4938 1355 5012 separavit.

193 5010 390 5092 centuriones,
406 5015 435 5068 et
450 5011 500 5081 qui
517 5016 661 5084 preerant
675 5008 846 5066 substantie
860 5011 889 5065 et
920 5021 1016 5090 esses·
1105 5011 1194 5069 Alteri
1210 5015 1320 5081 autum,
1334 5009 1364 5065 in
1381 5023 1439 5080 quo
1454 5006 1593 5092 adoletur
1607 5007 1787 5092 incensum,
1799 5017 1880 5064 curru

192 5081 430 5153 etonibusregis,
449 5082 585 5154 filiosque
608 5098 678 5138 suos
707 5098 774 5138 cum
803 5024 1016 5159 eunuchis,·et
1069 5083 1262 5210 gurissimum
1279 5078 1877 5161 dedit:ntexrpscflerctsrmilttudoqw

190 5155 338 5281 potentes,
368 5157 397 5210 et
425 5153 646 5211 robustissimos
675 5169 792 5225 quoque
823 5151 853 5207 in
887 5151 1014 5206 exercitu
1091 5155 1159 5226 rigae
1175 5151 1340 5218 cherubim,
1355 5150 1580 5208 extendentium
1596 5149 1678 5221 alas,
1691 5156 1723 5210 et
1745 5151 1877 5209 acimum

209 5223 366 5281 erueelem.
1068 5242 1167 5283 arcam
1184 5224 1303 5282 traderis
1318 5222 1449 5281 Domini.

226 5369 236 5402 ¹
252 5365 301 5423 Sic
316 5365 425 5447 Regius
442 5369 531 5438 atque
545 5365 730 5424 colbertinus
740 5362 906 5422 tuiciensis
917 5361 1015 5446 prima
1102 5369 1114 5403 ¹
1131 5367 1246 5439 iegitur
1259 5380 1327 5423 uero
1342 5364 1371 5421 in
1389 5361 1530 5447 Hebraicq
1544 5364 1719 5447 exemplari
1734 5375 1808 5431 tini.
1819 5354 1874 5433 quet
1924 5324 1927 5435 i

193 5453 293 5492 menn:
312 5437 444 5519 ulricum
466 5437 553 5522 editis
583 5436 829 5519 legunt'Zutdr'or
856 5435 1013 5516 Apbonrtcr,
1068 5435 1625 5522 nomenChalduicmpotiueorqqrnis,
1657 5452 1752 5509 quant
1767 5436 1873 5556 lichia?

191 5508 626 5637 titiuftttliissliiit.
639 5507 1013 5650 lituttiituilt:
1065 5508 1873 5652 iiiitl‘iititt'itttttitrit‘tellite

191 5648 339 5720 Apionitet
353 5651 491 5722 copulare
506 5653 661 5707 debebant.
690 5652 719 5706 lu
738 5650 854 5705 liebrmu
870 5648 1011 5705 hodierno
1066 5669 1207 5725 ronymus
1222 5651 1277 5707 levi
1294 5651 1383 5707 unius
1399 5648 1725 5725 litteruletintquae
1751 5649 1809 5709 sola
1828 5657 1870 5699 ul·

194 5721 515 5790 scriptumesttmurr
533 5721 698 5783 ttnrlaidi
726 5720 875 5792 Accipitri,
902 5720 1011 5793 quibus
1064 5723 1218 5796 gnitudine
1233 5722 1384 5791 differunt,
1400 5720 1577 5790 mutatione,
1593 5719 1670 5797 legit
1684 5718 1869 5795 'immittit‘

193 5789 261 5846 dam
276 5790 520 5869 litterismutatie
535 5798 564 5853 et
577 5792 741 5868 permixtis.
753 5793 847 5852 Mser.
1063 5796 1138 5855 cules
1152 5795 1371 5869 interpretetur.
1919 5774 1926 5813 ¹
