3878 6150
129 289 183 346 eac
651 285 681 338 s.
702 281 907 338 marcario
925 281 1051 337 nimae
1071 250 1317 344 erasrorssca.
1784 292 1838 352 aar

131 417 244 475 litteras
258 415 301 489 (h.
316 411 436 484 librum)
450 410 484 466 ad
501 424 598 484 regem
613 407 711 466 iarael.
727 407 781 473 Qui
798 423 864 464 cum
882 421 952 479 pro·
967 408 994 476 Α
1009 423 1044 465 νο
1059 411 1120 476 tuo,
1137 413 1255 483 qnando
1271 413 1424 488 ingressus
1436 413 1674 475 iueritdomlnns
1687 434 1775 478 meua
1785 421 1838 479 do-

53 506 59 519 “
132 509 224 564 iectus
240 504 354 570 luisset,
370 498 530 559 attulisset
544 514 645 557 seeum
661 499 761 555 decem
781 496 893 554 talenta
908 513 955 552 ar·
1009 512 1092 554 mum
1108 500 1838 572 ucmmcn,utadoretibi,etinnianamentan-

130 597 263 672 genti,et
280 612 330 652 aex
359 591 452 650 millia
474 607 594 660 aureos,
611 594 640 647 et
668 590 768 646 decem
798 584 957 643 mutatoria
1009 601 1061 656 per
1075 603 1193 646 manum
1206 607 1312 665 meam,
1327 593 1352 649 si
1368 594 1524 652 adorarem
1539 595 1838 669 indomoitemmon,

130 687 384 755 vestimentorum,
400 680 506 739 detulit
526 680 639 737 litteras
654 678 695 749 (h·
722 677 841 743 librum)
856 675 893 732 ad
909 691 956 732 re·
1009 675 1204 737 adoranteme
1216 681 1246 736 in
1258 682 1361 740 eodem
1372 683 1447 755 ioco,
1459 683 1593 759 ignoscet
1606 686 1678 744 mibi
1688 688 1838 750 Dominus

130 792 195 850 gem
212 773 313 842 lsrael,
330 770 527 831 inhaererba
537 786 544 826 :
556 770 628 827 Gurn
643 767 789 840 acceperis
800 763 956 837 epistolam
1009 781 1092 821 servo
1108 770 1159 824 tuo
1175 785 1227 842 pro
1242 770 1298 827 hac
1312 774 1364 843 re).
1380 772 1435 839 Qui
1450 774 1522 831 dixit
1537 775 1584 832 ei:
1600 776 1682 834 Vade
1695 778 1729 834 in
1757 795 1837 849 paca

129 864 216 932 hanc,
233 863 306 921 scito
322 862 400 936 quod
429 859 561 917 miserim
582 857 808 916 adteNaaman
838 869 955 911 servum
1008 854 1087 910 Abiit
1101 871 1171 929 ergo
1184 858 1220 915 ab
1236 876 1269 917 eo
1280 860 1372 918 electo
1384 866 1620 936 terreetampore.
1642 867 1689 935 (T.
1717 867 1838 943 CXXX.)

130 970 240 1023 meum,
256 957 289 1010 ut
303 967 389 1010 cures
403 948 599 1021 eumalepra
610 963 673 1004 sua.
692 946 822 1018 Cumque
836 943 957 1017 legisset
1008 941 1144 1016 Dixitque
1161 947 1239 1005 Giczi
1270 965 1344 1022 puer
1357 951 1410 1007 viri
1441 951 1491 1008 Dei
1509 969 1516 1008 :
1535 955 1667 1027 Pepercit
1695 956 1838 1017 damiana

131 1061 180 1101 rex
194 1041 285 1102 iarael
300 1043 309 1078 ¹
324 1042 439 1098 litteras
454 1039 496 1113 (h.
517 1037 648 1108 librum),
677 1035 765 1092 scidit
778 1032 956 1091 vestimenta
1009 1048 1093 1091 mens
1108 1036 1250 1094 Naamam
1261 1039 1333 1113 Syro
1344 1040 1404 1111 leti,
1417 1046 1518 1100 utnon
1532 1044 1835 1122 acciperetabcoqua

130 1150 195 1202 sua,
210 1136 239 1191 et
250 1131 290 1189 ait
306 1129 463 1203 :Nunquid
481 1129 557 1185 Deus
573 1142 625 1199 ego
640 1141 702 1182 aum
715 1125 757 1194 (h.
771 1139 827 1179 non
844 1122 954 1190 babet),
1009 1124 1116 1180 attulit:
1132 1125 1204 1182 vivit
1214 1126 1370 1197 Deminne,
1386 1128 1454 1201 quia
1468 1147 1601 1190 currram
1615 1136 1690 1208 'poet
1712 1153 1794 1205 cnm,
1808 1142 1834 1195 et

131 1222 302 1280 utoccidere
319 1235 442 1294 possim,
453 1222 483 1274 et
492 1216 649 1285 vivificare,
666 1214 736 1288 quia
749 1212 805 1270 ieta
820 1211 904 1268 misit
918 1208 954 1267 ad
1008 1213 1150 1286 recipiam
1166 1216 1202 1272 ab
1217 1233 1251 1274 eo
1268 1217 1391 1291 aliquid.
1408 1225 1442 1276 at
1465 1228 1587 1280 secutus
1601 1230 1649 1281 est
1674 1225 1758 1282 Gieai
1771 1230 1832 1301 post

131 1329 188 1385 me,
200 1317 233 1369 ut
243 1327 342 1368 curem
355 1307 503 1365 bominem
514 1306 556 1378 (h.
568 1303 789 1374 virumtalepra
801 1299 953 1358 suriani·
1007 1304 1122 1374 tergum
1138 1303 1269 1362 Naaman
1286 1323 1293 1362 :
1309 1324 1396 1379 qnam
1412 1325 1479 1366 enm
1493 1311 1617 1370 vidisset
1630 1320 1642 1355 ⁸
1670 1321 1831 1375 currentem

130 1401 310 1470 madvertitc,
325 1404 354 1457 ct
369 1398 464 1455 videte
493 1395 570 1470 quod
586 1394 757 1451 occasiones
776 1394 888 1465 quaerat
902 1388 955 1445 ad·
1008 1389 1044 1444 ad
1060 1406 1102 1459 sa,
1119 1391 1228 1449 desiliit
1243 1396 1278 1452 de
1293 1412 1381 1453 curru
1399 1397 1429 1453 in
1445 1414 1603 1457 occursum
1633 1403 1713 1475 ejus,
1738 1410 1768 1461 et
1781 1406 1830 1464 ait:

129 1507 247 1549 versum
263 1506 318 1546 ma.
335 1487 416 1554 Quod
432 1500 500 1542 cum
521 1484 656 1541 audisset
682 1481 805 1538 illisaeus
819 1479 864 1536 vir
890 1477 954 1545 Dei,
1008 1477 1133 1538 Rectene
1149 1489 1219 1540 eunt
1233 1485 1332 1542 omnia
1345 1486 1385 1556 (b.
1413 1487 1516 1545 Nonne
1540 1505 1594 1562 pax
1618 1492 1705 1564 catii
1727 1493 1763 1550 lit
1783 1493 1826 1553 illa

128 1580 241 1640 sedisse
252 1577 387 1637 videlicet
402 1591 498 1649 regem
512 1573 602 1632 isreel
623 1573 797 1629 vestimenta
821 1585 885 1637 sna,
902 1566 955 1623 mi·
1007 1568 1058 1625 ait:
1071 1569 1169 1628 Recte.
1186 1573 1326 1630 Dominus
1342 1591 1426 1632 meus
1436 1577 1520 1634 misit
1531 1594 1578 1636 me
1592 1581 1629 1637 ad
1641 1584 1670 1638 te
1683 1583 1706 1650 ⁸,
1718 1583 1821 1642 diana

41 1650 45 1659 Ι
129 1670 167 1728 ait
181 1670 217 1728 ad
234 1686 313 1738 eum,
329 1668 431 1724 dicens
448 1667 562 1732 :Quare
578 1661 692 1719 scidisti
701 1659 875 1716 vestimenta
888 1654 955 1712 tuat
1006 1657 1091 1714 blodo
1105 1666 1248 1718 venerunt
1263 1665 1299 1719 ad
1316 1680 1362 1720 me
1373 1666 1432 1722 duo
1453 1667 1656 1727 adolescentes
1679 1671 1720 1737 (h.
1738 1672 1821 1747 pucd(

127 1760 227 1818 veniat
241 1760 274 1816 ad
292 1774 351 1829 me,
366 1760 396 1814 et
411 1755 486 1813 sciat
508 1769 573 1810 esse
588 1751 761 1824 prophetem
790 1748 821 1804 in
850 1744 952 1803 israel.
1009 1747 1045 1803 de
1060 1752 1158 1805 monta
1175 1750 1324 1823 Ephraim,
1340 1769 1375 1809 cx
1389 1754 1460 1811 filiis
1472 1756 1687 1829 prophetarum
1705 1778 1713 1818 :
1738 1763 1774 1819 da
1785 1764 1820 1821 eia

128 1852 171 1925 (T.
187 1848 331 1920 GXXVil.)
348 1845 437 1903 Venit
461 1860 528 1915 ergo
553 1842 686 1899 Naaman
714 1854 780 1895 cum
807 1836 891 1910 cquie
919 1840 950 1892 et
1011 1834 1155 1894 talentum
1171 1840 1341 1913 argenti,at
1361 1848 1458 1900 vestes
1487 1847 1661 1904 mutatorias
1690 1851 1817 1925 duplicas

128 1939 265 1998 curribus
279 1937 321 2011 (b.
338 1952 425 1993 curru
443 1934 520 2006 suo),
532 1935 562 1989 et
576 1931 657 1988 stetit
670 1930 705 1986 ad
722 1927 833 1985 ostium
849 1926 955 1982 domus
1011 1924 1145 1999 Dixitque
1159 1932 1312 1986 Naamam:
1325 1931 1482 1990 Melinsest
1492 1940 1525 1990 ut
1534 1935 1664 2010 accipias
1674 1939 1816 1999 dnotalac·

128 2028 224 2087 Diisei
241 2044 249 2085 :
268 2026 405 2097 misitque
421 2023 456 2081 ad
471 2038 539 2078 eum
550 2017 953 2087 Dlieausnuntiurn‚dicans;
1008 2021 1048 2072 ta.
1065 2021 1099 2073 Et
1114 2021 1296 2092 coegiteum,
1312 2022 1470 2096 ligavitque
1494 2026 1552 2083 duo
1581 2029 1694 2088 talenta
1718 2036 1813 2107 argent

127 2117 219 2189 Vade,
235 2121 263 2174 et
276 2116 371 2172 lavare
382 2113 490 2185 septies
502 2111 531 2166 in
541 2109 680 2175 iordane,
692 2111 721 2164 et
733 2105 855 2177 recipiat
870 2104 954 2160 sani·
1007 2103 1273 2180 induobussaceis,
1284 2115 1313 2167 et
1324 2111 1648 2184 duplicinvestimenta,
1657 2119 1811 2191 etimpnsalt

128 2210 219 2264 tatem
235 2223 302 2263 caro
312 2208 374 2271 tua,
386 2210 474 2276 atque
489 2198 693 2257 mundaberis.
710 2199 805 2252 iratus
820 2198 952 2250 Naaman
1006 2192 1123 2251 duobus
1135 2197 1235 2268 pueris
1254 2199 1330 2267 suis,
1342 2200 1393 2272 qui
1408 2207 1437 2258 et
1451 2208 1645 2276 portaverunt
1667 2223 1761 2266 coram
1775 2224 1805 2267 aa

127 2296 291 2365 recedebat,
307 2293 427 2351 dicens:
445 2288 585 2346 Putabam
603 2286 682 2360 quod
706 2283 892 2357 egrederetur
915 2282 951 2339 ad
1006 2282 1139 2357 Cumque
1153 2287 1281 2344 venisset
1289 2289 1352 2360 jam
1369 2292 1431 2362 (me.
1446 2294 1546 2366 etiarn)
1560 2297 1688 2369 vesperi,
1703 2298 1765 2355 tulit
1782 2299 1807 2355 de

128 2401 184 2453 mo,
201 2388 230 2443 et
245 2389 328 2440 stans
344 2381 492 2437 invocaret
507 2393 614 2434 nomen
644 2373 761 2431 Domini
778 2373 826 2429 Dei
848 2371 906 2437 eui,
922 2376 952 2429 et
1007 2388 1096 2430 manu
1109 2390 1221 2445 eorum,
1232 2380 1443 2451 etraposuitin
1455 2380 1803 2461 domo,dimisitqoevirca,

126 2476 261 2545 tangeret
276 2486 364 2527 manu
381 2485 435 2525 sua
460 2467 556 2523 locum
585 2463 683 2536 lepre,
699 2466 728 2519 et
750 2465 864 2525 curaret
892 2475 948 2516 me.
1005 2465 1034 2516 et
1049 2462 1194 2520 abierunt.
1211 2465 1276 2538 ipse
1290 2469 1561 2542 autemingrasena,
1574 2475 1657 2531 stetit
1667 2492 1755 2534 coram
1766 2478 1802 2533 dc·

126 2559 266 2632 Nunqnid
282 2575 340 2614 non
367 2557 502 2630 meliqres
518 2558 589 2611 sunt
617 2554 718 2609 dhane
732 2555 762 2607 et
787 2549 950 2622 Pharphar,
1005 2549 1085 2607 mino
1101 2569 1164 2609 suo.
1178 2554 1223 2625 (T.
1240 2555 1373 2625 CXXXI.)
1387 2558 1423 2613 lit
1438 2559 1510 2615 dixit
1527 2560 1671 2621 lliieaeus:
1687 2564 1801 2623 [indere

126 2649 208 2706 liuvii
226 2646 371 2714 Damasci,
388 2644 526 2703 omnibus
541 2642 627 2715 aquia
642 2640 731 2698 lsrael
745 2642 766 2709 2,
779 2643 811 2696 ut
826 2639 905 2696 laver
918 2639 948 2696 in
1003 2641 1048 2694 ais
1063 2640 1103 2708 (h.
1120 2658 1177 2698 non
1195 2642 1304 2717 babet),
1321 2645 1416 2702 Giezi?
1430 2647 1484 2712 Qui
1499 2652 1672 2723 respondit:
1694 2654 1750 2711 Non
1764 2654 1799 2711 ivit

125 2740 179 2809 eie,
196 2745 225 2797 et
239 2736 471 2796 mundericum
487 2750 555 2808 ergo
583 2732 718 2790 vertisset
746 2748 787 2802 se,
803 2737 832 2787 et
855 2730 950 2787 abiret
1003 2745 1106 2787 servus
1120 2736 1191 2789 tune
1207 2751 1355 2809 quoquam
1381 2737 1433 2809 (mc
1459 2725 1631 2815 quaquam).
1645 2745 1801 2803 Atilianae·
1836 2786 1838 2805 ,

124 2828 295 2901 indignans,
310 2827 497 2883 accesserunt
509 2822 544 2878 ad
559 2838 626 2879 enm
642 2820 716 2877 eervi
733 2819 791 2886 eui,
806 2828 835 2874 et
858 2818 948 2875 locuti
1003 2834 1050 2888 ne,
1066 2821 1118 2891 ait,
1134 2838 1184 2879 cor
1199 2838 1298 2880 meum
1315 2824 1344 2881 in
1359 2827 1495 2897 praesenti
1510 2834 1584 2901 erat,
1599 2833 1715 2904 quando
1728 2848 1799 2891 rerer
1832 2828 1838 2913 ,¹

124 2920 195 2974 sunt
209 2916 253 2974 ei:
270 2916 354 2972 Pater
369 2914 411 2987 (h.
423 2911 581 2983 Patermi),
591 2909 615 2966 si
627 2925 688 2966 rem
703 2909 846 2981 grandem
856 2906 948 2964 dixis·
1003 2924 1054 2965 sue
1067 2914 1112 2965 cst
1126 2911 1214 2968 homo
1230 2913 1271 2985 (h.
1288 2913 1541 2986 vir)deeurrusuo
1553 2919 1584 2974 in
1596 2918 1799 2980 occursantuii

125 3011 169 3063 set
184 3005 235 3062 tibi
260 3002 413 3077 propbeta,
437 3010 513 3058 certe
528 3000 622 3055 lacere
650 2997 795 3053 debueras
815 3000 947 3065 :quanto
1001 2997 1084 3055 Nunc
1098 2999 1189 3072 igitur
1203 3003 1340 3075 accepisti
1358 3010 1525 3078 argentum,
1536 3011 1796 3083 etaoccpiativastea.

124 3096 216 3167 magis
231 3095 302 3167 quia
316 3111 395 3150 nunc
409 3093 481 3149 dixit
496 3091 549 3147 tibi
561 3108 570 3146 :
581 3093 701 3155 Levana,
712 3094 741 3146 et
755 3088 946 3145 mundaberis
1001 3091 1034 3141 ut
1048 3102 1130 3145 emas
1145 3091 1250 3148 oliveta
1260 3097 1288 3149 et
1304 3093 1399 3149 vinata
1422 3095 1513 3167 (Vatq.
1540 3098 1664 3172 vineas),
1690 3106 1718 3158 et
1738 3115 1795 3165 om.

124 3183 296 3255 (cxxvtu.)
310 3181 477 3248 Descendit,
494 3185 523 3237 et
547 3178 618 3235 iavit
631 3178 660 3233 in
682 3178 809 3234 iordane
836 3153 982 3251 septieaG
1001 3179 1030 3232 et
1044 3177 1142 3248 boves,
1158 3184 1187 3235 et
1202 3195 1311 3249 servos,
1321 3186 1357 3261 ,et
1371 3183 1505 3241 ancilias.
1521 3186 1575 3241 Sed
1592 3192 1621 3243 et
1643 3189 1721 3261 lepra
1743 3194 1796 3246 itu·

119 3273 205 3345 iuxta
220 3287 386 3328 sermonem
397 3270 452 3325 viri
467 3269 529 3336 Dei,
545 3273 574 3324 et
582 3268 717 3324 restituta
732 3271 854 3323 estcaro
868 3267 944 3338 ejus,
1001 3281 1069 3321 man
1082 3267 1239 3324 adherebit
1252 3270 1313 3342 (me.
1328 3271 1432 3344 aderit)
1447 3273 1511 3343 tibi,
1525 3281 1555 3331 et
1583 3279 1690 3335 semini
1715 3284 1760 3337 tuo
1775 3276 1794 3332 ia

122 3363 201 3421 sicut
214 3376 281 3418 caro
297 3360 378 3434 pueri
392 3358 516 3431 parvuli,
537 3363 565 3413 et
580 3356 742 3412 mundatus
766 3359 821 3410 est.
838 3355 945 3411 Revsr·
999 3356 1225 3427 sempiternum.
1242 3362 1277 3414 lit
1291 3375 1428 3433 egressus
1441 3367 1486 3419 eat
1500 3363 1537 3420 ab
1549 3381 1583 3422 eo
1599 3367 1731 3441 leprosus
1743 3381 1795 3442 qut·

122 3466 233 3524 suaque
248 3450 283 3507 ad
297 3450 394 3505 virum
407 3448 458 3505 Dei
473 3463 540 3504 curn
569 3444 943 3513 univereocomitatuauo,
999 3444 1023 3500 si
1040 3444 1098 3500 nix.

121 3540 212 3602 venit.
227 3544 257 3596 et
271 3539 353 3596 stetit
367 3554 465 3594 coram
494 3551 539 3603 eo,
554 3541 584 3591 et
599 3535 639 3590 ait
655 3550 662 3589 ι
687 3533 760 3590 Vere
775 3533 836 3589 scio
864 3533 942 3606 qnod
1036 3535 1112 3607 (Cep.
1129 3535 1188 3607 vi.)
1203 3535 1345 3596 Dixerunt
1360 3544 1457 3597 autem
1472 3541 1524 3598 iiiii
1548 3542 1792 3618 prophetarumei

121 3628 430 3698 nonsitDeueWatq.
454 3623 680 3695 aliusDeuslin
698 3621 834 3679 universa
853 3625 943 3692 terra,
997 3622 1446 3702 DlisarumzllcceIocusinquo
1477 3632 1645 3692 habitamus
1669 3638 1793 3696 corante

122 3720 179 3777 nisi
194 3724 310 3775 tantum
327 3717 356 3774 in
373 3714 473 3773 lsrael,
491 3717 532 3788 (T.
556 3712 684 3786 CXXIX.)
700 3713 826 3769 Obsecro
843 3713 943 3785 itaque
997 3718 1143 3785 angustus
1155 3715 1422 3774 estnobie.ltamue
1436 3723 1572 3792 usquead
1595 3726 1794 3797 tardanensi

122 3812 155 3865 ut
169 3807 297 3881 accipias
319 3804 554 3864 benedictionem
570 3820 587 3859 a
602 3818 683 3859 servo
697 3806 759 3857 tuo.
787 3800 886 3857 Atilia
901 3817 944 3857 re·
997 3800 1138 3858 tollamus
1150 3806 1212 3870 (ma.
1227 3813 1254 3860 et
1268 3805 1356 3875 Vatq.
1373 3807 1487 3880 tollam)
1502 3810 1613 3884 singuli
1627 3816 1664 3871 dc
1678 3816 1795 3873 aiiaaae·

122 3896 241 3969 spondit
258 3913 265 3953 :
295 3895 373 3951 Vivit
389 3894 543 3963 Dominus,
564 3897 630 3948 ante
647 3906 734 3963 quem
748 3894 793 3947 sto
809 3889 849 3960 (h.
864 3890 942 3962 steti)
996 3889 1085 3947 terias
1099 3891 1243 3965 singulae,
1259 3898 1291 3949 ut
1304 3895 1483 3954 edificemus
1499 3900 1584 3957 nobis
1605 3902 1645 3959 ibi
1672 3899 1794 3963 iocnnat

122 3986 192 4060 quia
208 4001 265 4041 nun
279 3984 421 4057 accipiam
449 3982 583 4054 Cumque
597 3981 657 4035 vim
681 3980 799 4056 iaceret,
824 3980 943 4051 penitus
997 3979 1199 4039 habitandum.
1217 3982 1271 4047 Oui
1286 3984 1371 4042 dixit:
1389 3985 1441 4042 lte.
1466 3987 1501 4044 iit
1515 3990 1557 4045 ait
1580 4008 1659 4051 unus
1680 4011 1715 4052 ca
1733 3994 1794 4053 tis:

121 4091 178 4132 non
194 4072 349 4147 acquievit.
363 4071 499 4143 Dixitque
512 4070 663 4126 Naaman:
676 4067 711 4124 Ut
724 4068 840 4136 vis,ead
855 4068 942 4124 obse·
995 4068 1067 4125 Veni
1083 4076 1192 4143 ergoet
1206 4076 1237 4128 tu
1254 4089 1322 4129 cnm
1342 4075 1434 4132 servis
1455 4076 1525 4134 iuis.
1555 4078 1734 4155 Despondit:
1753 4082 1794 4155 lut

120 4179 180 4232 oro,
197 4162 322 4221 concede
337 4160 409 4218 mibi
424 4176 506 4218 servo
521 4162 584 4227 tuo,
614 4156 762 4214 attollam
778 4173 853 4214 onus
869 4157 942 4214 duo·
995 4158 1122 4215 veniam.
1138 4160 1173 4216 itt
1185 4161 1258 4217 abiit
1282 4178 1350 4220 cum
1374 4165 1427 4221 ais.
1451 4166 1583 4241 Cumque
1607 4167 1793 4232 venissentad

119 4238 186 4309 ru'm
201 4253 369 4309 burdonum
385 4249 413 4306 h.
429 4249 602 4322 (mulorum)
617 4248 745 4304 deterre
774 4263 831 4302 non
861 4247 940 4304 enim
995 4247 1793 4333 Jordanem,caedebantlignaetcciditautem,uteru

118 4340 401 4409 lacietultraaervus
411 4335 715 4395 tuuebolaueaustum
726 4341 777 4392 aut
788 4335 939 4393 victimam
995 4353 1074 4394 unus
1089 4339 1241 4396 materiam
1256 4340 1441 4412 succidisset,
1457 4346 1574 4404 caderet
1584 4348 1696 4408 ferrum
1704 4346 1793 4409 ”corb

119 4430 176 4487 diis
191 4429 306 4501 alienis,
319 4428 375 4485 nisi
385 4427 519 4485 Domino.
536 4426 595 4483 Hoc
606 4430 703 4483 autem
720 4425 816 4482 solum
833 4434 889 4493 set,
903 4426 939 4483 de
994 4426 1024 4481 in
1041 4442 1159 4499 aquam:
1175 4427 1407 4504 exclamavitque
1421 4431 1481 4500 ille,
1496 4435 1587 4494 etait:
1600 4437 1681 4497 Dhcu
1692 4434 1792 4511 ’,(1οωί-

118 4536 176 4593 quo
191 4517 355 4591 depreceris
370 4516 528 4573 Dominum
540 4532 592 4588 pro
602 4531 686 4572 servo
701 4515 882 4587 tuo‚quando
893 4515 941 4570 in·
955 4515 979 4583 Ι)
994 4531 1031 4571 ne
1046 4516 1097 4586 mi,
1113 4521 1143 4572 et
1158 4517 1211 4573 hoc
1225 4518 1323 4591 ipsum
1340 4526 1442 4579 mutuo
1457 4539 1638 4598 acceperam.
1665 4529 1737 4587 Dixit
1751 4540 1791 4583 an·

115 4608 266 4683 gradietur
280 4610 341 4677 (ma.
357 4605 532 4679 ingreditur)
542 4604 679 4662 dominus
695 4619 778 4661 meus
793 4604 938 4676 templum
993 4608 1051 4659 tem
1068 4604 1156 4662 homo
1170 4605 1222 4662 Dei
1238 4607 1279 4679 (b.
1295 4608 1341 4665 vir
1364 4609 1427 4682 Dei)
1443 4627 1450 4667 :
1466 4610 1522 4669 Ubi
1550 4616 1684 4674 cecidit?
1703 4623 1736 4677 at
1754 4612 1789 4670 ilie

114 4701 268 4766 Rammon,
285 4701 318 4753 ut
331 4696 442 4762 adoret,
453 4699 482 4751 et
497 4693 546 4751 illo
556 4693 700 4750 innitente
715 4708 805 4765 super
817 4708 937 4750 manum
993 4694 1167 4751 monstravit
1181 4695 1208 4752 ei
1223 4694 1331 4754 iocum.
1355 4699 1398 4766 (T.
1411 4699 1557 4775 CXXXil.)
1585 4703 1719 4764 Praecidit
1736 4715 1787 4776 ortt

115 4801 223 4858 meam,
239 4785 263 4843 si
279 4786 436 4842 adorarem
450 4782 481 4839 in
500 4781 610 4855 templo
625 4782 780 4849 Remmon,
799 4783 938 4840 adorante
992 4777 1117 4851 lignum,
1134 4785 1163 4839 et
1178 4781 1261 4840 misit
1276 4782 1315 4853 (b.
1333 4789 1362 4841 et
1372 4785 1454 4859 jecit)
1468 4787 1545 4846 iiiuc:
1564 4794 1731 4869 natavitque
1745 4792 1787 4848 aa

115 4891 150 4934 ao
164 4876 229 4948 (ma.
245 4883 313 4932 tecet
324 4874 369 4945 ec)
384 4873 414 4928 in
427 4872 530 4929 eodem
554 4871 628 4940 loco,
645 4876 678 4928 nt
700 4870 833 4944 ignoscat
846 4870 936 4927 mibi·
991 4884 1069 4937 rum,
1085 4873 1115 4926 et
1130 4870 1180 4927 ait:
1194 4870 1283 4929 Tolle.
1301 4873 1356 4938 Qui
1376 4877 1506 4936 extendit
1530 4894 1665 4953 manum,
1692 4889 1718 4941 ct
1736 4876 1787 4938 uit

116 4960 497 5035 Dominuseervotuoffla.
514 4961 644 5033 auolpro
673 4959 728 5017 bac
753 4976 784 5017 re
806 4960 846 5021 ih.
877 4959 935 5017 nisi
991 4958 1785 5046 (maattulittiliud.ltexautemflyriapugnabatooa·

113 5054 245 5113 Domino.
261 5052 296 5110 llt
310 5069 362 5126 pro
378 5052 432 5109 bae
447 5050 620 5124 reignescat
632 5048 704 5105 mibi
718 5047 862 5105 Dominus
876 5063 936 5105 ser·
990 5050 1035 5103 tra
1050 5046 1150 5117 iarael,
1166 5048 1384 5123 consiliumque
1397 5052 1464 5112 iniit
1478 5071 1545 5115 oum
1558 5062 1651 5118 saraia
1671 5061 1738 5129 suia,
1752 5053 1785 5113 tl·

146 5256 225 5309 ¹Hic
240 5268 307 5309 vero
321 5248 435 5307 abludit
462 5249 497 5305 ab
527 5246 682 5319 archetypo
710 5245 830 5304 Hebraeo
843 5245 934 5304 Vero·
989 5241 1196 5315 bloelffliitwffi
1212 5244 1318 5316 ¹⁰90*st
1333 5250 1609 5312 mmmm·

110 5341 194 5383 nens.
211 5341 267 5380 ms.
284 5327 385 5379 tacens
399 5335 506 5376 nornen
521 5321 617 5388 lsrael,
635 5325 664 5375 et
679 5317 766 5391 paulo
782 5321 850 5389 post
871 5333 932 5388 epo.
1024 5313 1175 5371 ‘Votuin
1190 5315 1226 5371 ‘td
1240 5320 1277 5383 ‘²2
1293 5334 1357 5389 (1¹10
1385 5336 1481 5394 ¹¹0T⁰⁰
1495 5322 1526 5380 ¹¹¹
1552 5324 1675 5387 ΗΘΜ
1701 5324 1789 5388 '⁰⁰⁰⁸

144 5397 252 5452 aqdqm
279 5391 483 5451 mmmmm
505 5392 553 5462 qq(
566 5399 630 5446 mm
658 5392 688 5445 m
714 5389 813 5454 (crasi,
829 5388 934 5447 aubin·
987 5384 1148 5443 Veronens.
1165 5402 1222 5443 ms.
1238 5391 1445 5459 pretermittit.

108 5465 326 5538 colligationis,
343 5460 605 5536 utreotehabeat:
631 5460 750 5518 tametsi
765 5459 891 5517 incurrit
901 5460 932 5518 in
1022 5456 1270 5517 ‘Terebrarum
1285 5459 1420 5536 vulgatis
1448 5480 1480 5522 re
1517 5466 1555 5525 tit
1579 5468 1629 5529 hic
1657 5472 1787 5532 idanus

108 5536 212 5594 oculos
226 5535 385 5609 antiquarii
400 5533 514 5608 lapsus.
761 5601 768 5615 ·
987 5529 1215 5613 atqucinieriua
1230 5528 1288 5591 bia,
1303 5534 1383 5606 quod
1397 5550 1478 5597 uma
1503 5540 1791 5604 rectiuainnunat

141 5607 286 5666 ’Sufficit
312 5607 474 5665 veronens.
490 5621 545 5662 ma.
563 5620 631 5662 cum
652 5601 787 5678 Vulgata·
800 5602 860 5661 iiic.
874 5602 932 5662 ile·
985 5600 1081 5660 labris,
