3878 6150
107 282 165 370 δὴ
820 308 1112 367 suessionicum.
1764 322 1820 379 573

108 455 174 496 „m
189 437 269 513 ignis
283 436 429 512 acceperit
444 453 452 493 ι
469 441 499 494 et
513 454 571 495 non
587 439 633 493 est
647 435 798 508 cognitum
825 437 855 490 in
878 450 937 506 qun
953 436 979 504 Α
993 431 1080 490 etiam
1094 433 1221 506 populus
1232 433 1333 491 videns
1343 433 1484 494 laudabat
1498 439 1585 498 deum
1601 428 1824 516 conmonuem-

107 532 191 585 θηρὶ
206 527 346 586 tortitudo
361 527 577 600 elusdtixilque
592 526 627 581 ad
644 541 713 581 eum
735 522 827 580 llalila
845 540 852 578 2
869 523 941 579 Ecce
997 539 1053 595 que
1064 522 1326 581 dicebalz'l'radidit
1341 525 1412 581 dena
1430 530 1569 587 nosterin
1585 547 1691 591 manus
1704 540 1820 594 nostras

109 616 234 672 illusisti
250 614 335 688 mihi,
350 619 379 672 et
394 614 500 672 falsum
516 615 633 672 locutus
647 630 679 670 es
702 630 709 670 ε
731 613 838 671 saltem
863 626 942 669 nunc
997 611 1196 669 adversarium
1231 612 1319 686 [Vulp.
1353 615 1414 670 add.
1451 620 1608 692 nostrum],
1633 623 1681 693 qui
1715 624 1824 682 delevit
1929 674 1931 679 .

108 705 213 764 indica
228 704 302 762 mihi
318 721 377 780 quo
392 703 476 777 ligari
492 704 610 761 debeas.
627 703 679 761 Cui
695 701 745 759 ille
766 701 941 775 respondit:
997 704 1105 757 terram
1137 704 1279 775 nostram,
1305 708 1333 759 et
1362 704 1468 762 occidit
1495 707 1648 780 plurimos.
1679 712 1721 783 [C.
1752 715 1820 789 Lu}

108 793 673 870 Siligatusiueronovislucibus,qui
698 808 851 865 nunquam
879 789 942 847 lue·
997 795 1200 864 tutandosque
1227 809 1279 864 per
1302 794 1444 861 convivia,
1465 797 1592 871 sumptis
1624 800 1686 872 jam
1711 805 1821 877 epulis.

112 888 188 942 runt
202 884 232 943 in
246 900 345 957 opere,
361 883 499 942 infirmus
514 900 573 955 ero,
590 887 616 940 et
633 882 760 939 oliorum
788 880 942 938 hominum
998 888 1199 954 preceperunt
1224 887 1256 937 nt
1285 888 1439 940 vocaretur
1469 889 1604 958 Samson,
1629 894 1658 946 et
1680 897 1748 949 ante
1772 910 1822 952 eos

115 975 237 1034 similis.
252 976 365 1041 Quibus
381 991 498 1032 rursum
516 972 610 1031 Dalilu
623 974 714 1030 vinxit
729 990 808 1040 eum,
831 976 860 1029 et
883 970 943 1029 cls·
996 969 1120 1026 luderet.
1137 971 1191 1036 Qui
1206 971 1352 1028 adductus
1363 973 1398 1028 de
1413 990 1527 1032 carcere
1543 976 1663 1036 ludebat
1677 983 1746 1039 unte
1760 999 1822 1056 eos,

114 1066 208 1123 mavit
223 1081 230 1121 ε
246 1064 413 1122 Philisthim
430 1070 571 1138 superte,
595 1064 727 1132 Samson,
752 1063 783 1119 ia
807 1060 943 1119 cubiculo
998 1059 1267 1134 feceruntqueeum
1284 1067 1362 1118 stare
1377 1061 1454 1119 iuter
1481 1067 1554 1122 duas
1580 1067 1744 1129 columnas.
1768 1071 1824 1142 oui
1873 1054 1895 1103 .‘

111 1154 234 1212 insidiis
245 1153 428 1229 praeparatis.
444 1152 497 1219 Oui
514 1152 554 1209 ita
569 1152 650 1227 rupit
662 1152 780 1209 vincula
793 1152 878 1225 quasi
896 1148 945 1209 llls
998 1149 1071 1207 dixit
1083 1165 1172 1221 puero
1188 1150 1299 1224 regenti
1313 1168 1433 1225 gressus
1448 1170 1517 1210 suos
1535 1171 1541 1210 :
1566 1156 1684 1216 Dimitte
1708 1175 1765 1228 me,
1792 1168 1826 1218 nt
1918 1194 1921 1199 ·

111 1244 255 1301 telarum.
275 1242 413 1317 Dixitque
428 1243 522 1300 Dalila
538 1259 656 1300 rursum
672 1243 707 1299 ad
722 1259 790 1299 cum
807 1258 814 1299 ε
831 1240 944 1315 Usque·
998 1241 1117 1312 tangam
1133 1238 1296 1310 columnas,
1312 1239 1422 1313 quihus
1437 1242 1534 1300 omnis
1548 1243 1681 1303 imminet
1706 1248 1824 1323 domus,

114 1351 176 1405 quo
192 1332 322 1407 decipies
338 1349 395 1400 me,
410 1337 439 1390 et
453 1330 560 1390 lalsum
576 1331 727 1406 loqueris?
741 1332 862 1389 ostende
886 1345 944 1403 quo
997 1329 1026 1383 et
1049 1325 1173 1383 recliner
1196 1344 1286 1399 super
1308 1344 1368 1399 eas,
1394 1337 1422 1386 el
1445 1329 1600 1403 paululum
1628 1334 1821 1408 requiescam.

113 1423 222 1480 vinciri
240 1423 358 1479 debeas.
375 1423 416 1489 si,
431 1422 527 1494 lnquit
545 1425 565 1493 ¹,
582 1427 693 1496 septem
717 1421 813 1478 crines
838 1420 943 1495 capitis
997 1415 1109 1473 Domus
1125 1420 1222 1473 uotam
1240 1422 1303 1473 urst
1329 1418 1416 1491 plena
1440 1419 1568 1477 virorum
1592 1440 1626 1479 ac
1652 1424 1822 1499 mulierum,

117 1511 175 1569 mei
193 1528 260 1568 cum
277 1510 345 1568 licio
360 1510 549 1585 plexueris,et
563 1510 679 1567 clavum
692 1510 739 1566 his
753 1509 942 1584 circumliga·
999 1509 1027 1560 et
1041 1509 1125 1561 erant
1140 1504 1179 1562 ibi
1204 1522 1307 1562 omnes
1330 1507 1481 1581 principes
1507 1510 1763 1589 philisthinorum,
1790 1534 1823 1574 ac

115 1607 178 1658 tum
196 1605 281 1658 terra
295 1601 404 1669 llxeris,
420 1599 557 1656 inllrmus
572 1616 631 1657 ero.
647 1600 727 1666 Quod
744 1616 809 1656 cum
827 1599 945 1656 lecisset
998 1595 1034 1651 de
1057 1598 1133 1650 tecto
1155 1598 1183 1652 et
1207 1594 1314 1652 solario
1338 1597 1454 1654 circiter
1475 1598 1530 1657 tria
1552 1601 1644 1660 millia
1669 1606 1824 1681 utriusque
1914 1606 1917 1611 '

116 1690 224 1762 Dalila,
235 1689 311 1746 dixit
324 1690 361 1747 ad
377 1687 638 1747 eumzPhilisthim
656 1705 745 1762 super
760 1693 942 1759 te,Samsnn.
999 1700 1085 1741 sexus
1100 1686 1273 1759 spectabant
1285 1682 1435 1743 ludentem
1451 1688 1584 1748 Samson.
1601 1696 1640 1749 st
1668 1693 1727 1765 illc,
1739 1695 1820 1754 inuo-

119 1779 174 1849 Qui
199 1795 383 1853 consurgens
407 1780 443 1836 de
465 1795 568 1836 somno
592 1778 715 1836 extraxit
738 1778 849 1835 clavum
875 1795 942 1835 cum
959 1820 982 1887 B
999 1773 1290 1846 calumniandi:
1308 1774 1430 1833 Domine
1443 1782 1533 1849 Deus,
1550 1788 1696 1840 memento
1711 1786 1779 1856 mei,
1796 1792 1826 1845 ct
1922 1822 1925 1827 ·

119 1869 255 1927 omnibus
269 1873 299 1926 et
313 1868 391 1925 licio.
407 1867 543 1941 Dixitque
559 1869 592 1923 ad
619 1884 686 1925 eum
714 1869 806 1924 Dalilu
832 1885 839 1925 ι
864 1870 944 1936 Ouo·
999 1863 1087 1920 redde
1114 1880 1193 1920 nunc
1219 1862 1291 1919 mihi
1323 1865 1523 1924 tortitudinem
1555 1870 1722 1945 pristinam,
1747 1880 1824 1935 Deus

119 1959 206 2016 modo
221 1958 298 2015 dicis
311 1958 388 2031 quod
404 1973 486 2015 ames
502 1973 557 2026 me,
572 1974 638 2013 cum
655 1956 772 2015 animus
791 1961 862 2014 tuus
886 1972 945 2014 non
999 1955 1130 2019 metuunt
1146 1950 1272 2008 ulciscur
1288 1968 1333 2008 mu
1349 1953 1384 2010 du
1398 1953 1534 2012 hostibus
1547 1957 1661 2028 meimet
1673 1964 1824 2034 proamis·
1921 1996 1924 2001 ·

119 2049 157 2106 sit
170 2048 315 2106 mecum?
329 2048 384 2103 Per
402 2052 461 2104 tres
485 2045 562 2104 uices
588 2048 727 2104 mentitos
750 2063 781 2104 es
807 2046 891 2116 mihi,
916 2049 945 2104 at
1000 2041 1082 2097 sione
1100 2040 1225 2097 duorum
1240 2040 1388 2098 luminum
1404 2059 1492 2099 unam
1508 2044 1646 2105 ultionem
1673 2053 1823 2125 recipiam.

119 2136 242 2194 noluisti
258 2136 353 2193 dicare
369 2136 400 2192 in
424 2152 482 2208 qun
503 2136 542 2193 sit
564 2141 614 2193 tua
640 2137 768 2192 maximo
793 2136 944 2193 tortitudo.
999 2130 1035 2187 Et
1050 2128 1273 2203 apprehendens
1290 2130 1392 2186 ambas
1407 2131 1571 2204 columnas,
1587 2137 1694 2209 quihus
1714 2139 1824 2200 innite-

119 2226 288 2301 tumqueei
303 2225 424 2283 molesta
435 2231 522 2295 esset,
539 2230 568 2282 et
578 2243 629 2299 per
640 2225 749 2282 multos
764 2224 826 2282 dies
832 2224 946 2298 jugiter
1001 2219 1088 2276 hatur
1101 2219 1218 2291 domus,
1233 2219 1411 2293 alteramque
1425 2238 1526 2279 carum
1547 2225 1676 2297 dextera,
1698 2234 1728 2286 et
1751 2229 1825 2288 alle·
1935 2230 1938 2237 '

120 2317 291 2385 adhereret,
308 2313 624 2388 spatiumndquietcm
637 2314 849 2383 contribuens,
867 2314 945 2372 dele·
1002 2324 1063 2365 rom
1078 2307 1149 2364 laeva
1164 2313 1278 2379 tenens,
1294 2309 1333 2364 ait
1350 2325 1357 2364 ι
1374 2308 1516 2366 Moriatur
1543 2314 1641 2371 anima
1666 2333 1731 2375 mea
1754 2335 1824 2377 cum
1890 2388 1894 2395 ¹

120 2407 156 2463 cit
171 2405 274 2462 anima
290 2404 365 2476 eius,
379 2407 407 2460 et
425 2404 460 2459 ad
488 2409 611 2461 mortem
638 2421 731 2477 usque
756 2403 866 2461 lassata
889 2408 946 2461 est.
1001 2396 1406 2471 Philisthim.Coooussisque
1423 2399 1536 2457 fortiter
1550 2402 1708 2477 columnis,
1718 2408 1824 2466 cecidit

120 2498 197 2551 tunc
209 2491 507 2568 aperiecsveritatem
524 2493 653 2562 rei,dixit
667 2494 703 2550 ad
719 2510 782 2550 eam
802 2509 809 2551 :
825 2494 946 2550 Ferrum
1001 2487 1107 2544 deuius
1123 2504 1213 2561 super
1226 2504 1328 2544 omncs
1341 2488 1490 2563 priucipes
1510 2499 1537 2548 el
1561 2499 1696 2553 ceteram
1721 2497 1826 2557 multi·

123 2600 278 2657 nunquam
295 2581 427 2639 serendit
441 2598 530 2655 super
549 2587 636 2655 eaput
660 2599 770 2650 meum,
795 2584 865 2656 quin
888 2582 947 2639 Na·
1002 2576 1135 2633 tudinem
1151 2594 1217 2649 quae
1232 2577 1272 2634 ihi
1287 2581 1360 2646 erat,
1384 2579 1537 2653 multoque
1558 2581 1657 2655 plures
1681 2587 1828 2647 interiecit

125 2688 234 2730 mraeus
260 2669 300 2735 [id
325 2677 380 2744 est,
406 2677 594 2730 consecratus
624 2672 693 2746 Deo]
716 2690 781 2730 sum
804 2674 840 2730 da
864 2678 948 2729 utero
1002 2666 1243 2738 moriens,quam
1258 2671 1325 2723 aute
1339 2666 1423 2723 vivus
1437 2669 1593 2728 occiderat.
1611 2677 1826 2737 Descenduntes

52 2780 57 2794 ⁸
127 2762 230 2820 matris
243 2761 369 2820 meatui
385 2777 485 2818 rasum
502 2762 589 2819 luerit
604 2767 692 2835 caput
707 2779 817 2833 meum,
834 2762 949 2823 recedet
1002 2759 1100 2811 aulem
1118 2755 1223 2811 iratres
1237 2756 1302 2828 ejus
1320 2759 1350 2812 et
1374 2757 1510 2815 universa
1534 2761 1669 2834 cognatio
1694 2765 1827 2825 tulerunt
1933 2798 1936 2809 ·

126 2867 201 2908 ame
218 2848 361 2907 tortitudo
378 2866 453 2920 mea,
469 2854 497 2906 et
512 2850 659 2919 delictam,
674 2867 782 2924 eroque
798 2855 830 2908 ut
852 2849 948 2908 coeteri
1003 2861 1109 2918 corpus
1124 2844 1199 2916 ejus,
1215 2849 1243 2901 et
1258 2843 1439 2918 sepelierunt
1453 2845 1529 2903 intcr
1541 2849 1631 2907 Suras
1650 2858 1679 2909 et
1703 2855 1826 2915 asthaol
1921 2920 1925 2929 ¹

124 2939 270 2997 homines.
287 2939 453 3011 vidensque
469 2939 519 2995 illu
541 2939 619 3012 quod
645 2941 798 2996 consessus
822 2939 848 2996 ei
871 2943 950 2996 esset
1001 2932 1032 2989 iu
1049 2934 1184 3007 sepulcro
1199 2934 1291 3007 patris
1307 2934 1352 2991 sui
1369 2935 1710 3016 lllacu03judicavilque
1734 2944 1826 3003 lsrael
1888 3002 1893 3013 ,
1911 2974 1914 2983 ·

124 3044 241 3087 omnem
258 3028 391 3084 animum
407 3045 505 3097 suum,
522 3029 603 3085 misit
627 3030 662 3086 od
687 3029 835 3103 principes
860 3027 947 3086 Phili·
1003 3022 1106 3097 uiginti
1122 3021 1217 3080 annis.

125 3117 293 3175 sthinorum
309 3122 395 3190 atque
414 3118 566 3174 mandavit
582 3136 589 3176 ε
604 3120 760 3176 hsoeudite
784 3119 879 3176 adhuc
903 3135 950 3176 se·
1040 3111 1085 3184 [T·
1100 3110 1174 3181 Vffl,
1200 3112 1232 3168 Β·
1257 3110 1317 3180 Vl»
1343 3115 1372 3167 C·
1397 3113 1474 3183 XVI.
1500 3114 1565 3190 cuit·
1591 3120 1692 3193 XVIl]
1705 3122 1771 3179 Fuit
1793 3141 1827 3183 eo

76 3228 81 3236 ·
125 3205 191 3278 mel,
210 3207 281 3279 quin
296 3223 374 3264 nnnc
392 3205 462 3263 mihi
478 3208 591 3280 aperuit
607 3224 656 3264 cor
672 3209 827 3274 suquul
843 3194 984 3265 ascen-C
1004 3207 1135 3275 tompore
1151 3201 1195 3256 cir
1210 3201 1329 3273 quidam
1350 3202 1386 3259 dc
1410 3208 1509 3262 monte
1532 3206 1684 3281 Ephraim,
1710 3214 1831 3274 nomine
1865 3202 1868 3207 ’

125 3297 399 3369 dcrunt‚assumpta
421 3296 545 3368 pecunia
568 3314 657 3370 quom
682 3298 886 3368 promiserant.
913 3302 951 3353 itt
1005 3289 1125 3359 Michas,
1142 3290 1193 3363 qui
1209 3290 1282 3346 dixit
1297 3292 1383 3347 matri
1399 3310 1458 3350 sus
1474 3311 1481 3350 :
1498 3295 1574 3353 llille
1589 3304 1707 3357 neutum
1722 3318 1829 3377 argon·

126 3383 174 3441 illa
188 3384 320 3441 dormire
335 3401 402 3441 eum
420 3385 487 3441 lecit
502 3402 590 3459 super
604 3402 699 3460 genua
715 3404 781 3454 sun,
796 3391 824 3444 et
839 3386 868 3443 iu
883 3387 950 3443 sinu
1004 3385 1080 3447 ῒθῠθ,
1097 3396 1172 3453 (1⁰⁰⁸
1186 3396 1373 3453 separaveras
1388 3382 1452 3454 tibi,
1468 3389 1497 3440 et
1523 3403 1613 3460 super
1636 3389 1755 3464 quihus,
1782 3411 1829 3451 me
1932 3396 1935 3405 “

130 3490 179 3531 suo
192 3472 336 3531 reclinare
350 3477 446 3547 eaput.
462 3473 641 3548 Vocavitqus
656 3480 815 3544 tonsorem,
831 3482 860 3534 et
876 3477 952 3534 rasis
1007 3468 1154 3541 audiente,
1166 3469 1331 3540 iuraverus,
1347 3486 1413 3528 ecco
1427 3488 1480 3545 ego
1495 3473 1599 3546 haheo,
1626 3482 1655 3535 ct
1679 3481 1756 3554 apud
1782 3498 1830 3541 me
1931 3534 1934 3539 .

131 3568 243 3636 septem
259 3563 393 3621 crinibus
407 3565 481 3636 ejus,
498 3565 585 3638 coepit
598 3565 714 3639 abigere
729 3582 808 3635 eum,
828 3570 856 3623 et
879 3584 897 3623 a
921 3581 952 3622 se
1007 3564 1089 3617 sunt.
1104 3558 1155 3614 Cui
1179 3557 1229 3614 illo
1254 3560 1404 3633 respondit
1420 3562 1616 3623 :Benedictus
1641 3567 1719 3626 filius
1745 3588 1829 3629 meos

134 3651 271 3727 repellere
288 3670 294 3708 :
311 3652 412 3710 statim
428 3653 507 3710 enim
523 3654 559 3711 ab
581 3670 615 3711 eo
640 3655 780 3713 tortitudo
804 3655 952 3725 discessit,
1008 3649 1141 3704 Domino·
1159 3648 1295 3705 Reddidit
1309 3665 1378 3723 ergo
1393 3667 1443 3708 008
1458 3653 1542 3710 multi
1565 3672 1635 3728 suc,
1661 3675 1725 3729 quae
1750 3660 1830 3718 dixe·
1926 3698 1929 3705 ·

133 3741 263 3815 dixitque
283 3758 290 3799 τ
309 3741 476 3800 Philisthim
504 3760 592 3816 super
615 3748 654 3813 tc,
678 3746 813 3802 Samson.
838 3745 892 3812 Qui
916 3746 953 3802 de
1008 3748 1053 3799 rat
1067 3741 1093 3798 ei
1111 3759 1118 3797 :
1135 3742 1299 3799 consecravi
1314 3747 1343 3799 et
1357 3745 1421 3802 veri
1437 3752 1592 3818 argentum
1615 3747 1669 3807 hoc
1698 3753 1830 3824 Domino,

133 3846 235 3887 somno
251 3846 443 3904 consurgens,
459 3832 530 3888 dixit
546 3831 576 3888 iu
592 3832 690 3889 animo
703 3850 756 3891 suo
783 3851 790 3891 ι
813 3834 953 3909 Egrediur
1009 3838 1041 3890 ut
1056 3832 1092 3888 de
1108 3848 1197 3888 manu
1214 3848 1278 3888 mea
1305 3831 1446 3905 suscipiat
1470 3834 1550 3892 filius
1575 3853 1668 3910 meus,
1690 3844 1719 3896 et
1744 3842 1832 3901 laniat

133 3918 205 3977 sicut
219 3926 248 3977 et
263 3926 331 3978 ante
347 3920 411 3989 leci,
428 3925 456 3978 et
471 3938 518 3978 me
532 3926 689 3990 excutiam,
714 3924 848 3980 nesciens
872 3925 951 3997 quod
1009 3920 1167 3995 sculptile:
1183 3925 1271 3993 atque
1286 3920 1476 3979 conflatileaet
1487 3940 1566 3980 nunc
1579 3927 1663 3983 trado
1677 3926 1750 3985 illud
1766 3929 1832 3989 tihi.
1926 3950 1930 3959 ·

133 4007 271 4067 hominus
287 4011 456 4068 recessisset
471 4012 507 4069 ah
523 4027 566 4068 eo.
588 4012 677 4077 Quem
701 4029 768 4069 cum
793 4013 954 4087 apprehen·
1009 4010 1146 4069 Reddidit
1161 4009 1252 4083 igitur
1266 4011 1351 4066 matri
1367 4026 1436 4079 suc,
1453 4029 1516 4084 quae
1531 4012 1599 4070 tulit
1617 4015 1760 4075 ducentos
1783 4035 1832 4075 ar·
1876 4032 1879 4037 ·

132 4096 242 4157 dissent
255 4099 436 4166 philisthim,
462 4102 563 4158 statim
588 4108 729 4158 eruerunt
752 4102 852 4160 oculos
878 4105 952 4176 ejus,
1009 4105 1139 4174 genteos,
1156 4105 1184 4156 et
1197 4098 1279 4155 dedit
1292 4115 1342 4155 ens
1355 4102 1533 4171 argentario,
1551 4111 1581 4158 ut
1597 4103 1704 4161 luceret
1727 4122 1762 4163 ex
1788 4111 1831 4165 eis

134 4193 158 4244 ct
170 4190 321 4247 duxerunt
334 4191 440 4246 Gazam
464 4191 594 4247 vinclum
618 4191 739 4262 catenis,
765 4198 794 4247 ct
816 4191 953 4249 clausum
1009 4184 1491 4258 sculptilentqrueconssatila‚quod
1508 4188 1563 4243 luit
1576 4187 1607 4244 in
1622 4190 1710 4247 domo
1725 4190 1831 4251 Miche.

132 4273 292 4334 incarcere
315 4277 424 4334 molere
448 4279 592 4335 lecerunt.
616 4282 740 4352 lamque
765 4280 863 4352 capilli
889 4281 953 4352 ejus
1009 4275 1063 4341 Oui
1090 4274 1243 4330 &diuultm
1273 4276 1445 4346 (1¹¹⁰(t110l11
1470 4292 1503 4332 ⁰³
1533 4280 1590 4332 ⁰00
1619 4281 1778 4353 superavit,
1804 4285 1834 4338 ul

134 4367 245 4423 renasci
278 4371 436 4440 eruperant,
465 4372 494 4423 et
526 4367 674 4441 principes
705 4367 953 4426 philisthinorum
1009 4364 1077 4422 lecit
1090 4363 1195 4436 ephod,
1213 4378 1245 4418 ac
1262 4361 1440 4436 theraphim,
1455 4364 1485 4420 id
1501 4370 1555 4437 est,
1572 4371 1681 4423 vestem
1698 4372 1833 4431 sacerdo·

132 4462 330 4513 conuenerunt
371 4456 401 4512 iu
442 4474 545 4527 unum,
589 4462 623 4513 ut
664 4456 854 4515 immolarent
899 4457 953 4515 ho·
1010 4450 1584 4526 talem,etidola:implaritqueunius
1608 4456 1737 4516 illiorum
1762 4477 1834 4517 suo·
1902 4512 1907 4519 .

132 4544 199 4601 atius
227 4544 398 4618 magnilicas
433 4551 530 4616 lingon
563 4547 618 4603 deo
646 4562 712 4612 eoo,
741 4554 771 4603 et
797 4541 1475 4634 epulares-Drummuuum‚etlactusestei
1499 4545 1646 4602 sacerdos.
1676 4548 1706 4604 ln
1728 4549 1834 4606 diebus

132 4636 185 4701 tur,
224 4634 357 4690 dicentes
391 4651 398 4690 :
433 4636 568 4692 Tradidit
605 4637 678 4691 deus
717 4642 817 4692 noster
853 4637 954 4691 inimi·
1008 4631 1051 4687 illi
1068 4646 1124 4685 uon
1141 4635 1202 4686 erat
1218 4645 1269 4685 rex
1283 4630 1312 4684 in
1330 4629 1430 4700 lsrael,
1446 4634 1494 4688 scd
1513 4634 1729 4709 unusquisque,
1754 4639 1833 4713 quod

133 4736 195 4778 com
221 4729 358 4779 nostrum
382 4723 507 4780 Samson
533 4724 562 4781 in
586 4740 692 4781 manus
717 4730 845 4781 nostras.
870 4725 953 4790 Quod
1009 4720 1065 4776 sihi
1081 4724 1193 4776 rectum
1218 4718 1383 4789 videbatur,
1408 4719 1463 4777 hnc
1489 4719 1624 4780 iaciebat.
1651 4729 1692 4793 [Β.
1715 4726 1833 4799 xuni]

130 4916 286 4984 potamiae.
304 4915 398 4970 Maur.
1009 4916 1087 4991 piam
1104 4917 1154 5044 yut
1171 4915 1290 4970 odorem
1304 4915 1382 4987 ignis
1398 4918 1650 4990 conceperit.lllod
1667 4923 1701 4977 nd
1719 4908 1834 4986 eohtnu

161 5017 196 5027 -
221 4985 285 5042 Non
311 4987 473 5055 incongrue
496 4985 585 5041 habat
609 4987 735 5044 Urbinas
760 5003 828 5052 ms..
852 4989 954 5046 dertu-
1010 5007 1067 5046 nou
1118 4989 1834 5064 amtorlumputumine,eutdestupaeputumine‚

131 5069 162 5124 po
171 5063 280 5114 tersum
288 5056 538 5129 cacuminatum
551 5065 595 5114 eet
609 5065 688 5129 sputo
697 5059 799 5115 solius.
810 5061 952 5116 Putomen
1010 5062 1060 5115 sad
1076 5057 1182 5124 απλΐυς,
1200 5064 1233 5113 ut
1247 5074 1299 5125 cuo
1316 5059 1435 5132 quidem
1452 5061 1560 5127 sentio,
1576 5077 1611 5118 ex
1625 5062 1689 5134 ipsa
1704 5064 1835 5120 nominis

130 5131 954 5202 reruproprierepurgameatumreicnjnelibetdioltur,
1010 5131 1154 5204 analogia,
1181 5130 1309 5200 [toccum.
1337 5142 1433 5195 n'tuutt
1461 5140 1548 5188 stu'ae
1580 5141 1666 5190 sonat
1696 5151 1704 5189 τ
1733 5135 1836 5209 sicque

131 5205 160 5254 ut
173 5206 220 5256 sto
245 5217 268 5255 a
284 5202 367 5274 quasi
382 5204 506 5255 scorium
523 5200 570 5256 hic
585 5207 675 5258 notet.
692 5202 816 5258 Palatia.
833 5219 888 5259 ms.
905 5204 954 5258 ha·
1009 5206 1119 5277 optimc
1132 5206 1311 5284 comparatio
1322 5201 1836 5276 instituitur‚respondetquelloccus

130 5268 199 5326 het:
219 5217 402 5343 fiomrtupoe
424 5276 528 5328 tortam
553 5272 682 5329 staminia
701 5272 867 5345 potamiae,-
892 5291 956 5347 qua
1010 5285 1120 5347 stupae,
1154 5288 1204 5346 qur
1239 5271 1301 5328 solo
1335 5274 1393 5329 lere
1425 5275 1504 5347 ignis
1536 5276 1623 5332 odore
1657 5276 1686 5331 in
1718 5276 1834 5335 tomum
1920 5298 1927 5305 ’

130 5338 212 5397 lectio
227 5344 324 5415 quoad
338 5359 458 5399 sensum
474 5343 670 5415 improbanda
684 5344 749 5416 ipsa
765 5361 881 5416 quoque
896 5363 953 5402 non
1010 5345 1167 5414 evanescit,
1183 5344 1336 5401 Samsonis
1350 5344 1380 5400 in
1395 5344 1521 5402 vinculis
1537 5347 1755 5419 confringendis
1775 5349 1835 5407 ala·

129 5414 280 5470 cstldiror
295 5415 437 5487 meginun
454 5414 569 5471 tantula
584 5431 614 5472 re
651 5433 717 5472 uam
733 5417 819 5489 longe
834 5418 955 5473 abludat
1009 5418 1117 5475 critati.

129 5481 229 5541 Latina
244 5485 311 5558 ipsa
326 5486 529 5558 interpretatio
545 5487 582 5542 ah
598 5488 638 5544 tls
662 5496 812 5544 raotestu
829 5504 862 5544 ac
887 5505 954 5561 pro·
1048 5488 1195 5558 ¹anpati
1225 5486 1339 5543 addunt
1368 5504 1375 5543 τ
1404 5487 1459 5544 coi
1485 5487 1625 5558 respondit
1646 5491 1774 5548 Samoou.
1804 5493 1837 5549 ln

127 5556 214 5626 positi
230 5558 356 5631 exempli
370 5557 455 5631 serie
470 5561 628 5631 comparat
642 5561 721 5615 enim
747 5575 831 5616 sacer
857 5565 955 5617 textus
1010 5578 1131 5636 Homo
1160 5577 1276 5632 tantum
1306 5579 1367 5643 est,
1396 5560 1468 5638 ,pesp
1497 5585 1612 5649 mma,
1643 5580 1675 5636 pe
1702 5577 1778 5638 m
1799 5579 1838 5639 Μ
1924 5567 1926 5572 ’

127 5644 956 5722 mlutaunclctosssmsonevinculs,nouam-unucui·
1007 5666 1083 5708 eam.
