3870 6120
113 147 153 208 39
697 125 862 190 rarauu
884 122 1239 189 sauuurorruouuu
1778 131 1818 189 ao

113 275 233 341 sciolus
254 272 412 349 intereos,
427 266 643 351 cepirursum
666 257 845 342 discipulus
871 256 1057 324 esseArem
1085 257 1231 319 adhibuit
1257 259 1435 337 chraeum,
1476 279 1570 341 quem
1611 278 1675 323 non
1716 261 1818 344 gratis

119 373 329 438 Chaldaicos.
359 367 403 431 Et
430 370 465 426 ut
486 380 590 423 oerum
609 362 727 438 fatear,
773 354 938 438 usquead
993 354 1169 426 accessisse,
1200 355 1254 417 sed
1294 357 1428 437 pecunia
1469 358 1660 420 conductum
1703 359 1817 421 asserit

106 478 293 560 praesentem
330 466 411 528 diem
449 461 555 544 magis
595 466 724 541 possum
766 472 936 514 sermonem
992 453 1223 532 praeietiouein
1239 455 1384 516 eumdem
1411 456 1484 518 Jobi
1511 456 1647 527 librum;
1679 455 1820 520 Memini

119 569 331 635 Chaldaicum
347 565 451 645 legere
465 566 495 621 et
505 557 696 638 intelligere,
710 574 801 636 quarn
813 570 934 613 sonare.
992 570 1038 609 me
1052 551 1167 631 inquit,
1183 551 1220 612 ob
1244 552 1489 635 intelligentiam
1520 554 1616 638 liujus
1644 554 1819 619 uoluminis

115 673 253 735 tantum
285 681 390 744 operae
433 679 470 722 ao
510 655 628 719 laboris
656 659 804 734 expertus
827 656 875 713 est
901 652 934 711 S.
991 648 1159 719 Ledaeum
1183 650 1345 731 quemdam
1362 659 1593 737 praeceptorem,
1633 654 1689 736 qui
1732 655 1820 737 apud

116 767 325 844 Hieronymus
356 758 390 821 in
432 755 582 819 discenda
620 752 729 831 lingua
770 748 935 825 Hebraioa,
991 745 1142 808 Hebraeos
1162 749 1287 830 primus
1315 747 1424 811 baberi
1441 749 1625 832 putabatur,
1655 771 1717 811 non
1732 760 1818 833 par·

111 868 241 946 propter
269 857 452 921 anhelantia
480 854 536 916 illa
563 858 594 914 et
621 848 785 913 stridentia
827 846 933 925 rerba,
990 846 1038 905 cis
1073 846 1241 907 redemisse
1280 848 1448 909 nummis:
1472 848 1565 922 cresus
1593 849 1751 926 doctrina,
1777 871 1818 911 an

113 980 184 1042 quae
212 957 271 1021 etsi
294 955 513 1033 intelligantur
540 968 560 1013 a
587 949 720 1021 Latinis,
748 946 800 1007 vix
827 951 935 1006 tamen
990 942 1117 1024 aliquid
1140 946 1343 1026 profecerim,
1374 947 1489 1010 nescio.
1516 947 1589 1008 Hoc
1612 968 1707 1008 unum
1737 948 1817 1025 scio,

110 1074 289 1121 assonare
318 1069 485 1134 possumus
512 1048 698 1112 admoram
737 1043 932 1112 iudeorum,
990 1060 1051 1101 non
1064 1042 1214 1124 potuisse
1239 1063 1286 1103 me
1312 1044 1524 1126 interpretari,
1555 1045 1620 1106 nisi
1647 1046 1733 1128 quod
1746 1052 1819 1107 ante

107 1155 223 1238 quibus
251 1152 393 1215 nativum
422 1153 469 1210 est
493 1144 677 1227 hujusmodi
716 1142 835 1204 idioma
857 1139 933 1201 bar·
990 1139 1216 1203 intellexeram.
1247 1142 1336 1204 Nulli
1351 1161 1426 1222 ergo
1454 1142 1555 1205 labori
1586 1162 1731 1225 parcens,
1758 1164 1817 1208 nce

107 1255 233 1317 barum.
259 1249 348 1313 Uude
374 1248 458 1309 idem
487 1246 697 1324 Hieronymus
720 1241 776 1303 lib.
805 1258 816 1302 1
844 1241 934 1302 Gom·
988 1238 1149 1318 marsupio
1191 1258 1259 1315 suo,
1303 1241 1419 1321 liuguae
1461 1241 1622 1305 Hebraieae
1663 1243 1811 1305 notitiam

109 1349 255 1414 mantin
272 1367 342 1428 cap.
359 1343 558 1425 urEpistoim
587 1341 628 1403 ad
655 1340 773 1413 Titum,
803 1356 933 1399 causam
987 1342 1176 1398 consecutus
1204 1346 1250 1399 est
1277 1358 1341 1401 nou
1371 1340 1590 1416 mediocrem;
1618 1341 1663 1402 ita
1691 1349 1726 1402 ut
1754 1361 1813 1421 par

107 1456 206 1514 teutae
248 1444 443 1508 difficultatis
484 1440 628 1503 edisserit
669 1439 802 1499 diceus:
836 1435 933 1514 Quod
988 1439 1069 1496 essct
1110 1434 1220 1497 Latino
1260 1455 1404 1499 sermone
1443 1439 1602 1519 extemplo
1653 1458 1813 1518 exponere

108 1554 210 1611 aretem
234 1545 290 1619 ait,
321 1539 541 1623 genealogias,
576 1543 606 1597 et
644 1535 864 1609 contentiones,
904 1538 934 1592 et
987 1552 1185 1612 quaecunque
1204 1536 1307 1597 ludaei
1335 1535 1498 1596 Hebraicis
1527 1537 1587 1616 ipsi
1616 1536 1810 1599 dictitarent.

108 1646 209 1718 rixas,
235 1661 302 1724 qua
329 1639 457 1701 veniunt
484 1658 521 1697 ex
549 1634 630 1717 lege,
660 1633 785 1694 devita:
801 1630 1082 1715 proprieBCujus
1124 1632 1169 1693 rei
1206 1637 1316 1703 testem
1346 1633 1501 1695 babemus
1530 1635 1748 1714 praelationem
1780 1637 1812 1696 in

102 1743 213 1826 pulsat
232 1739 374 1816 Judeos,
404 1736 460 1818 qui
484 1735 517 1796 in
546 1754 579 1793 eo
608 1751 641 1793 se
655 1731 795 1812 jactant,
822 1734 928 1811 etpu-
982 1729 1127 1802 Tobiam,
1157 1729 1211 1791 ubi
1239 1731 1347 1792 docuit
1374 1749 1432 1791 nos
1458 1733 1587 1793 modurn
1616 1751 1679 1812 quo
1718 1752 1808 1794 suem

106 1838 273 1920 tantlegis
294 1832 577 1905 baberenotitiom,
600 1830 631 1890 si
657 1828 782 1889 nornine
807 1829 930 1887 teneant
983 1826 1159 1888 versionem
1189 1827 1333 1889 Latinam
1363 1829 1495 1890 edidit:
1539 1828 1583 1890 Et
1620 1830 1706 1911 quia,
1751 1833 1809 1906 ait,

107 1936 408 2019 singulorumque
443 1931 518 2012 quia
547 1928 681 1990 barbara
710 1933 796 2000 sunt,
820 1932 929 2002 eeety-
984 1923 1148 1984 vicinaest
1188 1923 1412 1986 cartaeorum
1441 1926 1556 2007 lingua
1579 1928 1715 1987 sermoni
1739 1927 1813 1987 Hc-

108 2033 265 2114 mologias
306 2049 410 2091 eorum
453 2047 513 2088 non
555 2027 708 2099 novimus,
744 2024 931 2108 plerumque
985 2021 1091 2082 braiao
1107 2022 1270 2104 utriusque
1298 2023 1419 2103 lingua
1443 2025 1671 2107 peritissimum
1701 2025 1812 2106 loqua-

107 2135 252 2212 corrupte
280 2129 495 2211 proferuntur
529 2145 547 2184 a
581 2123 681 2186 nobis.
712 2122 756 2183 Et
782 2123 812 2182 si
850 2124 932 2190 forte
986 2140 1049 2180 rem
1078 2121 1244 2201 reperiens,
1274 2123 1369 2181 unius
1397 2123 1450 2183 dei
1478 2122 1615 2183 laborem
1652 2124 1780 2205 arripui
1804 2145 1811 2184 :

37 2256 40 2261 ·
107 2227 317 2290 errauerimus
356 2224 389 2284 in
431 2227 568 2295 accentu,
610 2221 643 2304 in
687 2220 862 2280 extensione
902 2224 932 2278 et
986 2223 1015 2277 et
1028 2219 1187 2299 quidquid
1202 2219 1257 2279 ille
1272 2218 1352 2280 milri
1366 2219 1538 2281 Hebraicis
1558 2221 1659 2281 verbis
1687 2229 1814 2289 expres-

25 2378 28 2382 ,
107 2323 256 2386 brevitate
296 2319 436 2392 seliobre,
481 2318 529 2379 vel
561 2317 666 2378 brevia
708 2316 928 2399 producentes,
986 2318 1040 2393 sit,
1071 2316 1128 2377 boc
1176 2338 1245 2399 ego,
1294 2319 1392 2379 accito
1435 2321 1570 2393 notario,
1612 2319 1811 2383 sermonibus

106 2421 155 2484 vel
179 2420 335 2504 producld
364 2417 548 2495 breviantes,
569 2415 671 2476 solen!
698 2414 833 2474 irridere
874 2433 931 2474 tros
985 2422 1109 2484 Latinis
1133 2423 1271 2505 exposui,
1301 2425 1389 2495 Quod
1420 2427 1528 2505 utique
1555 2445 1609 2505 per
1636 2445 1668 2487 30
1703 2427 1813 2506 ipsum

106 2518 282 2604 lmpdrlllae,
310 2516 443 2578 maxime
470 2514 504 2575 in
531 2512 779 2595 aspiralt‘enibus
808 2517 838 2572 di
858 2512 931 2593 qni·
987 2542 1149 2603 nunquam
1178 2524 1384 2603 ppaestitigget,
1405 2525 1463 2585 nisi
1491 2525 1589 2603 probe
1618 2530 1649 2586 et
1675 2525 1810 2605 pulchre

108 2617 240 2679 busdam
269 2635 338 2676 cttm
367 2633 481 2674 rasura
509 2612 594 2691 gulde
622 2611 740 2672 lllleris
768 2612 931 2693 profet'ett·
987 2620 1147 2683 catluisset
1180 2621 1322 2700 linguam
1363 2622 1552 2683 Hebmicam
1578 2640 1585 2681 ;
1623 2641 1695 2682 nam
1737 2623 1812 2700 quis

106 2715 197 2777 dis...
226 2713 265 2772 Si
288 2712 394 2793 igitur
421 2732 440 2770 a
472 2709 562 2771 nobis
603 2708 666 2770 baec
702 2708 861 2769 nominum
903 2723 932 2777 ct
987 2718 1177 2780 semidoctus
1204 2726 1259 2779 aut
1293 2719 1379 2779 rudis
1420 2719 1452 2779 iu
1496 2719 1604 2796 lingua
1644 2718 1812 2788 Hebraico.

107 2812 233 2894 lingua
259 2811 422 2881 idiomata,
446 2819 481 2868 ut
507 2807 653 2868 videlicet
676 2805 834 2900 barbara.
871 2827 932 2866 non
987 2814 1388 2894 loquentishebraeiverba
1417 2814 1534 2875 dictatu
1550 2814 1643 2875 simili
1659 2815 1813 2876 facilitate

107 2910 152 2972 ita
174 2907 304 2987 sutrini
345 2914 509 2987 exprme,
554 2910 588 2964 ul
629 2904 846 2984 exprimuntur
892 2901 931 2962 ab
986 2912 1019 2973 in
1051 2912 1195 2972 Latinum
1233 2930 1409 2973 sermonem
1451 2913 1688 2974 converteret?
1727 2914 1812 2974 Satis

106 3002 380 3078 Hebrael5,5018nl
394 3000 581 3062 cachinnum
595 3000 750 3074 attollere,
766 3005 796 3060 el
815 2992 968 3080 jurarec
988 3029 1063 3088 ergo
1092 3015 1290 3088 perspectum
1321 3011 1367 3082 fit,
1398 3011 1624 3090 Hieronymum
1653 3011 1809 3072 sermonis

106 3125 139 3166 se
159 3102 291 3187 penitus
319 3100 438 3162 nescire
466 3100 550 3181 quod
585 3099 733 3160 dicimus.
772 3096 862 3160 Unde
904 3103 933 3157 et
987 3109 1109 3170 Hebraei
1144 3108 1315 3186 perfectam
1354 3109 1497 3168 notitiam
1541 3109 1686 3168 habuisse
1709 3129 1720 3170 .·
1752 3109 1814 3170 orsi

106 3200 197 3264 n0l2‘5
226 3219 312 3260 ⁶²⁴7ae
330 3198 404 3276 full
428 3217 533 3258 Olmm
555 3196 667 3257 viselli
695 3196 780 3277 ²⁶ng
821 3195 931 3270 lilim,
987 3206 1149 3267 modestice
1167 3224 1262 3267 causa
1278 3207 1343 3286 ipse
1359 3206 1433 3267 aiibi
1449 3206 1572 3279 dixerit,
1603 3225 1634 3266 se
1663 3204 1813 3266 Hebraeo-

108 3320 186 3384 quos
224 3299 274 3360 vir
314 3298 425 3358 docluS
459 3296 675 3358 Adamantius
713 3296 745 3356 in
786 3295 933 3379 Hexapla
987 3325 1056 3366 rum
1086 3323 1255 3363 sermonem
1284 3309 1432 3384 exparte
1457 3303 1621 3375 didicisse,
1648 3305 1680 3363 in
1700 3304 1813 3364 Lotirzo

107 3398 298 3480 digesserat,
315 3395 353 3455 dc
371 3393 566 3456 Caesariensi
592 3393 789 3455 Bibliotheca
818 3394 934 3454 deseri·
988 3408 1088 3462 autem
1118 3400 1156 3461 ab
1185 3399 1385 3460 incunabulis
1416 3401 1496 3460 inter
1523 3402 1757 3479 grannnaticos,
1785 3406 1815 3460 et

98 3500 188 3578 ptos,
204 3514 241 3553 ex
259 3492 338 3575 ipsis
353 3490 541 3552 authenticis
559 3491 731 3565 emendare,
759 3492 792 3551 in
820 3490 933 3572 quibus
988 3498 1139 3572 rhetores,
1182 3504 1212 3557 et
1247 3495 1454 3579 philosophos
1495 3498 1595 3565 fuisse
1648 3499 1811 3558 detritum.

107 3596 137 3653 et
166 3591 234 3674 ipsa
261 3589 396 3651 Hebraea
420 3590 562 3672 propriis
591 3595 665 3649 sunt
699 3588 933 3650 characteribus
988 3601 1097 3677 Neque
1128 3615 1200 3657 vero
1229 3615 1344 3676 negare
1373 3597 1477 3675 potuit
1505 3596 1637 3674 epistola
1662 3599 1731 3667 rte,
1772 3597 1812 3656 ad

109 3686 201 3750 cerba
230 3687 399 3769 descripta,
432 3692 462 3746 et
497 3684 620 3747 Grecis
662 3685 780 3746 litteris
809 3686 935 3746 tramite
990 3700 1158 3758 Damasum
1189 3713 1315 3774 papam,
1347 3696 1387 3754 ab
1431 3693 1572 3754 Hebrffijs
1604 3694 1703 3755 mulia
1732 3695 1813 3755 didi.

110 3795 254 3871 expressa
282 3785 423 3846 cicino...
449 3789 484 3844 ut
511 3803 572 3844 non
614 3792 801 3864 magnopere
827 3783 935 3864 pcrti—
989 3794 1099 3869 cisse;
1128 3790 1189 3851 Est
1216 3791 1266 3849 vir
1293 3789 1434 3871 proiciam,
1457 3790 1572 3869 inquit,
1601 3810 1620 3848 a
1651 3809 1711 3869 quc
1752 3809 1812 3869 ego

108 3902 281 3946 mescamus
336 3881 540 3965 supercilium
582 3879 761 3955 Judaerum,
818 3880 934 3942 50luliS
980 3890 1081 3975 plura
1105 3888 1258 3949 didicisse
1286 3908 1331 3948 me
1353 3887 1489 3967 gaudeo,
1519 3892 1549 3946 et
1575 3888 1630 3968 qni
1645 3885 1812 3948 Hebraeum

109 3980 216 4056 labiis,
234 3979 586 4062 ‘lOlelalt'nguar‘l
612 3980 774 4053 Silldtnlb
804 3985 834 4040 el
861 3999 934 4040 ΝΜ
989 4005 1157 4048 sennonem
1184 3985 1229 4044 ita
1252 3983 1403 4057 elimarit,
1434 3989 1468 4043 ut
1497 3983 1579 4043 inter
1605 3982 1728 4043 scribas
1761 4004 1814 4042 eo-

110 4082 200 4148 fauce
227 4079 447 4159 gaudentium.
480 4080 647 4141 Assiduum
675 4099 749 4141 vero
781 4080 875 4141 icisse
902 4080 934 4141 iu
989 4105 1059 4146 rum
1105 4081 1278 4143 Chaldaeus
1317 4080 1524 4143 existimetur.
1553 4081 1601 4141 Ad
1630 4079 1810 4141 Marcellam

108 4176 223 4238 litteris
262 4176 424 4237 Hebraicis
477 4179 510 4238 S.
561 4180 727 4238 Ductorem
771 4178 935 4239 manifeste
990 4198 1117 4261 quoque
1144 4179 1234 4259 epist.
1261 4180 1319 4240 130
1348 4178 1465 4239 latetur
1505 4177 1649 4237 nonnihit
1678 4175 1812 4254 purioris

109 4274 274 4335 declarant
301 4275 399 4335 rerba
425 4273 547 4345 isthmo,
587 4294 657 4353 qum
699 4275 731 4335 iu
772 4276 935 4356 epitaphio
988 4277 1169 4341 Latinitatis
1198 4276 1337 4336 amisisse
1366 4281 1496 4355 propter
1524 4293 1614 4334 usum
1652 4274 1814 4334 idiomatis

7 4396 9 4401 ·
107 4370 215 4433 Paula
245 4371 354 4432 matris
388 4371 507 4452 scripta
535 4374 711 4449 teguntur:
745 4371 866 4454 loquar
904 4357 1112 4438 etllllabraei
1147 4373 1207 4434 sibi
1232 4373 1442 4433 familiarem:
1467 4370 1547 4445 Nos,
1577 4376 1612 4430 ut
1639 4371 1713 4444 scis,
1744 4368 1814 4430 Hr-

108 4467 213 4545 aliud,
229 4468 314 4550 quod
330 4469 478 4545 forsitan
509 4467 631 4530 emulis
661 4469 805 4530 videatur
833 4470 936 4530 incre-
992 4473 1144 4534 breornm
1171 4469 1302 4530 lectione
1329 4468 1458 4543 detenti,
1490 4469 1522 4528 in
1550 4466 1663 4528 Latina
1698 4468 1814 4549 lingua

109 4562 219 4626 dibile.
263 4563 429 4627 Hebraeum
468 4565 626 4647 linguam,
669 4586 761 4646 quam
802 4586 861 4647 ego
897 4565 936 4626 ab
991 4568 1171 4649 rubiginem
1199 4566 1398 4640 obduximus,
1420 4567 1594 4626 intantum
1619 4571 1654 4626 ut
1681 4567 1814 4646 loquan-

111 4661 435 4724 adolescentiamulto
458 4662 564 4724 labore
591 4683 627 4723 ac
650 4663 764 4723 sudore
787 4670 937 4746 exparte
991 4667 1075 4727 tibus
1113 4685 1232 4746 quoque
1270 4663 1359 4725 nobis
1401 4664 1525 4724 stridor
1567 4663 1696 4743 quietam
1752 4683 1814 4722 non

6 4780 10 4785 ’
110 4759 225 4836 didici,
242 4766 272 4820 et
287 4759 491 4842 infatigabili
504 4760 706 4822 meditatione
725 4781 785 4822 non
815 4762 935 4839 desero,
990 4764 1123 4824 Latinus
1138 4763 1348 4843 interstrepat.
1380 4759 1470 4822 llrzde
1498 4761 1626 4839 ignosce
1653 4761 1815 4832 ariditati,

3 4910 7 4917 .
112 4879 150 4920 ne
186 4859 251 4943 epse
281 4858 320 4920 ab
354 4882 389 4922 ea
417 4861 556 4934 deserar,
593 4861 714 4921 discere
753 4861 863 4935 coluit,
907 4869 937 4924 et
990 4869 1050 4924 etc.
1082 4862 1116 4921 ln
1142 4860 1204 4921 flue
1240 4857 1547 4921 Commentariorum
1590 4858 1620 4917 in
1660 4861 1815 4935 Aggaaum

13 4978 16 4983 ·
110 4964 273 5021 consecuta
315 4965 371 5033 est,
401 4965 461 5022 etc.
500 4960 616 5021 Parum
645 4959 848 5022 erathomini
867 4968 935 5024 stu·
991 4960 1191 5040 prophetam,
1222 4975 1337 5019 omueu
1365 4955 1483 5034 eloquii
1513 4962 1710 5017 venustatem
1747 4974 1816 5033 per·

110 5055 289 5120 diosissimo
316 5075 354 5119 ao
381 5056 597 5136 intelligentia
627 5075 788 5119 sacrorum
822 5058 936 5123 biblio·
990 5058 1105 5118 didisse
1132 5074 1165 5117 se
1199 5055 1275 5115 dicit
1303 5053 1407 5114 studio
1449 5052 1566 5130 liuguae
1609 5053 1770 5113 Hebraicis
1806 5070 1812 5110 :

1 5154 3 5158 ’
111 5170 184 5216 rum
210 5153 427 5237 cupidissimo,
458 5154 599 5234 linguam
627 5154 792 5217 Hebraeum
835 5156 935 5219 multo
993 5153 1132 5216 Obsecro
1155 5158 1195 5226 te,
1211 5151 1320 5225 lector,
1336 5155 1371 5209 ut
1394 5149 1541 5230 ignoscas
1565 5149 1660 5210 celeri
1678 5170 1818 5209 sermone

112 5249 227 5312 sudore
251 5252 408 5325 didicisse,
440 5252 609 5315 nisietiam
634 5271 710 5332 opes
741 5272 814 5316 suaa
838 5253 870 5314 iu
896 5274 934 5317 eo
990 5251 1136 5323 dictanti,
1182 5268 1236 5309 nee
1278 5247 1422 5327 requiras
1460 5247 1579 5328 eloquii
1613 5254 1815 5322 vestustatem,

114 5345 241 5423 negotio
283 5350 488 5430 experiretur.
536 5350 583 5411 Ad
638 5349 808 5428 perlectam
850 5351 933 5413 euim
988 5369 1082 5431 quone
1111 5348 1209 5409 multo
1233 5351 1365 5427 ternpore
1393 5344 1533 5407 Hebraeae
1560 5345 1680 5424 lingum
1709 5347 1816 5407 studio

116 5440 330 5508 obscurissimi
356 5448 428 5511 libri
455 5447 516 5512 tob
553 5445 794 5527 intelligentiam
822 5448 933 5512 docto·
987 5447 1128 5532 perdidi,
1159 5452 1218 5509 etc.
1250 5446 1336 5508 Idem
1366 5444 1548 5526 Hieronymi
1576 5445 1714 5507 studium
1745 5465 1816 5525 pro-
