3870 6120
92 248 149 307 ist
795 245 1101 310 nauseantibus.
1746 243 1805 304 {22
1895 306 1900 313 ,
1924 235 1926 241 ’

93 398 171 441 num
187 379 328 442 bominis
342 380 439 443 vitam
457 382 622 444 mortalem
646 382 800 463 degentis,
825 380 858 441 in
885 398 922 442 eo
937 381 965 448 Α
978 384 1010 442 et
1024 379 1148 455 deinde,
1168 400 1183 438 u
1207 379 1241 439 in
1264 377 1387 439 cunctis
1414 375 1605 439 habitaculis
1633 375 1757 450 vestris,
1790 399 1806 433 s

92 483 236 540 statuere
266 479 401 555 ridetur,
432 480 459 541 si
486 481 567 542 sciat
593 483 694 543 Deum
709 479 874 562 deprecari
896 483 928 540 et
959 480 1057 559 'quia
1084 479 1200 559 partim
1227 479 1296 540 haec
1324 479 1473 558 leguntur
1499 478 1532 537 in
1578 475 1807 556 manuscripto,

95 576 313 639 eumllectcre
332 578 373 638 ad
389 576 650 640 misericordiam.
666 577 735 660 Ego
764 576 926 639 ostendam
981 578 1095 656 partim
1125 596 1143 638 a
1171 578 1261 638 nohis
1289 577 1487 656 supplentur,
1517 581 1553 637 ut
1578 576 1645 654 jam
1661 574 1738 636 dixi.
1767 576 1808 636 at
1916 604 1919 613 ·

96 671 313 734 omnebonum
328 673 399 735 tibi.
416 672 489 736 Hoc
515 681 573 755 est,
599 676 703 757 inquit
730 675 924 749 scholiastes,
981 674 1130 736 columna
1158 678 1216 737 lab
1242 676 1405 755 posuimus
1433 673 1494 735 boc
1530 674 1626 735 modo
1661 671 1805 735 scholion

93 770 255 831 ostendam
281 770 340 832 tibi
364 773 516 852 quomodo
544 794 592 835 me
619 773 729 835 debeas
753 770 925 856 deprecari,
982 774 1166 852 marginalc,
1211 798 1226 831 a
1285 774 1473 854 lapisque...
1524 771 1804 850 magnitudinis...

92 875 121 927 et
145 869 192 928 ad
221 870 474 932 misericordiam
493 873 638 952 flectere.
668 877 694 935 Ο
733 871 927 952 singularem
981 871 1187 950 ejusmag....
1203 871 1382 950 ,interierih
1413 887 1578 950 percussor
1606 877 1706 930 morte
1735 888 1805 932 mo·
1839 949 1842 953 q

92 973 122 1026 ct
149 966 375 1030 admirabilem
402 969 574 1050 Scriptura
602 969 717 1032 divine
755 968 924 1049 expositio·
981 969 1090 1046 rietur,
1114 974 1171 1030 etc.
1202 992 1217 1026 »
1233 969 1361 1030 Nullum
1389 968 1472 1029 enim
1499 986 1625 1028 sensum
1649 967 1805 1047 expiscari

91 1082 161 1126 nem
194 1066 204 1128 i
231 1067 319 1128 Hanc
347 1086 398 1128 me
426 1086 488 1130 non
518 1069 626 1132 docuit
654 1069 833 1131 scholarum
861 1067 923 1128 lre-
978 1067 1138 1146 potuimus
1165 1084 1204 1128 ex
1228 1067 1332 1128 verbis
1369 1072 1425 1127 aut
1460 1065 1589 1145 syllabis
1630 1065 1806 1145 superstiti·

90 1163 238 1240 quentia,
255 1181 319 1223 non
348 1164 476 1227 assidua
503 1172 789 1228 commentatorum
818 1165 923 1227 lectio.
977 1164 1037 1225 bus
1053 1183 1060 1225 :
1076 1164 1148 1226 ideo
1177 1165 1278 1227 satius
1302 1183 1369 1226 esse
1397 1162 1556 1237 duximus,
1585 1161 1653 1223 heac
1681 1162 1801 1224 divina·

89 1261 195 1324 Unum
227 1261 353 1322 interim
384 1262 528 1325 scholion
571 1264 746 1344 marginata
788 1262 924 1325 Cononis
977 1262 1057 1325 tioni
1097 1263 1307 1326 studiosorum
1345 1263 1534 1342 relinquere,
1578 1280 1674 1342 quam
1701 1261 1805 1340 conje-

88 1358 248 1420 immensa
275 1361 490 1440 expositorum
520 1361 618 1424 vincit
659 1361 831 1424 volumina.
869 1363 926 1425 Ilt-
979 1363 1076 1424 ctoris
1103 1364 1219 1424 nostris
1246 1363 1367 1424 incerta
1395 1361 1525 1423 delinire
1565 1378 1602 1421 ac
1643 1359 1803 1439 supplere.

91 1473 152 1535 que
180 1455 305 1536 aliquid
334 1458 499 1532 addamus,
539 1459 624 1538 quod
666 1459 776 1522 lectori
818 1459 927 1520 inisset
979 1461 1121 1540 Denique
1158 1480 1215 1540 pro
1257 1461 1381 1521 duobus
1416 1459 1541 1541 punctis
1582 1457 1735 1538 appositis
1771 1458 1804 1519 iu
1902 1444 1913 1547 J

91 1553 216 1614 creditu
244 1554 385 1629 difficile,
421 1563 490 1618 erat
526 1557 711 1619 scholiastes
751 1564 815 1619 tam
856 1574 927 1636 per-
980 1559 1088 1620 codice
1112 1561 1326 1639 manuscripto
1351 1560 1389 1620 ad
1418 1564 1516 1638 caput
1542 1557 1749 1628 scholiorum,
1773 1560 1805 1618 et

89 1651 199 1730 spicax
229 1651 272 1712 ad
301 1651 517 1715 dissolvendas
558 1655 781 1735 ambiguitates
808 1655 926 1716 llihlio-
980 1675 1076 1737 supra
1104 1662 1285 1719 contextum
1317 1662 1427 1719 contra
1455 1654 1711 1735 respondentem,
1731 1652 1805 1715 stel·
1900 1694 1904 1699 -

90 1767 159 1810 rum
176 1767 356 1825 sacrorum,
387 1758 421 1814 ut
449 1753 608 1814 interdum
639 1755 769 1833 propius
797 1752 1060 1818 accedatBlulas
1088 1761 1348 1834 representamus
1375 1755 1433 1835 (a),
1476 1773 1545 1834 quae
1587 1753 1620 1813 in
1656 1751 1804 1813 omnibus

90 1845 288 1907 adsensum
318 1849 457 1910 auctoris
485 1849 708 1930 hagiographi,
739 1869 834 1930 quam
857 1849 924 1928 ipse
978 1853 1067 1915 libris
1094 1854 1186 1915 editis
1213 1857 1415 1934 usurpantur,
1445 1870 1516 1914 cum
1549 1849 1802 1931 supradictorum
1868 1912 1873 1919 ,

87 1943 316 2025 Hieronymus,
342 1947 553 2026 interpretum
582 1948 726 2027 phoenix,
757 1948 807 2009 sel
831 1947 924 2009 lacile
977 1957 1168 2031 punctorum
1183 1951 1278 2012 situm
1303 1968 1503 2030 nequaquam
1527 1949 1690 2030 patiantur
1717 1947 1802 2027 leges

87 2041 252 2122 princeps.
271 2046 321 2105 Ne
336 2044 414 2122 quid
433 2063 464 2106 v.
494 2063 527 2124 g.
556 2045 760 2108 obscuritatis
787 2044 836 2107 vel
859 2062 923 2105 am·
977 2050 1198 2131 typographiae
1214 2049 1386 2111 hodierne·

86 2141 257 2221 biguitatis
280 2150 457 2204 remaneret
485 2144 599 2205 versib.
630 2145 745 2213 Quinto
777 2149 809 2206 et
834 2150 923 2206 sexto
1016 2148 1062 2208 lle
1097 2155 1226 2210 auctore
1255 2145 1448 2209 scholiorum
1473 2143 1609 2206 Canonis
1629 2142 1801 2204 unumad·

85 2239 205 2318 capitis
232 2240 386 2302 tricesimi
410 2242 515 2319 quarti
544 2241 598 2303 lib.
627 2243 739 2317 Exodi,
769 2241 924 2303 nonnulla
976 2244 1039 2306 buc
1073 2246 1262 2317 notandum,
1293 2262 1389 2324 penes
1416 2262 1474 2303 nos
1502 2259 1569 2303 esse
1596 2239 1801 2320 quamplures

87 2338 213 2400 scholia
237 2346 312 2419 post
333 2341 535 2402 emendatum
564 2347 685 2403 textum
714 2342 862 2421 apposuit
888 2342 920 2401 in
976 2344 1187 2404 codicesmss.
1204 2343 1366 2423 inquibus
1394 2346 1519 2402 exstant
1547 2339 1699 2401 nonnulla
1723 2356 1799 2416 ope·
1922 2382 1926 2389 ·

86 2437 249 2516 margine,
279 2455 351 2516 qnae
380 2456 505 2499 omnem
534 2445 699 2501 removent
724 2439 921 2501 difficultatis
976 2458 1011 2502 ra
1038 2440 1178 2520 ejusdem
1206 2441 1378 2521 scriptoris,
1422 2457 1492 2518 quae
1535 2438 1676 2499 nondum
1718 2436 1802 2516 typis

83 2534 250 2613 umbram,
275 2553 332 2596 nec
352 2535 488 2615 amplius
517 2536 614 2598 verba
642 2556 713 2617 qum
736 2536 780 2598 ibi
808 2537 920 2616 legun·
974 2546 1206 2612 excusasset,
1230 2545 1261 2599 et
1290 2538 1474 2599 hocordins
1499 2535 1673 2608 tamedita,
1705 2552 1800 2613 quam
1856 2587 1861 2593 .

84 2640 138 2695 tur
152 2634 195 2694 ad
225 2634 334 2696 hlosen
362 2634 557 2715 loquentem,
587 2638 709 2704 sedad
733 2639 830 2700 ileum
860 2639 918 2700 do·
974 2636 1092 2698 inedita
1129 2635 1350 2698 describuntur
1391 2638 1463 2714 post
1502 2632 1702 2694 Traditiones
1738 2633 1800 2692 He·
1846 2627 1853 2640 ’

84 2737 210 2794 cenum
226 2733 339 2794 orandi
364 2739 396 2795 et
419 2734 611 2815 deprecandi
637 2756 670 2799 se
698 2736 839 2816 modurn,
870 2738 918 2799 di·
973 2735 1096 2796 braicas
1111 2739 1142 2796 S.
1160 2734 1343 2814 Hieronymi
1366 2734 1398 2795 in
1427 2731 1604 2793 Genesim:
1640 2729 1800 2813 libando
1921 2734 1926 2751 ¹

84 2836 170 2892 recte
185 2831 297 2892 referri
311 2830 439 2893 debent.
468 2835 512 2895 ile
538 2834 629 2914 cujus
663 2840 829 2897 contextus
851 2855 919 2897 mu-
972 2832 1073 2891 decem
1101 2831 1347 2892 Tentations'bus.
1373 2829 1466 2891 liber
1493 2828 1532 2889 de
1563 2825 1799 2905 Qrsaestionibns

85 2927 208 2988 tatione
238 2945 291 2989 seu
331 2929 552 2992 emendatione
588 2933 673 2994 lacta
706 2933 738 2994 in
776 2935 918 2999 versione
971 2927 1091 3008 Regum
1105 2935 1135 2988 et
1149 2928 1436 3011 Paralipomenon:
1469 2926 1640 2988 Canticum
1670 2922 1797 2985 Debbo·
1845 2978 1853 2993 ,
1913 2940 1917 2951 ’

81 3024 334 3104 Hieronymiana
361 3026 443 3088 inlra
471 3028 597 3104 dicturi,
627 3028 659 3090 id
688 3035 812 3092 tantum
834 3051 917 3094 nunc
971 3046 1023 3087 ra.
1064 3026 1312 3088 detrectationes
1353 3024 1523 3092 Ieremia:
1564 3021 1711 3105 Epistola
1752 3021 1796 3082 ad

77 3138 248 3183 monemus
261 3122 431 3197 studiosos,
447 3125 698 3204 praestantiorem
714 3145 781 3189 esse
811 3134 914 3190 trans·
929 3115 951 3182 C
969 3123 1171 3187 Dardanum.
1204 3125 1355 3188 Universa
1382 3118 1492 3186 isthaec
1515 3120 1675 3201 Opuscula
1694 3119 1796 3181 sancti

75 3217 231 3279 lationem
261 3218 355 3298 hujus
383 3221 444 3282 loci
472 3239 511 3282 ex
534 3224 757 3286 emendatione
785 3226 914 3287 etnotis
968 3223 1154 3303 Hieronymi
1181 3223 1416 3303 praetitulantur
1442 3221 1475 3281 in
1512 3238 1585 3280 mss.
1621 3218 1792 3295 codicibus,

74 3314 270 3389 saboliaatis,
300 3335 396 3396 quam
425 3336 497 3397 quae
524 3320 663 3399 primum
697 3323 826 3383 condita
867 3329 914 3385 est
968 3321 1137 3382 etduobus
1159 3321 1297 3401 exceptis
1320 3321 1405 3382 edita
1432 3324 1506 3381 sunt
1532 3318 1573 3380 ad
1602 3321 1734 3378 Erasmo
1763 3323 1794 3379 et

75 3411 205 3491 abipso
219 3413 425 3496 Hieronymo,
443 3423 478 3479 ut
506 3417 699 3498 paulopost
726 3421 913 3484 auctoritate
967 3419 1120 3491 Mariano,
1137 3438 1208 3480 cum
1237 3420 1392 3499 Operibus
1418 3418 1558 3498 ejusdem
1575 3418 1607 3477 S.
1637 3415 1790 3477 [tortoris.

77 3528 179 3572 sacras
194 3511 367 3592 Scripturae
383 3513 600 3578 demonstrare
615 3535 777 3579 conamur.
966 3515 1089 3577 inedita
1103 3524 1176 3578 sunt
1191 3517 1270 3592 baec,
1300 3515 1551 3578 Commentarius
1573 3513 1605 3574 in
1628 3513 1791 3573 Canticum

117 3609 493 3675 Adcommendationem
516 3614 590 3676 tidei
616 3622 732 3678 nostrae
760 3617 792 3678 in
821 3619 913 3680 eden·
967 3616 1130 3689 Debborae,
1148 3616 1234 3696 quud
1261 3617 1376 3695 legitur
1403 3632 1472 3694 cap.
1503 3632 1533 3686 v,
1564 3631 1644 3673 vera
1672 3618 1788 3693 tseqq.
1892 3636 1895 3643 ·

78 3706 128 3768 dis
156 3707 287 3771 scholiis
325 3709 509 3790 hujusmodi
549 3713 789 3792 marginalibus,
831 3715 910 3778 illud
966 3713 1038 3774 libri
1078 3715 1240 3789 iudicum,
1284 3722 1316 3775 et
1348 3711 1598 3775 Commentarius
1636 3709 1716 3770 alter
1757 3709 1790 3771 in

77 3805 175 3866 etiam
220 3807 375 3869 monitum
408 3809 555 3871 volumus
589 3812 738 3874 lectorem
771 3815 910 3892 pruden-
965 3812 1100 3889 primam
1134 3813 1401 3875 lamentationem
1431 3809 1576 3871 Jeremioa
1600 3805 1735 3886 (Thren.
1765 3824 1787 3881 r,

76 3909 155 3977 tem,
182 3921 300 3966 excusa
314 3906 442 3968 luissea
465 3909 557 3970 nobis
583 3909 766 3972 charactere
793 3917 911 3974 Roma·
966 3910 1359 3991 lseqq.)1)equuultirno
1378 3926 1473 3988 opere
1508 3925 1571 3967 non
1599 3905 1700 3965 ausim
1729 3903 1787 3964 ad·

78 4017 120 4060 no
151 4017 352 4079 quaecunque
379 4002 441 4081 legi
468 4010 640 4082 potuerunt
667 4007 700 4066 in
734 4011 910 4070 manuscri-
965 4006 1026 4066 buc
1054 4007 1181 4069 definite
1218 4008 1388 4079 affirmare,
1427 4003 1679 4065 lucubrationem
1720 4018 1788 4061 esse

78 4103 133 4174 pto
168 4096 315 4159 codice:
359 4106 473 4160 caetera
513 4119 599 4176 vero,
642 4121 713 4181 quaa
753 4111 909 4168 vetustate
963 4105 1086 4167 Hebraei
1112 4106 1296 4167 Scholiastia
1325 4104 1433 4164 nostri.
1463 4106 1500 4161 ht
1524 4102 1563 4161 de
1590 4101 1789 4161 Commenta-

79 4192 184 4253 deleta
197 4201 274 4255 sunt
288 4201 320 4256 et
333 4204 492 4275 corrupta,
522 4217 649 4261 corrosa
677 4200 727 4260 vel
750 4203 906 4275 mutilata,
962 4203 1049 4264 riolis
1074 4205 1106 4264 in
1133 4203 1293 4264 Canticum
1322 4201 1475 4262 Debborae
1516 4197 1604 4258 nulla
1644 4202 1788 4276 superest
1888 4242 1892 4249 .

79 4290 298 4369 supplevimus
325 4310 364 4353 ex
393 4299 480 4355 textu
510 4297 675 4376 Hebraico,
705 4298 759 4360 sed
797 4300 908 4362 chara·
962 4302 1052 4362 nobis
1079 4301 1272 4375 difficultas3
1302 4302 1377 4380 quia
1405 4317 1514 4360 eorum
1542 4297 1652 4377 stylus,
1683 4295 1786 4357 erudi-

77 4388 525 4469 ctereltalicoziiequelocis
548 4395 715 4469 duntaxat,
746 4397 799 4458 uhi
823 4398 906 4459 clare
962 4401 1015 4465 tio.
1033 4402 1209 4472 sententia,
1226 4409 1256 4460 et
1272 4410 1385 4461 caetera
1408 4398 1524 4469 omnia,
1555 4415 1626 4476 quae
1648 4394 1784 4474 alicujus

79 4485 311 4563 perspeximus,
341 4487 427 4566 qaod
455 4489 574 4563 abesse,
604 4493 709 4570 potnit
738 4511 746 4554 :
776 4494 807 4556 in
837 4485 1098 4560 aliisDauotoris
1134 4499 1277 4559 notitiam
1319 4498 1456 4558 tribuere
1497 4499 1639 4574 possunt,
1682 4512 1781 4554 unum

75 4580 157 4640 anim
170 4581 408 4646 obscurioribus
436 4592 552 4664 puncta
580 4593 703 4650 tantum
732 4590 905 4668 adjecimus
960 4600 1351 4661 renuntiantSohoiiastcn
1380 4599 1516 4660 Canonis
1543 4597 1705 4658 Hebraicae
1732 4614 1784 4658 ve·
1849 4600 1852 4605 ’
1917 4568 1924 4575 “

74 4674 331 4740 locoverborum
361 4686 393 4742 et
420 4682 626 4762 syllabarum,
657 4705 792 4766 quarum
816 4692 905 4751 sulli-
959 4698 1070 4759 nitatis.
1087 4703 1194 4760 Testes
1216 4698 1310 4778 hrrjns
1339 4699 1383 4759 rei
1412 4698 1558 4758 accedent
1589 4694 1705 4755 eruditi
1728 4694 1783 4756 ho-

74 4773 211 4836 cientem
254 4777 398 4839 notitiam
441 4781 566 4860 assequi
603 4785 815 4864 nequivimus.
854 4791 905 4851 Sic
959 4795 1157 4870 mines,cnm
1173 4796 1399 4877 Opusculuilta
1423 4796 1505 4875 typis
1529 4811 1645 4854 excusa
1672 4796 1782 4872 vulga-

74 4872 226 4934 colnmna
241 4875 438 4938 ll8divorso
462 4878 645 4944 charactere
671 4882 824 4963 scriptum
855 4905 902 4948 re·
958 4892 1087 4955 huntur.

72 4969 186 5048 paries,
204 4993 221 5026 s
238 4989 310 5051 quae
335 4974 448 5054 offerri
469 4975 579 5038 debent
599 4978 632 5040 in
656 4980 843 5045 sacrificium
861 5004 901 5058 ;n

111 5129 156 5200 (a)
171 5128 231 5187 Nec
244 5130 377 5217 inveniet
390 5134 481 5220 lector
496 5141 581 5194 notas
592 5141 771 5214 marginales
786 5145 815 5201 in
832 5152 932 5205 nostra
947 5151 1085 5220 aditione,
1104 5169 1155 5209 nec
1170 5171 1187 5210 a
1202 5154 1313 5209 fortiori
1337 5154 1438 5212 attaliae
1454 5173 1460 5213 :
1489 5158 1600 5213 scholia
1620 5157 1780 5212 inserimus

70 5196 97 5253 iu
113 5205 199 5256 testu
216 5219 332 5261 uncvnrs
349 5207 501 5265 distincta.
518 5209 597 5267 Han.
