3870 6120
103 208 176 270 asir

141 341 171 394 et
185 347 287 392 semen
302 329 463 406 impiorum
479 330 588 404 peribit
602 331 663 406 (Al.
679 331 775 405 perit).

103 409 121 469 J
125 408 185 466 usti
201 405 420 462 hereditabunt
433 409 540 460 terram
554 423 562 473 3

142 486 172 538 et
187 476 398 534 inhabitabunt
414 476 442 532 in
457 477 599 532 seculum
616 475 692 546 (bin
708 474 864 546 aternum)
884 490 937 531 su·

203 567 235 608 er
248 565 325 606 eam.

105 568 201 698 (Piis-Ii
214 626 253 679 Os
265 620 339 693 justi
356 619 548 676 meditabitur
560 620 746 692 sapientiem,

142 702 174 753 et
188 695 290 767 lingua
304 692 370 764 ejus
387 690 525 765 loquetur
536 692 694 764 judicium.

107 769 166 826 lex
182 768 230 823 Dei
247 768 311 821 e'us
327 763 356 818 iii
372 766 459 819 corde
475 765 540 835 ejus
559 780 565 818 :

144 856 203 897 non
218 781 358 892 delicient
372 851 495 918 gressus
511 837 588 907 ejus.

108 912 212 985 (Sede.)
228 909 402 965 considerat
418 909 528 978 impius
540 909 669 978 justum,

145 988 175 1040 et
190 980 304 1053 querit,
321 983 354 1034 ut
369 980 484 1035 occidat
501 994 580 1034 eum.

108 1053 255 1113 Dominus
267 1066 325 1107 iren
340 1049 525 1122 derelinquet
540 1065 606 1106 eum
622 1048 653 1106 iii
670 1064 760 1104 manu
776 1048 852 1120 ejus,

146 1131 176 1183 et
188 1141 246 1181 non
260 1123 544 1179 condemnabitcum
556 1121 811 1194 eumjudioabitur
823 1119 877 1193 (Al.
889 1119 938 1191 ju·

184 1197 302 1252 dicatur
317 1235 323 1248 .

111 1269 222 1343 (Copti.)
237 1195 380 1338 Hrsgecta
394 1264 566 1335 Dominum,
581 1268 611 1320 et
625 1263 740 1320 custodi
755 1263 832 1320 viam
848 1262 913 1335 ejus

149 1346 179 1397 et
195 1338 334 1396 exaltabit
347 1343 386 1406 te,
403 1341 436 1392 ut
451 1336 607 1409 possidgas
623 1340 732 1391 terram
755 1405 760 1417 ι
824 1405 829 1418 .

149 1429 216 1468 cum
233 1408 458 1481 interibunt(.ll.
476 1408 610 1481 pereunt)
625 1407 721 1478 impii,
734 1406 858 1463 videbis.

111 1485 199 1557 (lies.)
214 1482 280 1536 Vidi
296 1480 420 1552 impium
434 1482 600 1548 robustum,

150 1562 179 1612 et
196 1553 392 1609 fortissimum
409 1553 486 1608 sicut
501 1551 672 1623 indigenam
687 1549 839 1605 virentem.

114 1630 151 1686 Et
166 1624 302 1692 transivi,
315 1628 343 1679 et
354 1639 419 1681 ecoe
434 1624 488 1694 (Al.
506 1626 560 1678 tec.
576 1621 654 1693 ecce)
669 1637 728 1679 non
743 1625 805 1678 erat
822 1637 829 1675 :

151 1705 181 1755 et
194 1696 325 1770 quaesivi,
340 1699 369 1750 et
384 1711 442 1751 non
459 1699 504 1751 est
516 1694 664 1750 inventus.

114 1771 200 1842 (Sin.)
212 1767 332 1826 Custodi
349 1766 579 1839 simplicitatem,
596 1771 624 1821 et
639 1764 705 1819 vide
717 1767 852 1820 reolum:

154 1844 226 1913 qnia
242 1840 296 1896 erit
312 1840 341 1894 in
357 1838 411 1908 (ll.
427 1837 485 1909 ud.)
500 1843 664 1893 extremum
678 1835 739 1892 viro
757 1852 822 1906 pax.

153 1912 394 1969 Proevaricatores
409 1913 507 1965 autem
524 1909 689 1965 interibunt
704 1909 839 1979 pariter¹,

153 1991 183 2041 et
198 1983 390 2040 novissimum
406 1981 563 2054 impiorum
579 1981 697 2053 peribit.
727 2048 734 2062 ⁸

115 2057 228 2128 (Thea.)
242 2054 327 2110 Salus
343 2059 442 2110 autem
454 2055 604 2126 justorum
621 2069 637 2107 a
651 2050 775 2132 Domino
792 2065 799 2132 ξ

154 2128 294 2184 tortitudo
309 2141 410 2182 eorum
427 2125 456 2180 iu
472 2131 603 2196 tempore
618 2122 827 2178 tribulationis.

117 2201 154 2257 Et
168 2198 359 2256 auxiliabitur
372 2196 415 2252 eis
432 2198 582 2264 Dominus,
597 2200 625 2251 ct
638 2194 763 2251 salvabit
778 2208 828 2250 eos
847 2208 854 2248 :

193 2272 232 2327 eri
258 2273 296 2326 iet
310 2269 379 2326 aos²
395 2269 431 2325 ab
447 2267 558 2339 impiis,

155 2347 185 2400 et
200 2287 326 2400 safvabii
340 2357 409 2398 eos:
427 2340 497 2412 quia
513 2335 744 2412 speraveruntin
762 2352 806 2393 eo.

142 2473 290 2515 civricuiu
306 2457 348 2530 (h.
363 2454 486 2528 Psalm.)
503 2471 588 2511 navio
603 2471 634 2510 iia
649 2466 921 2509 eoausnoairiour.

782 207 889 265 trena
906 205 1139 265 PSALHORUH.

947 337 974 404 Α
1025 330 1172 416 regiebam
1189 332 1331 405 agemita
1348 333 1445 389 cordis
1460 332 1529 392 mei.

1742 198 1813 268 'irie

990 406 1123 469 Domine,
1139 421 1170 459 in
1186 411 1346 477 conspectu
1362 411 1413 462 tuo
1429 405 1473 478 (li.
1493 422 1591 463 coram
1606 407 1645 479 te)
1658 423 1746 467 omne
1761 410 1813 469 do·

1062 475 1204 531 siderium
1218 493 1317 532 meum
1335 493 1341 531 :

1025 550 1055 602 et
1068 548 1196 618 gemitus
1212 563 1296 605 mens
1312 565 1328 604 a
1343 552 1370 604 te
1385 565 1443 605 non
1457 552 1502 604 est
1516 547 1718 608 absconditus.

988 616 1045 673 Gor
1058 634 1156 674 meum
1168 619 1501 693 lluctuubnt,dcreliquit
1516 637 1562 677 me
1578 623 1719 680 fortitudo
1732 641 1812 688 nien:

1025 694 1054 746 et
1069 689 1119 744 lux
1135 690 1285 747 oculorum
1300 707 1432 748 meorum
1447 692 1535 749 etiam
1547 692 1611 767 ipsa
1627 712 1684 751 non
1696 702 1741 755 est
1752 714 1813 755 me-

1061 778 1126 817 cnm

989 829 1074 888 Chsri
1089 802 1154 903 mc’i,
1169 837 1199 889 et
1214 834 1299 891 uniicl
1315 835 1356 906 (li.
1370 834 1684 908 sodales)niei³contra
1699 838 1812 915 lepram
1911 892 1914 897 .

1063 920 1158 961 meam
1172 911 1326 964 steterunt.

1026 980 1055 1031 et
1065 976 1151 1032 vicini
1164 977 1206 1050 (b.
1216 979 1385 1051 propinqui)
1400 982 1458 1039 mei
1474 982 1559 1057 longe
1574 990 1728 1046 steterunt.

991 1047 1026 1103 Dt
1040 1047 1192 1104 irruebant
1212 1058 1376 1121 quarentes
1392 1054 1520 1110 animam
1537 1072 1632 1112 meam
1652 1075 1658 1112 :

1027 1125 1056 1174 et
1070 1119 1281 1193 investigantes
1297 1123 1374 1179 mala
1390 1126 1462 1181 milii
1472 1126 1667 1199 loquebantur
1679 1129 1816 1198 insidias,

1028 1194 1056 1246 et
1072 1191 1153 1248 dolos
1170 1199 1230 1248 tota
1246 1193 1292 1250 die
1308 1197 1538 1254 meditabantur.

992 1260 1051 1334 Ego
1068 1268 1166 1319 autem
1181 1265 1263 1336 quasi
1280 1268 1388 1323 surdus
1404 1285 1462 1324 iion
1477 1269 1646 1337 audiebam,

1029 1338 1057 1388 et
1071 1336 1156 1406 quasi
1173 1343 1273 1392 mutus
1293 1340 1343 1409 qui
1360 1356 1417 1397 non
1436 1341 1530 1414 aperit
1546 1359 1677 1400 ossuum
1692 1345 1712 1400 l.

993 1408 1028 1460 Et
1041 1421 1121 1461 erum
1137 1409 1220 1478 quasi
1237 1408 1324 1465 homo
1340 1411 1380 1481 (li.
1397 1413 1450 1479 virt
1467 1430 1523 1469 non
1540 1415 1662 1472 audiens
1679 1432 1686 1472 ε

1029 1493 1083 1533 nec
1099 1478 1209 1534 liabens
1223 1479 1252 1535 in
1269 1497 1318 1536 ore
1333 1499 1382 1538 suo
1399 1484 1629 1558 redargutiones.

993 1547 1034 1604 'l‘e
1049 1550 1139 1619 enim,
1156 1550 1289 1622 Domine,
1305 1557 1507 1626 expectabam,

1031 1625 1063 1675 tu
1075 1621 1224 1689 exaudies,
1243 1625 1364 1681 Domine
1378 1632 1457 1683 Deus
1472 1643 1568 1686 meus.

956 1710 980 1775 B
996 1692 1069 1759 Quia
1084 1693 1155 1764 diiii,
1172 1710 1206 1748 ne
1222 1695 1294 1752 torte
1310 1696 1456 1756 insultent
1472 1700 1557 1768 mibi,

1032 1769 1060 1819 et
1069 1766 1335 1891 ¹cumtvacillaverit
1349 1785 1400 1841 pes
1420 1773 1524 1828 meus⁶
1535 1789 1621 1844 super
1638 1789 1685 1831 me
1701 1775 1821 1848 magni·

1080 1852 1142 1892 icen
1160 1855 1204 1892 iir.

997 1907 1070 1974 Qnia
1084 1924 1135 1978 ego
1151 1909 1186 1963 ad
1203 1907 1320 1983 plagam
1335 1911 1389 1983 (ill.
1404 1912 1517 1988 plagas)
1534 1920 1652 1988 paratus
1667 1935 1744 1988 siim,

1033 1981 1246 2037 etdolormons
1263 1987 1364 2039 contra
1380 2001 1426 2040 me
1442 1988 1497 2058 (Al.
1513 1989 1578 2044 adil.
1593 1991 1648 2062 est)
1665 2008 1792 2065 semper.

998 2051 1071 2118 Quia
1084 2051 1271 2123 iniquitatem
1285 2070 1380 2111 meam
1399 2056 1452 2128 (li.
1468 2059 1533 2114 add.
1550 2067 1612 2132 ego)
1628 2065 1784 2120 annuntio.

1033 2127 1063 2178 et
1076 2123 1281 2192 contristabor,
1293 2126 1304 2161 ⁸
1316 2143 1367 2196 pro
1382 2136 1500 2199 peccato
1517 2147 1592 2187 meo.

999 2193 1114 2250 Inimici
1130 2200 1228 2251 autem
1243 2196 1298 2252 mei
1313 2199 1444 2255 viventes
1460 2203 1616 2258 confortati
1634 2209 1715 2262 suot.

1035 2270 1064 2322 et
1079 2266 1264 2337 multiplicati
1279 2275 1349 2325 sunt
1361 2271 1495 2329 odientes
1507 2290 1553 2330 me
1568 2276 1758 2333 mendaciter.

999 2338 1035 2393 Ht
1050 2338 1243 2465 qitigiylciddunt
1265 2341 1376 2396 malum
1402 2360 1454 2416 pro
1474 2345 1561 2415 beno,
1589 2347 1828 2407 adversabantur

1037 2481 1107 2550 quia
1122 2480 1268 2551 sequebar
1283 2483 1405 2540 bonum.

120 2554 298 2632 (xxxviii.)
315 2554 448 2622 Domine,
466 2568 501 2610 ne
517 2553 547 2609 in
561 2551 606 2609 ira
620 2549 948 2624 (b.indignatione)tua
1001 2550 1043 2607 Ne
1059 2551 1248 2624 derelinquas
1262 2571 1318 2623 me,
1336 2556 1456 2614 Domine
1473 2574 1481 2613 :

158 2642 302 2785 qeqruqug
316 2642 479 2782 liniziaruo
494 2697 536 2769 (h.
547 2696 591 2754 ira
605 2693 826 2823 tuug'corripias
837 2707 894 2762 me,

122 2770 739 2914 litotetafttttlitttlti't.t..

121 2916 188 2973 Non
204 2918 249 2970 est
265 2913 377 2970 sanitas
392 2913 422 2969 in
439 2929 526 2969 carne
542 2929 607 2969 mea
622 2928 639 2968 a
654 2910 727 2966 facie
737 2907 950 2981 indignationis

199 2989 256 3040 tuas
273 3003 279 3040 :

1041 2624 1116 2679 Deus
1132 2639 1225 2693 mous,
1242 2641 1277 2680 ne
1293 2626 1439 2699 elongeris
1453 2646 1470 2684 a
1487 2647 1543 2687 mc.

1003 2693 1121 2750 Festina
1133 2695 1163 2750 in
1179 2695 1322 2754 auxilium
1340 2715 1449 2765 meum,

1039 2766 1161 2823 Doiiiine
1175 2766 1234 2838 (Al.
1251 2769 1318 2830 adit.
1337 2771 1425 2840 Deus)
1440 2771 1544 2829 salutis
1561 2789 1642 2831 mem.

1049 2899 1160 2940 vieroni
1176 2901 1304 2953 iniriiuir,
1321 2902 1459 2943 cumiculi
1476 2887 1516 2958 (li.
1534 2888 1653 2964 Psalm.)
1669 2893 1785 2949 natilit'.

1005 2979 1157 3055 (XXXlX.)
1174 2981 1246 3046 Dixi,
1263 2982 1431 3039 Custiodam
1446 2985 1508 3042 vias
1524 3003 1604 3045 meas

160 3074 221 3115 non
236 3062 281 3112 est
296 3071 352 3128 pax
381 3055 434 3126 (dl.
459 3053 524 3110 add.
548 3053 592 3123 in)
614 3054 734 3112 ossibus
755 3056 830 3114 meis
846 3070 863 3111 a
877 3054 987 3150 luciae
1042 3069 1078 3109 ne
1093 3068 1208 3123 peccem
1226 3055 1254 3108 in
1270 3055 1370 3125 lingua
1386 3071 1463 3123 msa,

220 3128 310 3185 cecati
327 3126 395 3183 mei.

123 3146 384 3272 Quiapintquiiares
401 3214 469 3253 mem
487 3197 671 3254 transierunt
687 3204 775 3272 caput
788 3214 897 3257 meum.

165 3272 252 3345 quasi
269 3287 344 3327 onus
359 3286 445 3344 grave
460 3276 623 3397 aggravata
640 3276 710 3326 sunt
726 3288 815 3345 super
831 3287 888 3327 me.

126 3348 391 3414 Computruerunt,
407 3345 435 3397 ct
450 3345 479 3397 ta
502 3347 610 3398 uerunt
624 3341 774 3399 cicatrices
790 3360 871 3400 mee.

166 3433 185 3471 a
200 3416 273 3471 lacis
288 3413 461 3487 insipientia
477 3429 557 3469 meio.

129 3487 267 3543 sillictus
282 3502 360 3555 sum,
373 3489 402 3542 et
417 3484 587 3540 incurvatus
603 3500 670 3540 sum
686 3485 774 3542 nimis
791 3501 798 3540 :

165 3564 228 3615 tola
243 3558 290 3613 die
306 3572 432 3612 moerens
448 3556 647 3613 ambulabam.

1006 3124 1176 3181 Custodiam
1191 3140 1223 3180 os
1239 3140 1337 3181 meum
1353 3126 1481 3199 silentio,

1042 3198 1134 3252 donec
1150 3201 1194 3252 est
1209 3197 1318 3279 impius
1334 3205 1435 3254 contra
1450 3215 1507 3256 me.

1007 3266 1146 3325 Obmutui
1162 3268 1291 3333 silentio,
1308 3271 1385 3325 tacui
1402 3271 1438 3326 de
1453 3273 1539 3336 bono.

1043 3344 1072 3396 et
1087 3338 1170 3394 dolor
1186 3355 1267 3395 nicus
1282 3343 1476 3399 conturbatus
1491 3348 1547 3399 est.

1008 3408 1133 3466 Incaluit
1143 3427 1193 3465 cor
1209 3427 1307 3467 meum
1324 3412 1354 3468 in
1369 3413 1465 3471 medio
1477 3416 1545 3480 mei,

1043 3481 1073 3537 in
1091 3482 1279 3538 meditatione
1296 3500 1360 3540 mea
1376 3484 1515 3542 incensus
1531 3502 1597 3544 suin
1615 3485 1704 3561 igne:

1044 3554 1160 3611 loeutus
1175 3571 1242 3610 snm
1259 3555 1398 3627 inlingno
1413 3574 1488 3615 mea.

129 3631 204 3697 Quia
219 3628 312 3685 lumbi
327 3629 381 3700 (ill.
399 3644 493 3685 renes.
508 3627 537 3683 li.
555 3627 605 3684 ilia
616 3629 690 3697 mea)
703 3627 759 3684 mei
770 3627 873 3702 repleti
885 3631 955 3686 sunt
1008 3625 1133 3681 Ostende
1150 3625 1231 3691 milii,
1247 3625 1381 3692 Domine,
1397 3628 1485 3684 finem
1502 3645 1612 3700 meum,

203 3700 366 3773 ignominia
381 3700 423 3771 (h.
440 3698 571 3770 vilitate),

166 3777 196 3828 et
211 3789 270 3828 non
285 3777 330 3829 ast
343 3772 455 3828 sanitas
471 3771 500 3827 in
516 3786 603 3827 carne
620 3787 695 3829 meo.

128 3843 281 3917 Evigilavi,
292 3843 459 3901 etaillictus
474 3859 542 3899 suni
558 3842 647 3898 nimis
665 3859 671 3895 :

130 4020 206 4095 plari
221 4022 257 4077 ab
272 4037 305 4077 ea
317 4037 418 4079 versus
434 4022 489 4078 iste
499 4019 665 4078 inchoatur.
678 4006 770 4091 Vulgo
781 4023 877 4076 autem
887 4034 954 4076 cru·

937 3763 940 3767 ,
1044 3701 1073 3754 et
1088 3712 1257 3752 mensuram
1267 3698 1380 3753 diorum
1393 3715 1525 3755 meorum
1538 3717 1603 3773 quae
1614 3700 1662 3770 sit,
1676 3701 1766 3759 sciam
1781 3704 1833 3774 (lt.

1098 3771 1131 3822 ut
1145 3767 1246 3825 sciamt
1261 3769 1331 3838 quid
1349 3769 1421 3824 mibi
1432 3772 1519 3826 desit.

1008 3837 1080 3895 Dece
1096 3839 1198 3895 breves
1214 3838 1340 3910 posuisti
1356 3840 1418 3897 dies
1434 3858 1526 3898 meos.

1009 4016 1186 4073 translatum
1202 4021 1257 4088 est,
1273 4018 1393 4074 retundit
1407 4035 1463 4076 eos.

130 4094 386 4166 ditispersuasum
399 4098 454 4149 eat.
465 4091 956 4165 Septuagintainterpretumatate
1046 4090 1057 4125 ⁸
1073 4090 1253 4145 interserunt
1268 4091 1361 4146 nostri
1378 4108 1449 4147 mss.
1466 4091 1514 4147 hie
1530 4091 1620 4162 qiinsi.

130 4182 165 4222 ea
178 4165 276 4222 littera
290 4181 349 4221 non
364 4165 495 4221 caruisse
505 4165 707 4236 archetypum,
721 4163 812 4235 idque
824 4179 860 4219 ex
875 4164 955 4235 ipso·

130 4254 199 4293 rum
215 4239 349 4294 versione
362 4234 532 4308 colligi,qui
545 4235 592 4291 bic
605 4235 846 4307 praeponuntduo
857 4236 957 4300 verba,
1011 4247 1101 4288 meum
1118 4247 1125 4286 :
1140 4237 1168 4288 et
1186 4249 1252 4288 mox
1266 4249 1344 4291 unus

1046 4159 1057 4194 ⁸
1073 4161 1151 4216 ldem
1165 4161 1257 4216 nostri
1273 4177 1345 4217 mss.
1359 4179 1439 4289 gran
1454 4173 1546 4219 mritus
1561 4180 1617 4219 non
1631 4166 1791 4236 aperiebam
1805 4184 1838 4224 or

1383 4235 1479 4291 isteic.
1503 4251 1560 4292 non
1580 4236 1731 4292 teleusin
1753 4240 1838 4297 corde
1896 4300 1900 4317 ,

130 4309 251 4381 Ἀνομοι
284 4303 523 4378 ἐκδικηθήσονται,
558 4307 660 4375 lnr'usti'
697 4306 864 4379 punientur,
892 4323 957 4378 qus
1009 4318 1068 4370 aiio,
1086 4319 1209 4373 praere.

129 4397 273 4454 Hebraico
287 4395 396 4453 dixeris
425 4380 523 4461 nisiae
554 4405 665 4458 iiuuu.
701 4396 794 4477 lltque
820 4396 892 4451 odeo
920 4396 956 4451 eb

129 4470 208 4527 Boin
224 4468 322 4524 littera
336 4468 482 4541 incepisse
496 4468 574 4539 qnod
605 4484 662 4537 pne
681 4466 776 4522 oculis
797 4465 956 4537 habebant,

129 4538 280 4613 exemplar
294 4544 409 4596 notant.
425 4540 499 4606 Quid
517 4539 566 4595 alii
584 4537 637 4595 linc
653 4539 689 4594 de
704 4555 734 4593 re
750 4538 890 4604 sentiant,
915 4539 956 4594 vi·

129 4611 212 4669 desis
226 4613 304 4685 apud
321 4610 438 4667 criticos
452 4627 562 4667 sacros.
579 4609 766 4680 Nobis,textu
778 4609 850 4665 nihil
865 4609 959 4667 inter·

128 4683 242 4769 pelato,
257 4698 380 4754 arguere
395 4683 424 4738 id
440 4681 525 4739 liceat
554 4698 590 4737 ex
617 4681 671 4737 hac
697 4682 762 4754 ipsa
789 4680 958 4754 Hieronymi

127 4755 384 4827 interpretatione,
395 4770 461 4826 quae
474 4751 654 4810 versiculum
671 4753 707 4809 ab
723 4752 882 4826 hisincipit
893 4769 958 4808 ver·
1013 4751 1098 4806 ticum

1047 4375 1058 4410 ⁸
1072 4374 1202 4432 Plurium
1218 4392 1340 4434 numero
1357 4379 1451 4435 nostri
1466 4395 1537 4436 mss.
1554 4394 1617 4436 cum
1639 4379 1837 4439 vacillaverint

973 4450 996 4516 D
1009 4445 1090 4519 pedro
1104 4448 1170 4505 mei.

1047 4517 1124 4573 ‘Pro
1146 4518 1328 4576 contristabor
1354 4520 1425 4576 editi
1454 4537 1487 4576 ac
1513 4537 1585 4578 mss.
1617 4519 1717 4596 plures
1744 4523 1834 4583 etium

1013 4588 1181 4646 Martianeo
1195 4589 1333 4663 inspecti,
1346 4592 1481 4650 sollicitus
1495 4608 1552 4650 ero.

1047 4678 1057 4712 ⁷
1072 4677 1180 4806 Regius
1194 4679 1286 4735 codex
1299 4680 1342 4736 sie
1358 4680 1464 4737 habet:
1482 4684 1516 4739 lii
1528 4682 1610 4752 fidem
1625 4682 1737 4742 ldillirin
1761 4687 1837 4742 Can·

1135 4749 1217 4820 cnid3
1234 4750 1284 4807 sed
1301 4753 1455 4809 manifesto
1467 4755 1655 4827 exscriptoris
1666 4774 1773 4824 errore,
1785 4757 1837 4829 qui

127 4842 189 4914 big,
202 4844 236 4900 ιη
251 4852 384 4900 amum
410 4842 540 4900 Νησαίη
566 4845 633 4897 „my
650 4859 656 4896 :
672 4841 702 4896 jn
719 4841 840 4898 Homo
866 4824 958 4906 „5595
1014 4821 1113 4893 plures
1128 4821 1234 4894 psalmi
1254 4822 1356 4880 titulos
1380 4840 1396 4880 e
1418 4824 1553 4882 versione
1576 4830 1653 4882 LXX
1676 4830 1836 4885 transferre

127 4940 249 4995 imm.
266 4930 349 4988 Prior
363 4946 468 5004 nempe
483 4915 510 5000 5,
528 4930 629 4987 iamed
643 4929 754 4999 littera,
779 4946 848 4988 oiim
873 4928 960 5003 plune

128 5019 172 5077 sit
185 5021 275 5077 verbo
296 5004 370 5086 nSttt
384 5019 523 5087 ascititia,
538 5035 572 5076 ac
598 5017 723 5084 servilis,
740 5017 819 5074 haud

129 5092 223 5149 luant
237 5091 299 5148 sive
313 5091 454 5158 Hebrnis,
466 5091 526 5149 sive
541 5090 598 5174 ipsi
610 5090 786 5162 Hieronymo
797 5090 959 5217 aerostffbo

129 5237 186 5293 din
212 5231 347 5306 incipiat,
377 5234 483 5291 seriam
499 5178 684 5291 ‘iiiiorlnprsiilmn
695 5161 892 5314 ityailqicqigma
909 5172 962 5304 pag

131 5305 222 5364 metri
235 5306 315 5388 legas
330 5305 507 5363 continuari.
524 5305 663 5388 preterea
687 5302 766 5387 haud
793 5319 862 5388 snio,
889 5318 961 5359 num

130 5393 282 5449 suspicari
297 5375 393 5449 liceat,
406 5373 503 5438 ἁπλῶς
516 5381 660 5449 scriptum
674 5376 711 5432 ab
723 5391 788 5447 ipso
798 5390 878 5448 regio
888 5378 962 5432 vate

128 5161 257 5220 artificio
286 5164 400 5230 obesse,
428 5179 496 5219 cum

136 5450 227 5532 nbat,
240 5469 387 5524 aurnum.

175 5541 186 5575 ¹
201 5538 276 5595 Tres
285 5536 380 5595 nostri
393 5554 451 5595 ms.
466 5541 557 5611 atque
580 5536 630 5594 alii
654 5552 743 5609 penes
757 5534 894 5593 Hartian.
911 5551 963 5606 pro

138 5625 191 5684 his
204 5624 317 5683 habent
332 5643 339 5683 :
355 5627 449 5700 iniqui
462 5631 552 5684 rutam
567 5625 731 5682 delebuntur
749 5623 862 5698 pariter
882 5608 965 5686 nbis

1013 4909 1105 4949 ausus
1120 4898 1163 4948 est
1177 4894 1206 4948 iii
1222 4891 1298 4949 hanc
1310 4893 1473 4967 Hieronymi
1485 4898 1643 4954 editionem
1656 4900 1837 4957 Heerocet

1013 4964 1105 5037 igitur
1127 4965 1323 5038 Hieronymus
1338 4966 1507 5038 prelatione
1520 4968 1717 5027 Commentin
1730 4970 1836 5027 Danie-

849 5018 961 5076 ΜΗ.
1013 5050 1084 5116 leni,
1099 5052 1220 5109 verbum
1236 5038 1339 5115 aaz&
1352 5055 1543 5122 tainaasarlit,
1560 5062 1592 5113 ut
1615 5058 1702 5114 bodie
1717 5057 1836 5131 legitur,

1014 5140 1061 5180 rna
1084 5123 1108 5179 is
1135 5140 1185 5196 pro
1208 5125 1439 5197 uictoria,quam
1469 5130 1499 5183 in
1528 5130 1612 5200 finem
1636 5127 1835 5201 interpretari.
1929 5160 1934 5167 ·

1017 5217 1028 5246 ι
1072 5195 1128 5252 nde
1143 5199 1172 5251 et
1186 5196 1290 5267 psalmi
1307 5194 1437 5268 plorimi,
1453 5199 1561 5271 inquit,
1573 5200 1645 5256 illiid
1660 5200 1837 5257 Hebraieum

1016 5267 1093 5341 quod
1110 5266 1139 5322 io
1155 5265 1250 5324 titulis
1265 5268 1384 5339 ponitur
1410 5286 1585 5339 maluisse,
1615 5287 1666 5355 pro
1690 5287 1749 5344 quo
1764 5268 1838 5328 Lxx

1016 5335 1233 5395 transtulerunt
1248 5341 1277 5394 iia
1289 5339 1376 5422 finem
1401 5341 1495 5413 magis
1521 5358 1573 5414 pro
1596 5342 1717 5398 victoria
1741 5341 1838 5399 contl-

1016 5415 1087 5466 nent
1104 5426 1111 5464 ε
1128 5409 1233 5494 Aquila
1249 5427 1327 5467 snim
1351 5411 1562 5485 interpretatus
1577 5418 1623 5469 est
1636 5416 1676 5484 τῷ
1691 5414 1839 5487 νικοποιῷ,

1017 5480 1073 5537 hoo
1088 5484 1173 5543 ester
1188 5481 1297 5553 praebet
1311 5479 1472 5540 victoriam.
1483 5484 1680 5557 Symmachus
1691 5482 1840 5556 ἐπινίκιον,

1018 5551 1095 5680 quod
1113 5552 1229 5624 proprie
1245 5552 1425 5680 triumsshum
1438 5554 1629 5629 palmamque
1648 5556 1811 5629 signierit.
1825 5577 1842 5609 a

1040 5622 1106 5680 lura
1119 5624 1155 5679 de
1170 5623 1272 5681 eodem
1292 5628 1333 5680 Hs
1356 5625 1433 5680 raico
1449 5626 1605 5685 mmeauase
1633 5629 1677 5684 vel
1706 5629 1844 5687 lamnati-

173 5697 188 5736 ¹
201 5694 310 5772 Verba,
320 5698 364 5757 art
382 5699 485 5769 fateri,
496 5697 527 5756 iri
538 5697 649 5757 nostris
659 5713 731 5756 msa.
748 5694 964 5755 desiderantur.
1017 5694 1089 5754 aare
1108 5709 1175 5753 eum
1190 5695 1227 5752 ad
1242 5693 1445 5756 titulumPsal.
1458 5711 1584 5758 xcivseu
1595 5700 1742 5776 xivJuxta
1753 5701 1842 5761 Habr.

135 5766 173 5833 lii
187 5766 310 5831 Hebron
336 5769 417 5831 lam
445 5769 589 5849 repetitur
614 5766 749 5843 vsrbum,
772 5766 852 5846 quod
876 5766 965 5829 inodo
1020 5770 1140 5828 rantum
1157 5766 1223 5826 srlt.
1239 5765 1334 5826 Maur.
