3878 6150
508 248 617 307 nmen
635 248 848 309 nzacniams
866 230 1075 308 aserenan.
1427 232 1430 237 ’
1486 222 1489 227 ’
1583 258 1656 315 aooa

82 365 162 492 aptis
178 365 305 422 terrain
321 369 461 440 praedam,
477 375 506 426 et
786 376 862 445 Alit
876 375 1083 447 unusquisque
1093 375 1220 433 babebat
1230 377 1417 436 thuribulum
1432 380 1463 439 in
1474 396 1564 440 manu
1580 401 1654 445 sus:

82 453 100 493 n
114 438 228 519 nabunt
241 437 324 496 illud.
864 452 893 503 et
907 462 997 518 vapor
1011 447 1125 504 nebule
1142 448 1177 504 de
1192 448 1279 506 thure
1294 453 1502 524 consurgebat.

82 526 125 565 am
142 510 245 565 taciem
262 526 358 567 meam
375 512 412 566 ab
426 513 481 581 eis,
828 518 863 573 iii
878 517 951 574 dixit
965 518 1002 574 ail
1018 534 1088 575 me:

84 580 183 664 abunt·
192 598 332 663 areanum
348 599 469 667 meum:
828 597 1013 665 Gertevidas,
1024 598 1066 654 iili
1076 598 1289 674 hominisque
1300 602 1433 661 seniores
1444 604 1552 663 domus
1563 607 1654 667 lsrael

82 654 161 708 hunt
176 669 205 708 in
222 652 295 708 illud
311 669 469 724 emissarii,
900 669 1011 726 iaciunt
1024 669 1056 725 in
1069 672 1210 741 tenebris,

82 724 271 780 taminabunt
284 724 369 783 illud.
863 742 1069 813 unusquisque
1090 742 1119 797 in
1136 744 1309 802 abscondite
1325 745 1454 803 cubiculi
1469 748 1527 805 siri.

82 795 285 864 inclusionem,
828 814 935 871 Dicunt
948 812 1027 869 enim
1044 829 1050 867 :

82 884 122 923 im
137 872 215 923 terra
231 867 316 938 plena
330 871 376 923 est
386 869 500 939 J'udicio
516 869 709 943 sanguinum,
862 883 925 940 Non
941 884 1019 939 videi
1035 883 1177 940 Dominus
1193 903 1257 956 nos,

83 943 129 994 tas
143 938 233 1020 plene·
246 939 415 1010 iniquitate·
439 1011 445 1023 ,
863 953 1020 1026 dereliquit
1034 954 1178 1013 Dominus
1194 962 1312 1014 terram.

82 1026 139 1066 iam
157 1026 303 1081 pessimos
316 1011 352 1067 de
367 1012 516 1082 gentihus,
826 1032 863 1085 Ea
878 1027 950 1081 dixit
964 1026 1000 1082 ad
1017 1041 1063 1082 me
1080 1043 1087 1080 :

82 1081 220 1138 silebunt
234 1083 339 1137 d0m⁰⁸
354 1098 454 1138 eorum
472 1101 478 1139 :
862 1097 964 1153 Adhuc
975 1099 1498 1160 conversusvidebisabominationes
1510 1105 1648 1178 majores,

82 1177 145 1218 cere
161 1161 265 1216 iaciam
286 1163 455 1232 superbiam
469 1164 646 1235 potentium,
661 1168 690 1220 et
703 1180 770 1236 pos·
898 1185 973 1241 quas
988 1169 1037 1224 isti
1051 1169 1173 1226 iaciunt.

82 1237 121 1289 int
136 1234 304 1314 sanctuaria
319 1250 432 1290 sorum.
826 1243 859 1299 ai
874 1241 1035 1297 introduxit
1050 1255 1097 1295 me
1108 1256 1159 1311 per
1172 1241 1282 1299 ostium
1299 1247 1389 1369 portia
1399 1245 1506 1301 domus
1522 1246 1649 1318 Domini,

82 1323 89 1360 i
112 1308 348 1377 superveniente,
369 1304 517 1377 requirent
532 1323 644 1377 pacem,
660 1310 690 1363 et
713 1323 770 1362 non
897 1314 974 1383 quod
990 1310 1165 1384 respiciebat
1177 1314 1214 1369 ed
1230 1313 1299 1385 aqui
1311 1330 1420 1371 onam:

861 1387 890 1439 et
905 1399 971 1439 ecce
989 1381 1030 1440 ibi
1054 1383 1193 1442 mulieres
1208 1385 1351 1443 sedebant
1377 1385 1552 1460 plangentes
1574 1390 1652 1446 Ado·

82 1446 172 1503 rhatio
188 1464 277 1519 super
291 1447 543 1505 conturbationem
560 1449 667 1517 veniet,
826 1455 934 1511 nidem.

82 1520 142 1575 itus
158 1535 247 1591 super
262 1519 399 1575 auditum
416 1537 423 1577 ε
825 1529 862 1585 Dt
874 1526 948 1581 dixit
962 1526 999 1583 ed
1014 1541 1061 1582 me
1078 1543 1084 1581 :

82 1604 126 1655 ent
141 1599 282 1654 visionem
299 1600 333 1654 de
349 1600 503 1672 propheta,
824 1602 908 1655 Certe
923 1596 1033 1666 vidisti,
1049 1597 1090 1651 sili
1106 1597 1256 1653 hominis:

86 1671 192 1742 peribit
206 1688 223 1725 a
237 1671 400 1739 sacerdote,
860 1669 958 1725 adhue
972 1684 1130 1726 conversus
1144 1669 1258 1727 videbis
1274 1671 1507 1729 abominationes
1523 1675 1649 1746 majores

82 1741 180 1798 silium
197 1759 211 1799 a
229 1743 405 1799 senioribus.
785 1750 810 1817 Β
895 1740 952 1796 bis.
1009 1810 1015 1822 ι

82 1814 139 1881 ibit,
156 1818 184 1868 et
200 1813 336 1886 princeps
352 1815 492 1869 induetur
511 1829 646 1882 maerore,
662 1817 691 1870 et
706 1830 769 1870 ma·
823 1813 858 1869 lit
869 1811 1032 1868 introduxit
1041 1828 1087 1869 ine
1098 1812 1127 1868 in
1139 1813 1247 1869 atrium
1259 1814 1366 1871 demus
1376 1814 1492 1871 Domini
1503 1815 1647 1874 interius:

82 1884 152 1957 ipuli
168 1889 252 1941 terrae
267 1887 533 1942 conturbabuntur.
859 1889 888 1940 et
901 1897 968 1941 ecoe
983 1882 1015 1939 in
1027 1884 1102 1940 ostio
1122 1884 1225 1956 templi
1238 1886 1356 1941 Domini
1377 1886 1454 1941 inter
1469 1888 1645 1946 vestibulum

84 1973 112 2012 m
126 1955 205 2012 viam
221 1973 322 2013 eoruin
338 1958 443 2014 seciani
458 1957 511 2013 eis.
894 1960 923 2010 et
937 1954 1039 2018 altare,
1057 1956 1143 2026 quasi
1157 1956 1406 2029 vigintiquinque
1420 1957 1485 2024 viri,

82 2028 179 2084 indum
186 2029 300 2098 judicia
308 2029 558 2101 eorumjudicabo
566 2027 770 2099 eostetffsoient
858 2028 946 2083 dorsa
961 2026 1101 2109 babentes
1112 2031 1214 2083 contra
1228 2028 1371 2100 templum
1383 2028 1510 2096 Domini,
1520 2031 1646 2089 etfacies

82 2116 119 2173 go
135 2100 287 2156 Dominus.
894 2099 1088 2154 adorientem
1106 2113 1113 2152 :
1291 2170 1297 2182 .

82 2180 123 2262 ii..)
138 2180 172 2235 iii
197 2180 306 2263 laetum
323 2184 368 2261 est
386 2180 415 2235 in
432 2197 509 2237 anno
533 2183 626 2251 sexto,
642 2180 672 2236 in
687 2182 768 2235 sento
822 2169 1063 2297 magiiiltotiabfliil
1078 2168 1114 2224 td
1129 2172 1227 2227 Otium
1242 2169 1326 2226 tolia·

82 2257 419 2389 §eigiaglup‘iltgorgeongilsed’
823 2255 1038 2402 Certiexiiiiiisti,1
1041 2255 1091 2374 iiii
1106 2320 1237 2377 bominis
1253 2338 1260 2377 :

82 2411 105 2449 is
118 2393 133 2449 J
139 2395 196 2449 uda
210 2395 352 2450 sedebant
364 2411 461 2450 coram
479 2410 537 2463 me,
855 2390 993 2463 Nunquid
1008 2390 1072 2447 leve
1086 2396 1132 2447 est
1147 2392 1200 2448 hoc
1217 2393 1318 2448 domui
1333 2394 1420 2464 tuda,

85 2466 129 2520 dit
143 2482 231 2537 super
246 2483 292 2521 me
309 2466 349 2522 ibi
366 2482 471 2521 manus
488 2463 603 2521 Domini
619 2463 669 2520 Dei
687 2481 693 2519 :
857 2468 890 2519 ut
911 2463 1040 2519 iacerent
1062 2463 1297 2520 abominationes
1322 2464 1405 2532 istas,
1418 2481 1494 2536 quas
1517 2466 1648 2522 iecerunt

82 2551 104 2602 at
118 2561 183 2602 ecce
199 2546 362 2601 similitudo
378 2546 461 2616 quasi
476 2549 612 2617 aspectus
856 2532 1140 2618 hietquireplentas
1150 2540 1259 2590 terram
1271 2535 1427 2609 iniquitate
1435 2538 1568 2593 conversi
1576 2542 1647 2593 sunt

82 2617 405 2689 baspectulomborum
415 2614 764 2689 ejus,etdeorsumignis:
891 2605 928 2661 td
942 2605 1118 2688 irritandum
1134 2607 1204 2662 1110?

86 2689 163 2744 mois
179 2691 253 2759 ojus,
269 2694 298 2744 eo
312 2706 430 2744 sursum
855 2680 884 2732 et
897 2676 1128 2749 ecoe-applicant
1142 2693 1258 2733 ramum
1275 2678 1311 2733 ad
1327 2695 1413 2735 nares
1428 2695 1510 2735 suas.

82 2765 216 2833 &specius
231 2760 408 2833 splendoris,
436 2732 443 2758 ⁹
819 2749 892 2820 Ergo
908 2753 937 2803 ei
951 2763 1004 2820 080
1021 2747 1124 2803 stibium
1140 2747 1172 2804 iu
1186 2748 1283 2805 surore
1299 2765 1306 2804 :

82 2849 98 2888 o
112 2832 222 2888 electri.
854 2835 911 2875 nori
930 2823 1030 2890 pareat
1043 2819 1146 2875 oculas
1162 2835 1255 2888 mens,
1273 2835 1326 2876 neo
1341 2819 1515 2888 miserebor,

84 2920 102 2960 a
124 2903 287 2959 similitudo
312 2918 418 2959 manus
444 2900 639 2975 apprehendit
662 2916 709 2955 me
733 2898 763 2953 in
854 2896 882 2947 et
896 2907 964 2947 cum
978 2889 1167 2947 clamaverint
1186 2892 1221 2946 ad
1238 2907 1325 2947 aurea
1344 2908 1424 2948 meas
1439 2908 1508 2948 voce
1523 2908 1641 2966 magna,

82 2977 150 3032 inno
166 2976 271 3048 capitis
287 2976 343 3031 mei
360 2992 366 3030 ;
890 2980 948 3018 non
963 2963 1116 3018 exaudiam
1131 2978 1191 3018 808.

83 3048 141 3103 avit
156 3064 203 3103 me
218 3046 340 3119 spiritus
355 3046 431 3101 inter
449 3050 555 3100 terram
571 3048 599 3099 ct
614 3042 719 3100 ooelnni
736 3057 743 3097 :
818 3041 893 3114 (Cap.
912 3039 970 3109 ix.)
984 3040 1020 3097 lit
1034 3039 1208 3096 olamavitin
1219 3041 1342 3098 auribus
1353 3041 1428 3099 meis
1438 3058 1506 3098 voce
1521 3057 1641 3115 magna,
1680 3064 1683 3071 ·

82 3129 115 3183 rit
128 3144 176 3183 me
191 3128 220 3182 in
235 3126 398 3183 Jerusalem
414 3127 444 3181 in
459 3125 570 3180 visione
587 3123 646 3189 Dei,
781 3117 802 3186 C
892 3112 1013 3195 ᾱῑθθῦβῖ
1206 3183 1213 3196 ,
1233 3183 1240 3197 ‚
1289 3184 1294 3196 ,
1442 3185 1448 3197 ,

82 3199 185 3255 istium
201 3199 335 3266 interius,
350 3198 428 3269 quod
444 3196 619 3269 respiciebat
633 3196 668 3250 ad
684 3194 767 3266 aqui·
856 3188 1371 3270 APill⁰lt¹¹¹q⁰³veffl⁰i‚V¹⁸¹l⁸i¹⁰,¹¹⁶³,
1385 3185 1476 3255 ΝΜ»
1508 3257 1515 3270 ,

82 3286 110 3325 m
855 3260 883 3310 et
898 3271 1163 3327 unnsquisqueaas
1178 3257 1389 3315 interiectionis
1402 3258 1492 3314 habet
1506 3273 1536 3312 in
1551 3272 1641 3313 manu

82 3311 266 3397 at’statutnm
287 3339 468 3414 idoluszeli
490 3339 526 3395 ad
551 3337 764 3410 provocandam
891 3343 955 3382 8¹1⁸·
1032 3397 1065 3409 ..
1139 3399 1145 3411 ‚
1321 3400 1327 3412 ,
1558 3398 1565 3411 ·
1604 3399 1610 3411 ι

82 3411 242 3482 stationem,
819 3399 853 3454 iit
867 3413 933 3454 ecce
947 3413 998 3454 sex
1012 3413 1066 3453 viri
1081 3398 1236 3455 veniebant
1251 3401 1287 3455 de
1301 3417 1348 3456 via
1363 3404 1452 3472 porta
1468 3414 1641 3475 superioris,

83 3484 113 3539 bi
126 3484 220 3556 gloria
235 3485 283 3540 001
300 3483 399 3553 lsrael,
889 3485 953 3542 que
969 3469 1088 3554 respicit
1101 3472 1137 3526 ad
1154 3470 1343 3554 aquilonem:
1362 3543 1369 3556 .

82 3557 141 3611 ium
155 3555 309 3622 visionem,
327 3572 416 3627 quom
431 3553 558 3610 videram
575 3552 603 3608 in
620 3567 734 3623 campo,
854 3545 883 3596 et
899 3557 1102 3615 unusquisque
1129 3559 1180 3598 vas
1208 3548 1346 3600 interitus
1361 3560 1391 3599 in
1405 3559 1497 3599 manu
1513 3543 1577 3614 ejus
1593 3560 1601 3598 :

82 3628 116 3683 ad
132 3643 179 3682 me
195 3643 202 3681 :
817 3622 865 3680 Vir
879 3637 997 3693 quoque
1013 3638 1091 3678 unus
1105 3623 1135 3678 in
1152 3623 1248 3678 medio
1267 3639 1369 3679 eorum
1384 3622 1507 3680 vestitus
1521 3621 1619 3690 lineis,
1645 3678 1649 3686 ,

82 3698 150 3764 inis,
851 3697 880 3749 et
894 3693 1138 3749 atramentarium
1152 3693 1305 3767 scriptoris
1319 3696 1355 3750 ad
1371 3711 1456 3751 renes
1469 3693 1545 3765 ejus.

82 3770 155 3825 iulos
171 3774 237 3825 tuos
253 3769 288 3825 aii
305 3770 379 3826 viam
396 3766 543 3840 aquilonis
559 3782 566 3822 :
816 3765 850 3819 at
865 3763 990 3836 ingressi
1006 3768 1086 3833 sunt,

97 3840 196 3898 oculos
212 3857 292 3897 meos
307 3842 342 3895 ad
356 3841 432 3896 viam
448 3838 596 3911 aquilonis
612 3855 619 3894 ι
851 3839 881 3891 et
895 3839 1039 3890 steterunt
1050 3835 1136 3917 juxta
1150 3834 1241 3890 altare
1255 3851 1362 3890 ereum
1377 3852 1384 3891 ε

82 3914 135 3968 aab
150 3912 286 3983 aquilone
302 3917 390 3984 porte
405 3911 517 3980 altaris,
816 3908 851 3963 iii
865 3904 958 3978 gloria
980 3905 1094 3962 Domini
1111 3905 1162 3974 (Al.
1179 3907 1241 3979 Dei)
1261 3906 1350 3962 lsrael
1374 3908 1527 3978 assumpta
1542 3907 1586 3960 est
1602 3904 1638 3960 de

82 3983 157 4040 izeli
173 3985 203 4039 in
218 3984 282 4055 ipso
297 3983 428 4051 introitu,
888 3975 1009 4047 cherub,

82 4062 117 4118 od
133 4078 178 4118 ma,
196 4080 202 4118 :
853 4065 917 4120 qiiae
931 4052 994 4103 erat
1008 4062 1177 4120 supereum
1192 4049 1227 4105 ad
1243 4050 1331 4105 limen
1347 4049 1454 4104 domus
1470 4066 1477 4105 :

82 4134 150 4197 inis,
819 4126 1100 4195 uerecundiam,
1117 4128 1169 4200 qui
1188 4129 1309 4184 indutus
1324 4130 1386 4184 erat
1407 4126 1503 4197 lineis,
1518 4130 1548 4182 et
1563 4128 1642 4182 atra·

82 4222 114 4271 ie,
126 4205 207 4260 vides
218 4205 331 4277 tulquid
344 4204 392 4260 isti
403 4204 521 4274 iaciant,
533 4198 765 4257 abominationes
892 4197 1069 4279 monterium
1085 4199 1143 4254 scri
1165 4199 1237 4256 toris
1257 4200 1385 4256 habebat
1400 4199 1430 4254 in
1446 4197 1554 4255 lumbis
1569 4197 1643 4254 suis.

82 4293 150 4344 nas,
820 4271 855 4326 iii
869 4270 943 4325 dixit
958 4269 1133 4325 Dominusa
1168 4286 1261 4327 eum:

82 4350 174 4404 lomus
195 4347 283 4403 lsrael
300 4346 442 4416 iselthin,
457 4349 491 4402 ut
505 4342 607 4417 prooul
629 4341 766 4399 recedam
821 4348 925 4405 Transi
940 4363 992 4419 par
1006 4349 1133 4406 mediam
1150 4350 1298 4407 civitatem
1314 4352 1343 4407 in
1355 4346 1644 4407 mediotsruealem:

81 4418 215 4476 actuario
230 4419 319 4474 meo?
402 4486 408 4498 ἢ
536 4487 541 4497 .
599 4485 605 4496 .
857 4424 886 4476 et
901 4418 1068 4491 signathau
1080 4437 1169 4495 super
1184 4422 1448 4479 frontemvirorum
1464 4416 1644 4504 gementium

83 4507 117 4546 uc
141 4505 299 4545 conversus
313 4488 426 4544 videbis
445 4486 679 4543 abominationes
703 4494 806 4558 ΠΜ)
892 4495 920 4547 et
943 4489 1106 4547 dolentium
1127 4509 1214 4562 super
1237 4496 1351 4550 cunctis
1374 4490 1647 4550 abominationibus

82 4578 158 4686 inxit
172 4647 220 4687 me
234 4630 269 4685 ad
285 4629 394 4686 ostium
410 4627 477 4683 atrii
493 4643 500 4681 :
821 4638 855 4690 Et
869 4560 1292 4702 ilggelgptptuffdffigfflonpgns.

97 4709 125 4758 ⁰²
140 4717 205 4757 0⁰00
220 4701 352 4758 f⁰r¹1ffl01²
368 4715 461 4755 unum
477 4698 507 4753 5¹¹
522 4696 643 4770 parieti·
822 4711 957 4770 Transito
967 4726 1019 4783 per
1029 4711 1175 4771 civitatem
1187 4724 1357 4787 sequentem
1368 4718 1480 4783 eum,et
1489 4711 1646 4786 percutite:

83 4772 120 4828 ad
136 4788 183 4828 iiio
199 4788 207 4826 τ
858 4799 915 4839 non
932 4786 1032 4855 parcat
1046 4784 1150 4842 oculus
1165 4791 1271 4856 vester,
1286 4803 1382 4859 neque
1398 4783 1610 4843 misereamini.

82 4850 154 4918 inis,
168 4851 234 4906 fode
248 4850 400 4922 parietem.
822 4859 937 4921 Senem,
953 4852 1217 4926 adolescentulum,

81 4922 270 5003 perfodissem
287 4920 441 4993 parietem,
858 4929 887 5006 et
899 4923 1053 5049 virginem,
1069 4927 1235 4998 parvulum,
1251 4932 1279 4984 et
1295 4929 1445 4997 mulieres,

82 4993 121 5048 iit
134 4997 244 5048 ostium
260 5007 364 5047 unum.
857 4999 935 5051 inter
958 4998 1014 5052 cite
1028 5012 1123 5068 usque
1137 4999 1173 5055 ad
1189 4999 1418 5056 internecionem
1435 5017 1443 5067 ;

83 5060 107 5118 it
121 5062 156 5118 sd
173 5077 244 5143 me:
376 5130 382 5143 Ι
438 5129 445 5142 .
606 5125 612 5139 ,
822 5075 946 5130 Omnem
961 5081 1071 5141 autem,
1086 5092 1278 5150 superquam
1292 5079 1426 5136 videritis
1446 5077 1528 5146 thau,
1545 5089 1582 5130 ne
1597 5086 1647 5128 oo·

82 5134 148 5202 iera,
163 5137 192 5189 et
204 5132 271 5188 vide
285 5132 520 5190 abominationes
534 5141 769 5200 pessimas,quas
858 5143 975 5210 gagga,

82 5202 195 5261 iaciunt
209 5202 268 5259 bic.
858 5218 888 5270 et
902 5232 920 5270 a
934 5215 1102 5273 sanctiimio
1118 5233 1183 5276 meo
1198 5218 1331 5291 incipite.

82 5290 150 5330 sans
165 5273 236 5359 vidi,
269 5341 299 5356 ..
453 5339 482 5354 ..
697 5337 704 5349 ,
822 5285 1062 5359 Goeperuntergo
1077 5289 1177 5346 aviris
1191 5290 1359 5347 maioribus

82 5360 197 5401 somnis
209 5342 375 5400 similitudo
386 5340 537 5414 reptilium
547 5341 576 5394 et
585 5337 769 5409 animalium,
858 5355 908 5426 qui
924 5359 1007 5411 θηῃι
1022 5360 1089 5414 ano,
1103 5360 1207 5418 faciem
1222 5362 1338 5419 domm,

82 5415 213 5482 minatio,
561 5479 567 5493 ‚
741 5477 747 5490 ,
822 5425 858 5481 aa
871 5425 946 5481 dixit
960 5427 996 5482 ad
1012 5441 1086 5485 eos:

82 5501 163 5542 varsa
177 5483 257 5541 idola
278 5484 385 5541 domus
399 5479 489 5539 lsrael
502 5481 618 5552 depicta
640 5481 727 5535 erant
738 5494 771 5535 in
822 5495 1023 5553 Contaminata
1038 5498 1171 5569 domum,

82 5561 129 5646 ete
142 5556 173 5612 in
188 5554 313 5646 circuitu
333 5570 384 5644 pei·
396 5557 504 5644 totum·
858 5570 888 5623 et
900 5566 1022 5650 implete
1036 5570 1110 5626 atria
1123 5571 1285 5630 interiectis
1301 5588 1310 5629 ι

83 5638 185 5707 aginta
198 5650 254 5688 viri
267 5632 303 5689 de
317 5632 483 5690 semoribus
498 5630 603 5686 domus
618 5628 719 5701 lsrael,
858 5636 1055 5709 egredimini:
1099 5652 1102 5659 ’

82 5704 161 5762 onias
176 5704 257 5760 illins
269 5702 388 5774 Saphar
403 5703 501 5759 stabat
514 5699 544 5755 in
558 5699 655 5756 madio
669 5716 769 5760 eorum
822 5707 859 5764 at
872 5707 981 5778 egressi
996 5714 1076 5778 sunt,

82 5775 165 5833 itiam
180 5779 248 5832 ante
261 5773 392 5846 picturas
407 5788 416 5832 t
858 5782 887 5834 et
900 5779 1083 5849 percutiebat
1096 5797 1146 5838 eos
1162 5781 1213 5854 qni
1228 5785 1312 5840 erant
1325 5782 1356 5838 in
1370 5781 1503 5839 civitate.
