<?xml version="1.0" encoding="UTF-8"?>
<!DOCTYPE html PUBLIC "-//W3C//DTD XHTML 1.0 Transitional//EN"
    "http://www.w3.org/TR/xhtml1/DTD/xhtml1-transitional.dtd">
<html xmlns="http://www.w3.org/1999/xhtml" xml:lang="en" lang="en">
 <head>
  <title>
</title>
<meta http-equiv="Content-Type" content="text/html;charset=utf-8" />
  <meta name='ocr-system' content='tesseract 3.04.00' />
  <meta name='ocr-capabilities' content='ocr_page ocr_carea ocr_par ocr_line ocrx_word'/>
</head>
<body>
  <div class='ocr_page' id='page_1' title='image "./patrologiaecurs13goog_0233.png"; bbox 0 0 3870 6120; ppageno 0'>
   <div class='ocr_carea' id='block_1_1' title="bbox 167 306 1871 419">
    <p class='ocr_par' dir='ltr' id='par_1_1' title="bbox 167 306 1871 419">
     <span class='ocr_line' id='line_1_1' title="bbox 167 306 1871 419; baseline -0.003 -50"><span class='ocrx_word' id='word_1_1' title='bbox 167 309 221 419; x_wconf 50' lang='lat'>439</span> <span class='ocrx_word' id='word_1_2' title='bbox 684 311 715 366; x_wconf 75' lang='lat' dir='ltr'>S.</span> <span class='ocrx_word' id='word_1_3' title='bbox 735 308 940 366; x_wconf 76' lang='lat' dir='ltr'>utunonnut</span> <span class='ocrx_word' id='word_1_4' title='bbox 957 309 1086 365; x_wconf 77' lang='lat' dir='ltr'>mutua</span> <span class='ocrx_word' id='word_1_5' title='bbox 1104 307 1354 365; x_wconf 77' lang='lat' dir='ltr'>emtionuuctt.</span> <span class='ocrx_word' id='word_1_6' title='bbox 1816 306 1871 365; x_wconf 68' lang='lat'>⁴00</span> 
     </span>
    </p>
   </div>
   <div class='ocr_carea' id='block_1_2' title="bbox 167 431 1897 3186">
    <p class='ocr_par' dir='ltr' id='par_1_2' title="bbox 167 431 1897 3186">
     <span class='ocr_line' id='line_1_2' title="bbox 167 431 1874 513; baseline -0.005 -16"><span class='ocrx_word' id='word_1_7' title='bbox 167 440 320 513; x_wconf 90' lang='lat' dir='ltr'>populum,</span> <span class='ocrx_word' id='word_1_8' title='bbox 337 442 370 495; x_wconf 89' lang='lat' dir='ltr'>ut</span> <span class='ocrx_word' id='word_1_9' title='bbox 385 436 507 493; x_wconf 83' lang='lat' dir='ltr'>audiant</span> <span class='ocrx_word' id='word_1_10' title='bbox 521 449 672 491; x_wconf 85' lang='lat' dir='ltr'>sermones</span> <span class='ocrx_word' id='word_1_11' title='bbox 688 439 813 502; x_wconf 86' lang='lat' dir='ltr'>meos,et</span> <span class='ocrx_word' id='word_1_12' title='bbox 824 436 940 492; x_wconf 89' lang='lat' dir='ltr'>discant</span> <span class='ocrx_word' id='word_1_13' title='bbox 956 435 990 491; x_wconf 92' lang='lat' dir='ltr'>ti·</span> <span class='ocrx_word' id='word_1_14' title='bbox 1002 437 1029 504; x_wconf 67' lang='grc' dir='ltr'><strong>Α</strong></span> <span class='ocrx_word' id='word_1_15' title='bbox 1047 450 1111 491; x_wconf 89' lang='lat' dir='ltr'>men</span> <span class='ocrx_word' id='word_1_16' title='bbox 1128 439 1188 491; x_wconf 91' lang='lat' dir='ltr'>toto</span> <span class='ocrx_word' id='word_1_17' title='bbox 1203 434 1290 491; x_wconf 90' lang='lat' dir='ltr'>corde</span> <span class='ocrx_word' id='word_1_18' title='bbox 1305 431 1468 507; x_wconf 77' lang='lat' dir='ltr'>quesieris,</span> <span class='ocrx_word' id='word_1_19' title='bbox 1483 438 1512 491; x_wconf 91' lang='lat' dir='ltr'>et</span> <span class='ocrx_word' id='word_1_20' title='bbox 1525 438 1588 492; x_wconf 90' lang='lat' dir='ltr'>tota</span> <span class='ocrx_word' id='word_1_21' title='bbox 1615 431 1805 491; x_wconf 70' lang='lat' dir='ltr'><strong>tribulatione</strong></span> <span class='ocrx_word' id='word_1_22' title='bbox 1829 433 1874 506; x_wconf 77' lang='lat' dir='ltr'>[b.</span> 
     </span>
     <span class='ocr_line' id='line_1_3' title="bbox 168 523 1880 598; baseline -0.004 -12"><span class='ocrx_word' id='word_1_23' title='bbox 168 546 246 587; x_wconf 90' lang='lat' dir='ltr'>mera</span> <span class='ocrx_word' id='word_1_24' title='bbox 262 545 309 585; x_wconf 93' lang='lat' dir='ltr'>ms</span> <span class='ocrx_word' id='word_1_25' title='bbox 324 526 404 584; x_wconf 88' lang='lat' dir='ltr'>omni</span> <span class='ocrx_word' id='word_1_26' title='bbox 421 531 551 597; x_wconf 90' lang='lat' dir='ltr'>tempore</span> <span class='ocrx_word' id='word_1_27' title='bbox 566 540 624 596; x_wconf 95' lang='lat' dir='ltr'>quo</span> <span class='ocrx_word' id='word_1_28' title='bbox 649 524 752 581; x_wconf 78' lang='lat' dir='ltr'>vivunt</span> <span class='ocrx_word' id='word_1_29' title='bbox 774 524 805 580; x_wconf 93' lang='lat' dir='ltr'>in</span> <span class='ocrx_word' id='word_1_30' title='bbox 829 530 917 594; x_wconf 82' lang='lat' dir='ltr'>terra,</span> <span class='ocrx_word' id='word_1_31' title='bbox 943 526 996 581; x_wconf 91' lang='lat' dir='ltr'>do·</span> <span class='ocrx_word' id='word_1_32' title='bbox 1051 524 1080 581; x_wconf 89' lang='lat' dir='ltr'>Si</span> <span class='ocrx_word' id='word_1_33' title='bbox 1098 528 1196 581; x_wconf 89' lang='lat' dir='ltr'>tamen</span> <span class='ocrx_word' id='word_1_34' title='bbox 1212 528 1273 580; x_wconf 88' lang='lat' dir='ltr'>toto</span> <span class='ocrx_word' id='word_1_35' title='bbox 1286 526 1368 581; x_wconf 81' lang='lat' dir='ltr'>corde</span> <span class='ocrx_word' id='word_1_36' title='bbox 1380 532 1407 582; x_wconf 85' lang='lat' dir='ltr'>et</span> <span class='ocrx_word' id='word_1_37' title='bbox 1417 525 1513 582; x_wconf 81' lang='lat' dir='ltr'>enimc</span> <span class='ocrx_word' id='word_1_38' title='bbox 1528 523 1682 598; x_wconf 69' lang='lat' dir='ltr'>quesieris</span> <span class='ocrx_word' id='word_1_39' title='bbox 1700 539 1797 581; x_wconf 77' lang='lat' dir='ltr'>euos..</span> <span class='ocrx_word' id='word_1_40' title='bbox 1821 523 1880 579; x_wconf 91' lang='lat' dir='ltr'>tri·</span> 
     </span>
     <span class='ocr_line' id='line_1_4' title="bbox 169 607 1882 690; baseline -0.004 -14"><span class='ocrx_word' id='word_1_41' title='bbox 169 623 310 690; x_wconf 73' lang='lat' dir='ltr'>certatque</span> <span class='ocrx_word' id='word_1_42' title='bbox 325 616 401 671; x_wconf 88' lang='lat' dir='ltr'>lilios</span> <span class='ocrx_word' id='word_1_43' title='bbox 415 614 533 671; x_wconf 79' lang='lat' dir='ltr'>suosiit</span> <span class='ocrx_word' id='word_1_44' title='bbox 549 613 716 670; x_wconf 76' lang='lat' dir='ltr'>accessistis</span> <span class='ocrx_word' id='word_1_45' title='bbox 729 614 815 684; x_wconf 70' lang='lat' dir='ltr'>[hut</span> <span class='ocrx_word' id='word_1_46' title='bbox 829 613 998 671; x_wconf 84' lang='lat' dir='ltr'>accessistis</span> <span class='ocrx_word' id='word_1_47' title='bbox 1051 611 1164 669; x_wconf 91' lang='lat' dir='ltr'>bulatio</span> <span class='ocrx_word' id='word_1_48' title='bbox 1180 607 1246 675; x_wconf 89' lang='lat' dir='ltr'><strong>h...[</strong></span> <span class='ocrx_word' id='word_1_49' title='bbox 1260 612 1365 669; x_wconf 82' lang='lat' dir='ltr'>anima</span> <span class='ocrx_word' id='word_1_50' title='bbox 1380 617 1448 670; x_wconf 80' lang='lat' dir='ltr'>tua.</span> <span class='ocrx_word' id='word_1_51' title='bbox 1474 613 1635 685; x_wconf 88' lang='lat' dir='ltr'>Postquam</span> <span class='ocrx_word' id='word_1_52' title='bbox 1658 617 1688 669; x_wconf 90' lang='lat' dir='ltr'>te</span> <span class='ocrx_word' id='word_1_53' title='bbox 1712 610 1882 670; x_wconf 82' lang='lat' dir='ltr'>inuenerint</span> 
     </span>
     <span class='ocr_line' id='line_1_5' title="bbox 172 701 1880 776; baseline -0.004 -11"><span class='ocrx_word' id='word_1_54' title='bbox 172 712 201 765; x_wconf 91' lang='lat' dir='ltr'>et</span> <span class='ocrx_word' id='word_1_55' title='bbox 216 704 349 776; x_wconf 87' lang='lat' dir='ltr'>stetistis]</span> <span class='ocrx_word' id='word_1_56' title='bbox 364 705 400 760; x_wconf 95' lang='lat' dir='ltr'>ad</span> <span class='ocrx_word' id='word_1_57' title='bbox 411 703 524 760; x_wconf 82' lang='lat' dir='ltr'>radices</span> <span class='ocrx_word' id='word_1_58' title='bbox 539 702 711 775; x_wconf 71' lang='lat' dir='ltr'>stantisqui</span> <span class='ocrx_word' id='word_1_59' title='bbox 723 703 843 760; x_wconf 85' lang='lat' dir='ltr'>ardebat</span> <span class='ocrx_word' id='word_1_60' title='bbox 856 702 996 776; x_wconf 88' lang='lat' dir='ltr'>usquead</span> <span class='ocrx_word' id='word_1_61' title='bbox 1052 701 1151 758; x_wconf 87' lang='lat' dir='ltr'>omnia</span> <span class='ocrx_word' id='word_1_62' title='bbox 1165 718 1228 773; x_wconf 81' lang='lat' dir='ltr'>quae</span> <span class='ocrx_word' id='word_1_63' title='bbox 1244 703 1382 774; x_wconf 79' lang='lat' dir='ltr'>predicta</span> <span class='ocrx_word' id='word_1_64' title='bbox 1397 705 1479 771; x_wconf 91' lang='lat' dir='ltr'>suut,</span> <span class='ocrx_word' id='word_1_65' title='bbox 1495 701 1656 759; x_wconf 72' lang='lat' dir='ltr'>novmsimo</span> <span class='ocrx_word' id='word_1_66' title='bbox 1672 704 1809 774; x_wconf 83' lang='lat' dir='ltr'>tempore</span> <span class='ocrx_word' id='word_1_67' title='bbox 1832 717 1880 758; x_wconf 89' lang='lat' dir='ltr'>rs·</span> 
     </span>
     <span class='ocr_line' id='line_1_6' title="bbox 174 790 1879 864; baseline -0.002 -13"><span class='ocrx_word' id='word_1_68' title='bbox 174 794 279 852; x_wconf 83' lang='lat' dir='ltr'>emtum</span> <span class='ocrx_word' id='word_1_69' title='bbox 296 811 303 848; x_wconf 91' lang='lat'><strong>:</strong></span> <span class='ocrx_word' id='word_1_70' title='bbox 320 797 462 864; x_wconf 87' lang='lat' dir='ltr'>erantque</span> <span class='ocrx_word' id='word_1_71' title='bbox 475 792 504 848; x_wconf 92' lang='lat' dir='ltr'>in</span> <span class='ocrx_word' id='word_1_72' title='bbox 520 808 552 848; x_wconf 92' lang='lat' dir='ltr'>ec</span> <span class='ocrx_word' id='word_1_73' title='bbox 569 793 708 861; x_wconf 78' lang='lat' dir='ltr'>tenebris,</span> <span class='ocrx_word' id='word_1_74' title='bbox 723 791 828 859; x_wconf 74' lang='lat' dir='ltr'>nubes,</span> <span class='ocrx_word' id='word_1_75' title='bbox 844 797 872 847; x_wconf 86' lang='lat' dir='ltr'>et</span> <span class='ocrx_word' id='word_1_76' title='bbox 891 791 996 863; x_wconf 87' lang='lat' dir='ltr'>caligo.</span> <span class='ocrx_word' id='word_1_77' title='bbox 1051 791 1172 847; x_wconf 89' lang='lat' dir='ltr'>verteris</span> <span class='ocrx_word' id='word_1_78' title='bbox 1188 790 1223 847; x_wconf 90' lang='lat' dir='ltr'>nd</span> <span class='ocrx_word' id='word_1_79' title='bbox 1243 791 1396 847; x_wconf 91' lang='lat' dir='ltr'>Dominum</span> <span class='ocrx_word' id='word_1_80' title='bbox 1408 791 1500 848; x_wconf 90' lang='lat' dir='ltr'>Deum</span> <span class='ocrx_word' id='word_1_81' title='bbox 1517 796 1644 859; x_wconf 91' lang='lat' dir='ltr'>tuum,st</span> <span class='ocrx_word' id='word_1_82' title='bbox 1657 790 1761 848; x_wconf 87' lang='lat' dir='ltr'>audies</span> <span class='ocrx_word' id='word_1_83' title='bbox 1777 806 1879 847; x_wconf 85' lang='lat' dir='ltr'>vocem</span> 
     </span>
     <span class='ocr_line' id='line_1_7' title="bbox 176 878 1878 955; baseline -0.004 -15"><span class='ocrx_word' id='word_1_84' title='bbox 176 884 360 955; x_wconf 73' lang='lat' dir='ltr'>uocatusque</span> <span class='ocrx_word' id='word_1_85' title='bbox 375 887 419 938; x_wconf 90' lang='lat' dir='ltr'>cst</span> <span class='ocrx_word' id='word_1_86' title='bbox 434 882 577 937; x_wconf 86' lang='lat' dir='ltr'>Dominus</span> <span class='ocrx_word' id='word_1_87' title='bbox 592 881 627 937; x_wconf 90' lang='lat' dir='ltr'>ad</span> <span class='ocrx_word' id='word_1_88' title='bbox 652 897 703 937; x_wconf 89' lang='lat' dir='ltr'>vos</span> <span class='ocrx_word' id='word_1_89' title='bbox 728 881 764 938; x_wconf 91' lang='lat' dir='ltr'>de</span> <span class='ocrx_word' id='word_1_90' title='bbox 789 881 884 937; x_wconf 90' lang='lat' dir='ltr'>medio</span> <span class='ocrx_word' id='word_1_91' title='bbox 909 880 997 953; x_wconf 88' lang='lat' dir='ltr'>ignis.</span> <span class='ocrx_word' id='word_1_92' title='bbox 1053 879 1206 950; x_wconf 86' lang='lat' dir='ltr'>ejus.0uio</span> <span class='ocrx_word' id='word_1_93' title='bbox 1218 884 1293 935; x_wconf 90' lang='lat' dir='ltr'>Deus</span> <span class='ocrx_word' id='word_1_94' title='bbox 1303 879 1482 948; x_wconf 89' lang='lat' dir='ltr'>misericors,</span> <span class='ocrx_word' id='word_1_95' title='bbox 1499 879 1641 936; x_wconf 82' lang='lat' dir='ltr'>Dominus</span> <span class='ocrx_word' id='word_1_96' title='bbox 1655 878 1878 937; x_wconf 88' lang='lat' dir='ltr'>Deuatunsest:</span> 
     </span>
     <span class='ocr_line' id='line_1_8' title="bbox 174 966 1880 1043; baseline -0.004 -15"><span class='ocrx_word' id='word_1_97' title='bbox 174 973 283 1030; x_wconf 90' lang='lat' dir='ltr'>Vocem</span> <span class='ocrx_word' id='word_1_98' title='bbox 297 972 453 1029; x_wconf 83' lang='lat' dir='ltr'>verborum</span> <span class='ocrx_word' id='word_1_99' title='bbox 468 972 533 1043; x_wconf 86' lang='lat' dir='ltr'>ejus</span> <span class='ocrx_word' id='word_1_100' title='bbox 548 970 685 1039; x_wconf 88' lang='lat' dir='ltr'>audietis,</span> <span class='ocrx_word' id='word_1_101' title='bbox 698 976 727 1027; x_wconf 89' lang='lat' dir='ltr'>ct</span> <span class='ocrx_word' id='word_1_102' title='bbox 743 971 866 1026; x_wconf 82' lang='lat' dir='ltr'>sormam</span> <span class='ocrx_word' id='word_1_103' title='bbox 883 969 999 1043; x_wconf 90' lang='lat' dir='ltr'>penitus</span> <span class='ocrx_word' id='word_1_104' title='bbox 1054 985 1113 1024; x_wconf 92' lang='lat' dir='ltr'>uon</span> <span class='ocrx_word' id='word_1_105' title='bbox 1128 967 1258 1024; x_wconf 73' lang='lat' dir='ltr'>dimittet</span> <span class='ocrx_word' id='word_1_106' title='bbox 1272 972 1311 1039; x_wconf 89' lang='lat' dir='ltr'>te,</span> <span class='ocrx_word' id='word_1_107' title='bbox 1328 984 1380 1025; x_wconf 90' lang='lat' dir='ltr'>neo</span> <span class='ocrx_word' id='word_1_108' title='bbox 1394 967 1516 1025; x_wconf 91' lang='lat' dir='ltr'>omnino</span> <span class='ocrx_word' id='word_1_109' title='bbox 1540 966 1660 1036; x_wconf 79' lang='lat' dir='ltr'>delebit,</span> <span class='ocrx_word' id='word_1_110' title='bbox 1682 982 1783 1040; x_wconf 87' lang='lat' dir='ltr'>neque</span> <span class='ocrx_word' id='word_1_111' title='bbox 1805 966 1880 1023; x_wconf 91' lang='lat' dir='ltr'>obli·</span> 
     </span>
     <span class='ocr_line' id='line_1_9' title="bbox 177 1055 1881 1131; baseline -0.005 -12"><span class='ocrx_word' id='word_1_112' title='bbox 177 1080 234 1119; x_wconf 91' lang='lat' dir='ltr'>non</span> <span class='ocrx_word' id='word_1_113' title='bbox 250 1061 377 1119; x_wconf 88' lang='lat' dir='ltr'>vidistis.</span> <span class='ocrx_word' id='word_1_114' title='bbox 394 1062 430 1117; x_wconf 86' lang='lat' dir='ltr'>Dt</span> <span class='ocrx_word' id='word_1_115' title='bbox 444 1059 573 1116; x_wconf 87' lang='lat' dir='ltr'>ostendit</span> <span class='ocrx_word' id='word_1_116' title='bbox 587 1060 627 1131; x_wconf 89' lang='lat' dir='ltr'>[h.</span> <span class='ocrx_word' id='word_1_117' title='bbox 643 1060 677 1115; x_wconf 82' lang='lat' dir='ltr'>ut</span> <span class='ocrx_word' id='word_1_118' title='bbox 697 1056 893 1124; x_wconf 77' lang='lat' dir='ltr'>annuntiavit]</span> <span class='ocrx_word' id='word_1_119' title='bbox 915 1058 1000 1116; x_wconf 86' lang='lat' dir='ltr'>vobis</span> <span class='ocrx_word' id='word_1_120' title='bbox 1054 1055 1182 1112; x_wconf 72' lang='lat' dir='ltr'>visseins</span> <span class='ocrx_word' id='word_1_121' title='bbox 1210 1055 1299 1128; x_wconf 90' lang='lat' dir='ltr'>pacti,</span> <span class='ocrx_word' id='word_1_122' title='bbox 1324 1057 1352 1112; x_wconf 94' lang='lat' dir='ltr'>in</span> <span class='ocrx_word' id='word_1_123' title='bbox 1376 1073 1433 1128; x_wconf 95' lang='lat' dir='ltr'>quo</span> <span class='ocrx_word' id='word_1_124' title='bbox 1453 1057 1565 1130; x_wconf 81' lang='lat' dir='ltr'>juravit</span> <span class='ocrx_word' id='word_1_125' title='bbox 1586 1055 1628 1123; x_wconf 92' lang='lat' dir='ltr'>[h.</span> <span class='ocrx_word' id='word_1_126' title='bbox 1653 1056 1732 1129; x_wconf 88' lang='lat' dir='ltr'>quod</span> <span class='ocrx_word' id='word_1_127' title='bbox 1758 1055 1881 1127; x_wconf 83' lang='lat' dir='ltr'>juravit]</span> 
     </span>
     <span class='ocr_line' id='line_1_10' title="bbox 177 1141 1883 1225; baseline -0.002 -19"><span class='ocrx_word' id='word_1_128' title='bbox 177 1155 297 1225; x_wconf 82' lang='lat' dir='ltr'>paetum</span> <span class='ocrx_word' id='word_1_129' title='bbox 313 1166 414 1217; x_wconf 85' lang='lat' dir='ltr'>snum,</span> <span class='ocrx_word' id='word_1_130' title='bbox 429 1149 507 1221; x_wconf 93' lang='lat' dir='ltr'>quod</span> <span class='ocrx_word' id='word_1_131' title='bbox 522 1147 668 1220; x_wconf 81' lang='lat' dir='ltr'>precepit,</span> <span class='ocrx_word' id='word_1_132' title='bbox 686 1151 719 1203; x_wconf 93' lang='lat' dir='ltr'>ut</span> <span class='ocrx_word' id='word_1_133' title='bbox 738 1148 880 1215; x_wconf 88' lang='lat' dir='ltr'>laceretis,</span> <span class='ocrx_word' id='word_1_134' title='bbox 906 1152 934 1204; x_wconf 91' lang='lat' dir='ltr'>et</span> <span class='ocrx_word' id='word_1_135' title='bbox 957 1146 998 1219; x_wconf 91' lang='lat' dir='ltr'>[b.</span> <span class='ocrx_word' id='word_1_136' title='bbox 1055 1145 1188 1219; x_wconf 87' lang='lat' dir='ltr'>patribus</span> <span class='ocrx_word' id='word_1_137' title='bbox 1203 1145 1275 1202; x_wconf 88' lang='lat' dir='ltr'>tuis.</span> <span class='ocrx_word' id='word_1_138' title='bbox 1288 1141 1331 1209; x_wconf 86' lang='lat' dir='ltr'>[B.</span> <span class='ocrx_word' id='word_1_139' title='bbox 1348 1145 1419 1215; x_wconf 81' lang='lat' dir='ltr'>xtt,</span> <span class='ocrx_word' id='word_1_140' title='bbox 1435 1147 1466 1204; x_wconf 89' lang='lat' dir='ltr'>C.</span> <span class='ocrx_word' id='word_1_141' title='bbox 1478 1142 1710 1219; x_wconf 85' lang='lat' dir='ltr'>XV.[lnterrcga</span> <span class='ocrx_word' id='word_1_142' title='bbox 1723 1145 1760 1202; x_wconf 88' lang='lat' dir='ltr'>da</span> <span class='ocrx_word' id='word_1_143' title='bbox 1774 1145 1883 1202; x_wconf 88' lang='lat' dir='ltr'>diebus</span> 
     </span>
     <span class='ocr_line' id='line_1_11' title="bbox 177 1233 1884 1310; baseline -0.004 -13"><span class='ocrx_word' id='word_1_144' title='bbox 177 1257 233 1297; x_wconf 89' lang='lat' dir='ltr'>non</span> <span class='ocrx_word' id='word_1_145' title='bbox 246 1237 391 1308; x_wconf 63' lang='lat' dir='ltr'>habetet]</span> <span class='ocrx_word' id='word_1_146' title='bbox 403 1238 504 1294; x_wconf 86' lang='lat' dir='ltr'>decem</span> <span class='ocrx_word' id='word_1_147' title='bbox 521 1237 691 1309; x_wconf 68' lang='lat' dir='ltr'>verbaque</span> <span class='ocrx_word' id='word_1_148' title='bbox 707 1237 823 1310; x_wconf 78' lang='lat' dir='ltr'>scripsit</span> <span class='ocrx_word' id='word_1_149' title='bbox 841 1237 868 1292; x_wconf 91' lang='lat' dir='ltr'>in</span> <span class='ocrx_word' id='word_1_150' title='bbox 886 1236 1001 1292; x_wconf 87' lang='lat' dir='ltr'>duabus</span> <span class='ocrx_word' id='word_1_151' title='bbox 1055 1234 1195 1306; x_wconf 88' lang='lat' dir='ltr'>antiquis,</span> <span class='ocrx_word' id='word_1_152' title='bbox 1212 1234 1263 1307; x_wconf 92' lang='lat' dir='ltr'>qui</span> <span class='ocrx_word' id='word_1_153' title='bbox 1279 1233 1399 1291; x_wconf 86' lang='lat' dir='ltr'>luerunt</span> <span class='ocrx_word' id='word_1_154' title='bbox 1413 1240 1481 1291; x_wconf 91' lang='lat' dir='ltr'>aute</span> <span class='ocrx_word' id='word_1_155' title='bbox 1504 1240 1533 1292; x_wconf 89' lang='lat' dir='ltr'>te</span> <span class='ocrx_word' id='word_1_156' title='bbox 1557 1251 1593 1292; x_wconf 83' lang='lat' dir='ltr'>ex</span> <span class='ocrx_word' id='word_1_157' title='bbox 1616 1235 1664 1291; x_wconf 90' lang='lat' dir='ltr'>die</span> <span class='ocrx_word' id='word_1_158' title='bbox 1687 1250 1745 1307; x_wconf 90' lang='lat' dir='ltr'>quc</span> <span class='ocrx_word' id='word_1_159' title='bbox 1771 1233 1884 1291; x_wconf 63' lang='lat' dir='ltr'>creant</span> 
     </span>
     <span class='ocr_line' id='line_1_12' title="bbox 175 1321 1884 1400; baseline -0.003 -15"><span class='ocrx_word' id='word_1_160' title='bbox 175 1327 287 1385; x_wconf 85' lang='lat' dir='ltr'>tabulis</span> <span class='ocrx_word' id='word_1_161' title='bbox 302 1326 571 1400; x_wconf 87' lang='lat' dir='ltr'>lapideis.Mihique</span> <span class='ocrx_word' id='word_1_162' title='bbox 584 1326 735 1381; x_wconf 90' lang='lat' dir='ltr'>mundavit</span> <span class='ocrx_word' id='word_1_163' title='bbox 750 1326 780 1381; x_wconf 91' lang='lat' dir='ltr'>in</span> <span class='ocrx_word' id='word_1_164' title='bbox 795 1324 846 1381; x_wconf 90' lang='lat' dir='ltr'>illo</span> <span class='ocrx_word' id='word_1_165' title='bbox 860 1329 1000 1397; x_wconf 88' lang='lat' dir='ltr'>tempore,</span> <span class='ocrx_word' id='word_1_166' title='bbox 1055 1323 1133 1380; x_wconf 87' lang='lat' dir='ltr'>Dans</span> <span class='ocrx_word' id='word_1_167' title='bbox 1149 1323 1297 1379; x_wconf 84' lang='lat' dir='ltr'>hominem</span> <span class='ocrx_word' id='word_1_168' title='bbox 1313 1339 1403 1396; x_wconf 89' lang='lat' dir='ltr'>super</span> <span class='ocrx_word' id='word_1_169' title='bbox 1417 1328 1557 1391; x_wconf 87' lang='lat' dir='ltr'>terram,a</span> <span class='ocrx_word' id='word_1_170' title='bbox 1571 1338 1689 1380; x_wconf 89' lang='lat' dir='ltr'>summu</span> <span class='ocrx_word' id='word_1_171' title='bbox 1704 1321 1771 1379; x_wconf 86' lang='lat' dir='ltr'>ooeli</span> <span class='ocrx_word' id='word_1_172' title='bbox 1788 1339 1884 1396; x_wconf 88' lang='lat' dir='ltr'>usqua</span> 
     </span>
     <span class='ocr_line' id='line_1_13' title="bbox 178 1412 1885 1486; baseline -0.004 -11"><span class='ocrx_word' id='word_1_173' title='bbox 178 1423 211 1475; x_wconf 89' lang='lat' dir='ltr'>ut</span> <span class='ocrx_word' id='word_1_174' title='bbox 223 1418 357 1473; x_wconf 91' lang='lat' dir='ltr'>docerem</span> <span class='ocrx_word' id='word_1_175' title='bbox 372 1432 421 1472; x_wconf 87' lang='lat' dir='ltr'>vos</span> <span class='ocrx_word' id='word_1_176' title='bbox 436 1415 627 1471; x_wconf 78' lang='lat' dir='ltr'>ceremonias</span> <span class='ocrx_word' id='word_1_177' title='bbox 643 1420 671 1471; x_wconf 88' lang='lat' dir='ltr'>et</span> <span class='ocrx_word' id='word_1_178' title='bbox 681 1415 804 1486; x_wconf 87' lang='lat' dir='ltr'>judicia,</span> <span class='ocrx_word' id='word_1_179' title='bbox 821 1431 884 1486; x_wconf 81' lang='lat' dir='ltr'>qua</span> <span class='ocrx_word' id='word_1_180' title='bbox 908 1414 1002 1470; x_wconf 83' lang='lat' dir='ltr'>lacera</span> <span class='ocrx_word' id='word_1_181' title='bbox 1055 1412 1091 1469; x_wconf 88' lang='lat' dir='ltr'>ad</span> <span class='ocrx_word' id='word_1_182' title='bbox 1108 1428 1258 1468; x_wconf 91' lang='lat' dir='ltr'>summum</span> <span class='ocrx_word' id='word_1_183' title='bbox 1274 1413 1350 1483; x_wconf 89' lang='lat' dir='ltr'>ejus,</span> <span class='ocrx_word' id='word_1_184' title='bbox 1366 1412 1392 1469; x_wconf 91' lang='lat' dir='ltr'>si</span> <span class='ocrx_word' id='word_1_185' title='bbox 1408 1413 1484 1469; x_wconf 89' lang='lat' dir='ltr'>lacta</span> <span class='ocrx_word' id='word_1_186' title='bbox 1496 1416 1542 1469; x_wconf 90' lang='lat' dir='ltr'>eat</span> <span class='ocrx_word' id='word_1_187' title='bbox 1556 1412 1718 1486; x_wconf 88' lang='lat' dir='ltr'>aliquando</span> <span class='ocrx_word' id='word_1_188' title='bbox 1739 1412 1885 1484; x_wconf 81' lang='lat' dir='ltr'>hujusce·</span> 
     </span>
     <span class='ocr_line' id='line_1_14' title="bbox 178 1500 1885 1577; baseline -0.003 -14"><span class='ocrx_word' id='word_1_189' title='bbox 178 1505 323 1563; x_wconf 79' lang='lat' dir='ltr'>deberetis</span> <span class='ocrx_word' id='word_1_190' title='bbox 337 1505 366 1560; x_wconf 92' lang='lat' dir='ltr'>in</span> <span class='ocrx_word' id='word_1_191' title='bbox 383 1510 461 1562; x_wconf 86' lang='lat' dir='ltr'>terra</span> <span class='ocrx_word' id='word_1_192' title='bbox 485 1520 575 1577; x_wconf 89' lang='lat' dir='ltr'>quam</span> <span class='ocrx_word' id='word_1_193' title='bbox 599 1504 763 1576; x_wconf 85' lang='lat' dir='ltr'>possessuri</span> <span class='ocrx_word' id='word_1_194' title='bbox 789 1503 870 1560; x_wconf 88' lang='lat' dir='ltr'>ostis.</span> <span class='ocrx_word' id='word_1_195' title='bbox 896 1504 1001 1560; x_wconf 82' lang='lat' dir='ltr'>Custo—</span> <span class='ocrx_word' id='word_1_196' title='bbox 1057 1500 1136 1557; x_wconf 89' lang='lat' dir='ltr'>modi</span> <span class='ocrx_word' id='word_1_197' title='bbox 1153 1505 1263 1571; x_wconf 89' lang='lat' dir='ltr'>rcs‚aut</span> <span class='ocrx_word' id='word_1_198' title='bbox 1279 1518 1410 1574; x_wconf 91' lang='lat' dir='ltr'>unquam</span> <span class='ocrx_word' id='word_1_199' title='bbox 1423 1501 1575 1574; x_wconf 88' lang='lat' dir='ltr'>cognitum</span> <span class='ocrx_word' id='word_1_200' title='bbox 1589 1506 1681 1571; x_wconf 61' lang='lat' dir='ltr'>estat</span> <span class='ocrx_word' id='word_1_201' title='bbox 1696 1501 1815 1559; x_wconf 89' lang='lat' dir='ltr'>audiret</span> <span class='ocrx_word' id='word_1_202' title='bbox 1829 1518 1885 1574; x_wconf 86' lang='lat' dir='ltr'>po·</span> 
     </span>
     <span class='ocr_line' id='line_1_15' title="bbox 179 1587 1887 1667; baseline -0.003 -16"><span class='ocrx_word' id='word_1_203' title='bbox 179 1595 238 1651; x_wconf 90' lang='lat' dir='ltr'>dite</span> <span class='ocrx_word' id='word_1_204' title='bbox 253 1594 344 1667; x_wconf 90' lang='lat' dir='ltr'>igitur</span> <span class='ocrx_word' id='word_1_205' title='bbox 359 1592 485 1650; x_wconf 82' lang='lat' dir='ltr'>sollicite</span> <span class='ocrx_word' id='word_1_206' title='bbox 500 1592 616 1648; x_wconf 86' lang='lat' dir='ltr'>animas</span> <span class='ocrx_word' id='word_1_207' title='bbox 630 1596 751 1648; x_wconf 87' lang='lat' dir='ltr'>vestras.</span> <span class='ocrx_word' id='word_1_208' title='bbox 762 1587 903 1655; x_wconf 82' lang='lat' dir='ltr'>[D.X1,(l.</span> <span class='ocrx_word' id='word_1_209' title='bbox 920 1590 954 1647; x_wconf 84' lang='lat' dir='ltr'>lli</span> <span class='ocrx_word' id='word_1_210' title='bbox 960 1592 1003 1660; x_wconf 81' lang='grc'>[1.]</span> <span class='ocrx_word' id='word_1_211' title='bbox 1057 1589 1143 1662; x_wconf 93' lang='lat' dir='ltr'>pulus</span> <span class='ocrx_word' id='word_1_212' title='bbox 1159 1605 1256 1647; x_wconf 85' lang='lat' dir='ltr'>nocem</span> <span class='ocrx_word' id='word_1_213' title='bbox 1275 1589 1322 1646; x_wconf 90' lang='lat' dir='ltr'>Dei</span> <span class='ocrx_word' id='word_1_214' title='bbox 1339 1588 1486 1663; x_wconf 87' lang='lat' dir='ltr'>loquentis</span> <span class='ocrx_word' id='word_1_215' title='bbox 1509 1590 1546 1649; x_wconf 90' lang='lat' dir='ltr'>da</span> <span class='ocrx_word' id='word_1_216' title='bbox 1569 1590 1666 1648; x_wconf 87' lang='lat' dir='ltr'>medio</span> <span class='ocrx_word' id='word_1_217' title='bbox 1691 1589 1782 1663; x_wconf 91' lang='lat' dir='ltr'>iguis,</span> <span class='ocrx_word' id='word_1_218' title='bbox 1807 1592 1887 1646; x_wconf 87' lang='lat' dir='ltr'>sient</span> 
     </span>
     <span class='ocr_line' id='line_1_16' title="bbox 178 1677 1886 1754; baseline -0.001 -15"><span class='ocrx_word' id='word_1_219' title='bbox 178 1684 241 1739; x_wconf 92' lang='lat' dir='ltr'>Non</span> <span class='ocrx_word' id='word_1_220' title='bbox 255 1682 370 1739; x_wconf 90' lang='lat' dir='ltr'>vidistis</span> <span class='ocrx_word' id='word_1_221' title='bbox 386 1681 515 1754; x_wconf 90' lang='lat' dir='ltr'>aliquam</span> <span class='ocrx_word' id='word_1_222' title='bbox 532 1680 768 1747; x_wconf 82' lang='lat' dir='ltr'>similitudinem,</span> <span class='ocrx_word' id='word_1_223' title='bbox 784 1682 814 1737; x_wconf 91' lang='lat' dir='ltr'>in</span> <span class='ocrx_word' id='word_1_224' title='bbox 830 1681 877 1737; x_wconf 91' lang='lat' dir='ltr'>die</span> <span class='ocrx_word' id='word_1_225' title='bbox 891 1696 950 1753; x_wconf 90' lang='lat' dir='ltr'>qua</span> <span class='ocrx_word' id='word_1_226' title='bbox 965 1679 1003 1736; x_wconf 91' lang='lat' dir='ltr'>lo·</span> <span class='ocrx_word' id='word_1_227' title='bbox 1057 1685 1087 1736; x_wconf 96' lang='lat' dir='ltr'>tu</span> <span class='ocrx_word' id='word_1_228' title='bbox 1103 1680 1212 1736; x_wconf 81' lang='lat' dir='ltr'>audisti</span> <span class='ocrx_word' id='word_1_229' title='bbox 1228 1685 1256 1736; x_wconf 89' lang='lat' dir='ltr'>et</span> <span class='ocrx_word' id='word_1_230' title='bbox 1271 1680 1370 1737; x_wconf 82' lang='lat' dir='ltr'>vixisti</span> <span class='ocrx_word' id='word_1_231' title='bbox 1384 1677 1426 1744; x_wconf 89' lang='lat' dir='ltr'>[b.</span> <span class='ocrx_word' id='word_1_232' title='bbox 1443 1685 1472 1736; x_wconf 91' lang='lat' dir='ltr'>et</span> <span class='ocrx_word' id='word_1_233' title='bbox 1487 1679 1568 1751; x_wconf 83' lang='lat' dir='ltr'>vixit]</span> <span class='ocrx_word' id='word_1_234' title='bbox 1583 1696 1591 1735; x_wconf 91' lang='lat'><strong>:</strong></span> <span class='ocrx_word' id='word_1_235' title='bbox 1608 1680 1633 1737; x_wconf 88' lang='lat' dir='ltr'>si</span> <span class='ocrx_word' id='word_1_236' title='bbox 1659 1680 1726 1736; x_wconf 87' lang='lat' dir='ltr'>lacit</span> <span class='ocrx_word' id='word_1_237' title='bbox 1747 1685 1829 1737; x_wconf 88' lang='lat' dir='ltr'>Deus</span> <span class='ocrx_word' id='word_1_238' title='bbox 1854 1685 1886 1737; x_wconf 89' lang='lat' dir='ltr'>ut</span> 
     </span>
     <span class='ocr_line' id='line_1_17' title="bbox 179 1767 1885 1842; baseline -0.002 -14"><span class='ocrx_word' id='word_1_239' title='bbox 179 1777 266 1828; x_wconf 91' lang='lat' dir='ltr'>cutus</span> <span class='ocrx_word' id='word_1_240' title='bbox 282 1775 327 1827; x_wconf 89' lang='lat' dir='ltr'>est</span> <span class='ocrx_word' id='word_1_241' title='bbox 340 1769 423 1826; x_wconf 90' lang='lat' dir='ltr'>vobis</span> <span class='ocrx_word' id='word_1_242' title='bbox 438 1769 581 1826; x_wconf 89' lang='lat' dir='ltr'>Dominus</span> <span class='ocrx_word' id='word_1_243' title='bbox 596 1769 625 1826; x_wconf 93' lang='lat' dir='ltr'>in</span> <span class='ocrx_word' id='word_1_244' title='bbox 641 1772 738 1826; x_wconf 85' lang='lat' dir='ltr'>Horeb</span> <span class='ocrx_word' id='word_1_245' title='bbox 753 1770 893 1827; x_wconf 86' lang='lat' dir='ltr'>demedio</span> <span class='ocrx_word' id='word_1_246' title='bbox 909 1768 1003 1842; x_wconf 87' lang='lat' dir='ltr'>ignis:</span> <span class='ocrx_word' id='word_1_247' title='bbox 1059 1769 1272 1842; x_wconf 80' lang='lat' dir='ltr'>ingrederetur,</span> <span class='ocrx_word' id='word_1_248' title='bbox 1289 1774 1318 1825; x_wconf 89' lang='lat' dir='ltr'>st</span> <span class='ocrx_word' id='word_1_249' title='bbox 1332 1767 1447 1826; x_wconf 84' lang='lat' dir='ltr'>tolleret</span> <span class='ocrx_word' id='word_1_250' title='bbox 1462 1768 1519 1825; x_wconf 93' lang='lat' dir='ltr'>sibi</span> <span class='ocrx_word' id='word_1_251' title='bbox 1535 1773 1651 1842; x_wconf 79' lang='lat' dir='ltr'>gentem</span> <span class='ocrx_word' id='word_1_252' title='bbox 1665 1768 1813 1826; x_wconf 87' lang='lat' dir='ltr'>demedio</span> <span class='ocrx_word' id='word_1_253' title='bbox 1833 1784 1885 1825; x_wconf 87' lang='lat' dir='ltr'>na·</span> 
     </span>
     <span class='ocr_line' id='line_1_18' title="bbox 180 1857 1886 1932; baseline -0.002 -14"><span class='ocrx_word' id='word_1_254' title='bbox 180 1878 214 1918; x_wconf 88' lang='lat' dir='ltr'>ne</span> <span class='ocrx_word' id='word_1_255' title='bbox 229 1861 302 1917; x_wconf 86' lang='lat' dir='ltr'>torte</span> <span class='ocrx_word' id='word_1_256' title='bbox 316 1858 429 1932; x_wconf 86' lang='lat' dir='ltr'>decepti</span> <span class='ocrx_word' id='word_1_257' title='bbox 442 1859 556 1915; x_wconf 83' lang='lat' dir='ltr'>lecistis</span> <span class='ocrx_word' id='word_1_258' title='bbox 570 1858 653 1915; x_wconf 83' lang='lat' dir='ltr'>vobis</span> <span class='ocrx_word' id='word_1_259' title='bbox 668 1858 814 1932; x_wconf 88' lang='lat' dir='ltr'>sculptam</span> <span class='ocrx_word' id='word_1_260' title='bbox 832 1857 1003 1915; x_wconf 83' lang='lat' dir='ltr'>similitudi·</span> <span class='ocrx_word' id='word_1_261' title='bbox 1060 1859 1187 1928; x_wconf 88' lang='lat' dir='ltr'>tionum,</span> <span class='ocrx_word' id='word_1_262' title='bbox 1212 1873 1264 1930; x_wconf 90' lang='lat' dir='ltr'>per</span> <span class='ocrx_word' id='word_1_263' title='bbox 1287 1859 1475 1926; x_wconf 81' lang='lat' dir='ltr'>tentationes,</span> <span class='ocrx_word' id='word_1_264' title='bbox 1499 1857 1595 1931; x_wconf 89' lang='lat' dir='ltr'>sigua,</span> <span class='ocrx_word' id='word_1_265' title='bbox 1620 1862 1709 1931; x_wconf 88' lang='lat' dir='ltr'>atque</span> <span class='ocrx_word' id='word_1_266' title='bbox 1737 1862 1886 1931; x_wconf 86' lang='lat' dir='ltr'>portenta,</span> 
     </span>
     <span class='ocr_line' id='line_1_19' title="bbox 179 1946 1887 2020; baseline -0.001 -15"><span class='ocrx_word' id='word_1_267' title='bbox 179 1966 258 2018; x_wconf 90' lang='lat' dir='ltr'>nem,</span> <span class='ocrx_word' id='word_1_268' title='bbox 275 1952 327 2004; x_wconf 89' lang='lat' dir='ltr'>ant</span> <span class='ocrx_word' id='word_1_269' title='bbox 341 1946 501 2020; x_wconf 90' lang='lat' dir='ltr'>imaginem</span> <span class='ocrx_word' id='word_1_270' title='bbox 518 1947 639 2004; x_wconf 86' lang='lat' dir='ltr'>maseuli</span> <span class='ocrx_word' id='word_1_271' title='bbox 655 1947 699 2004; x_wconf 88' lang='lat' dir='ltr'>vel</span> <span class='ocrx_word' id='word_1_272' title='bbox 719 1948 833 2004; x_wconf 77' lang='lat' dir='ltr'>lemine</span> <span class='ocrx_word' id='word_1_273' title='bbox 858 1949 899 2019; x_wconf 89' lang='lat' dir='ltr'>[h.</span> <span class='ocrx_word' id='word_1_274' title='bbox 925 1948 1004 2005; x_wconf 88' lang='lat' dir='ltr'>seul·</span> <span class='ocrx_word' id='word_1_275' title='bbox 1061 1961 1113 2018; x_wconf 91' lang='lat' dir='ltr'>per</span> <span class='ocrx_word' id='word_1_276' title='bbox 1126 1962 1268 2019; x_wconf 88' lang='lat' dir='ltr'>pugnam,</span> <span class='ocrx_word' id='word_1_277' title='bbox 1286 1951 1316 2003; x_wconf 89' lang='lat' dir='ltr'>et</span> <span class='ocrx_word' id='word_1_278' title='bbox 1341 1946 1492 2003; x_wconf 90' lang='lat' dir='ltr'>robustam</span> <span class='ocrx_word' id='word_1_279' title='bbox 1518 1962 1649 2018; x_wconf 84' lang='lat' dir='ltr'>manum,</span> <span class='ocrx_word' id='word_1_280' title='bbox 1673 1949 1887 2019; x_wconf 81' lang='lat' dir='ltr'>extentumque</span> 
     </span>
     <span class='ocr_line' id='line_1_20' title="bbox 178 2034 1887 2112; baseline -0.001 -18"><span class='ocrx_word' id='word_1_281' title='bbox 178 2043 258 2112; x_wconf 87' lang='lat' dir='ltr'>ptam</span> <span class='ocrx_word' id='word_1_282' title='bbox 276 2035 502 2094; x_wconf 88' lang='lat' dir='ltr'>similitudinem</span> <span class='ocrx_word' id='word_1_283' title='bbox 519 2036 601 2107; x_wconf 92' lang='lat' dir='ltr'>idoli,</span> <span class='ocrx_word' id='word_1_284' title='bbox 618 2035 777 2109; x_wconf 85' lang='lat' dir='ltr'>imaginem</span> <span class='ocrx_word' id='word_1_285' title='bbox 803 2037 937 2105; x_wconf 89' lang='lat' dir='ltr'>masculi,</span> <span class='ocrx_word' id='word_1_286' title='bbox 966 2034 1006 2092; x_wconf 69' lang='lat' dir='ltr'>:vot</span> <span class='ocrx_word' id='word_1_287' title='bbox 1061 2035 1225 2104; x_wconf 87' lang='lat' dir='ltr'>brachium,</span> <span class='ocrx_word' id='word_1_288' title='bbox 1241 2042 1270 2092; x_wconf 89' lang='lat' dir='ltr'>et</span> <span class='ocrx_word' id='word_1_289' title='bbox 1284 2034 1440 2092; x_wconf 88' lang='lat' dir='ltr'>horribiles</span> <span class='ocrx_word' id='word_1_290' title='bbox 1454 2034 1689 2108; x_wconf 83' lang='lat' dir='ltr'>visiunea,juxta</span> <span class='ocrx_word' id='word_1_291' title='bbox 1703 2035 1805 2093; x_wconf 82' lang='lat' dir='ltr'>omnia</span> <span class='ocrx_word' id='word_1_292' title='bbox 1823 2052 1887 2108; x_wconf 77' lang='lat' dir='ltr'>qua</span> 
     </span>
     <span class='ocr_line' id='line_1_21' title="bbox 180 2123 1886 2199; baseline 0 -17"><span class='ocrx_word' id='word_1_293' title='bbox 180 2125 318 2194; x_wconf 81' lang='lat' dir='ltr'>lemine[,</span> <span class='ocrx_word' id='word_1_294' title='bbox 336 2123 559 2181; x_wconf 87' lang='lat' dir='ltr'>similitudinem</span> <span class='ocrx_word' id='word_1_295' title='bbox 577 2125 709 2180; x_wconf 90' lang='lat' dir='ltr'>omnium</span> <span class='ocrx_word' id='word_1_296' title='bbox 720 2125 924 2196; x_wconf 84' lang='lat' dir='ltr'>jumentorum</span> <span class='ocrx_word' id='word_1_297' title='bbox 943 2140 1006 2197; x_wconf 81' lang='lat' dir='ltr'>qua</span> <span class='ocrx_word' id='word_1_298' title='bbox 1062 2123 1131 2180; x_wconf 87' lang='lat' dir='ltr'>lecit</span> <span class='ocrx_word' id='word_1_299' title='bbox 1146 2140 1199 2196; x_wconf 92' lang='lat' dir='ltr'>pro</span> <span class='ocrx_word' id='word_1_300' title='bbox 1214 2125 1297 2181; x_wconf 89' lang='lat' dir='ltr'>vobis</span> <span class='ocrx_word' id='word_1_301' title='bbox 1312 2125 1455 2181; x_wconf 88' lang='lat' dir='ltr'>Dominus</span> <span class='ocrx_word' id='word_1_302' title='bbox 1477 2130 1555 2182; x_wconf 89' lang='lat' dir='ltr'>Deus</span> <span class='ocrx_word' id='word_1_303' title='bbox 1579 2130 1674 2182; x_wconf 86' lang='lat' dir='ltr'>vester</span> <span class='ocrx_word' id='word_1_304' title='bbox 1697 2124 1729 2182; x_wconf 94' lang='lat' dir='ltr'>in</span> <span class='ocrx_word' id='word_1_305' title='bbox 1752 2125 1886 2199; x_wconf 80' lang='lat' dir='ltr'>AEgypto,</span> 
     </span>
     <span class='ocr_line' id='line_1_22' title="bbox 180 2212 1888 2286; baseline 0 -14"><span class='ocrx_word' id='word_1_306' title='bbox 180 2220 250 2272; x_wconf 89' lang='lat' dir='ltr'>sunt</span> <span class='ocrx_word' id='word_1_307' title='bbox 265 2217 488 2286; x_wconf 88' lang='lat' dir='ltr'>superterram,</span> <span class='ocrx_word' id='word_1_308' title='bbox 501 2214 546 2269; x_wconf 81' lang='lat' dir='ltr'>vel</span> <span class='ocrx_word' id='word_1_309' title='bbox 563 2213 662 2269; x_wconf 79' lang='lat' dir='ltr'>atium</span> <span class='ocrx_word' id='word_1_310' title='bbox 677 2215 734 2270; x_wconf 90' lang='lat' dir='ltr'>sub</span> <span class='ocrx_word' id='word_1_311' title='bbox 749 2213 820 2269; x_wconf 74' lang='lat' dir='ltr'>cralo</span> <span class='ocrx_word' id='word_1_312' title='bbox 832 2212 1009 2283; x_wconf 84' lang='lat' dir='ltr'>volantium,</span> <span class='ocrx_word' id='word_1_313' title='bbox 1062 2214 1229 2270; x_wconf 83' lang='lat' dir='ltr'>videntibus</span> <span class='ocrx_word' id='word_1_314' title='bbox 1240 2213 1333 2270; x_wconf 89' lang='lat' dir='ltr'>oculis</span> <span class='ocrx_word' id='word_1_315' title='bbox 1344 2215 1425 2271; x_wconf 90' lang='lat' dir='ltr'>tuis:</span> <span class='ocrx_word' id='word_1_316' title='bbox 1442 2217 1474 2270; x_wconf 91' lang='lat' dir='ltr'>ut</span> <span class='ocrx_word' id='word_1_317' title='bbox 1484 2213 1575 2271; x_wconf 90' lang='lat' dir='ltr'>scires</span> <span class='ocrx_word' id='word_1_318' title='bbox 1589 2214 1728 2285; x_wconf 88' lang='lat' dir='ltr'>quoniam</span> <span class='ocrx_word' id='word_1_319' title='bbox 1745 2215 1888 2273; x_wconf 73' lang='lat' dir='ltr'>neutras</span> 
     </span>
     <span class='ocr_line' id='line_1_23' title="bbox 181 2301 1888 2381; baseline -0.001 -20"><span class='ocrx_word' id='word_1_320' title='bbox 181 2309 269 2376; x_wconf 91' lang='lat' dir='ltr'>atque</span> <span class='ocrx_word' id='word_1_321' title='bbox 285 2301 432 2375; x_wconf 84' lang='lat' dir='ltr'>reptilium</span> <span class='ocrx_word' id='word_1_322' title='bbox 450 2318 515 2375; x_wconf 84' lang='lat' dir='ltr'>quae</span> <span class='ocrx_word' id='word_1_323' title='bbox 531 2307 685 2358; x_wconf 89' lang='lat' dir='ltr'>moventur</span> <span class='ocrx_word' id='word_1_324' title='bbox 699 2304 729 2358; x_wconf 88' lang='lat' dir='ltr'>in</span> <span class='ocrx_word' id='word_1_325' title='bbox 752 2306 841 2373; x_wconf 89' lang='lat' dir='ltr'>terra,</span> <span class='ocrx_word' id='word_1_326' title='bbox 869 2304 929 2359; x_wconf 88' lang='lat' dir='ltr'>sive</span> <span class='ocrx_word' id='word_1_327' title='bbox 949 2301 1009 2375; x_wconf 91' lang='lat' dir='ltr'>pis·</span> <span class='ocrx_word' id='word_1_328' title='bbox 1063 2303 1127 2376; x_wconf 90' lang='lat' dir='ltr'>ipse</span> <span class='ocrx_word' id='word_1_329' title='bbox 1141 2307 1186 2358; x_wconf 85' lang='lat' dir='ltr'>ost</span> <span class='ocrx_word' id='word_1_330' title='bbox 1202 2308 1287 2373; x_wconf 90' lang='lat' dir='ltr'>Deus,</span> <span class='ocrx_word' id='word_1_331' title='bbox 1303 2307 1331 2360; x_wconf 90' lang='lat' dir='ltr'>et</span> <span class='ocrx_word' id='word_1_332' title='bbox 1344 2319 1401 2359; x_wconf 92' lang='lat' dir='ltr'>nou</span> <span class='ocrx_word' id='word_1_333' title='bbox 1416 2307 1460 2360; x_wconf 88' lang='lat' dir='ltr'>est</span> <span class='ocrx_word' id='word_1_334' title='bbox 1475 2303 1551 2359; x_wconf 88' lang='lat' dir='ltr'>alins</span> <span class='ocrx_word' id='word_1_335' title='bbox 1567 2307 1670 2376; x_wconf 77' lang='lat' dir='ltr'>preter</span> <span class='ocrx_word' id='word_1_336' title='bbox 1694 2320 1787 2360; x_wconf 88' lang='lat' dir='ltr'>unum</span> <span class='ocrx_word' id='word_1_337' title='bbox 1813 2307 1822 2342; x_wconf 92' lang='lat'>¹</span> <span class='ocrx_word' id='word_1_338' title='bbox 1846 2304 1888 2381; x_wconf 89' lang='lat' dir='ltr'>[b.</span> 
     </span>
     <span class='ocr_line' id='line_1_24' title="bbox 184 2387 1888 2464; baseline 0.001 -15"><span class='ocrx_word' id='word_1_339' title='bbox 184 2393 274 2460; x_wconf 90' lang='lat' dir='ltr'>cium,</span> <span class='ocrx_word' id='word_1_340' title='bbox 291 2391 342 2464; x_wconf 94' lang='lat' dir='ltr'>qui</span> <span class='ocrx_word' id='word_1_341' title='bbox 357 2392 412 2447; x_wconf 90' lang='lat' dir='ltr'>sub</span> <span class='ocrx_word' id='word_1_342' title='bbox 427 2395 506 2447; x_wconf 88' lang='lat' dir='ltr'>terra</span> <span class='ocrx_word' id='word_1_343' title='bbox 522 2396 674 2447; x_wconf 88' lang='lat' dir='ltr'>morantur</span> <span class='ocrx_word' id='word_1_344' title='bbox 693 2391 722 2448; x_wconf 90' lang='lat' dir='ltr'>in</span> <span class='ocrx_word' id='word_1_345' title='bbox 747 2392 843 2464; x_wconf 87' lang='lat' dir='ltr'>aquis.</span> <span class='ocrx_word' id='word_1_346' title='bbox 869 2394 912 2463; x_wconf 88' lang='lat' dir='ltr'>[D.</span> <span class='ocrx_word' id='word_1_347' title='bbox 938 2387 1010 2456; x_wconf 85' lang='lat' dir='ltr'>x11.]</span> <span class='ocrx_word' id='word_1_348' title='bbox 1065 2395 1171 2464; x_wconf 81' lang='lat' dir='ltr'>prater</span> <span class='ocrx_word' id='word_1_349' title='bbox 1184 2390 1273 2458; x_wconf 88' lang='lat' dir='ltr'>cum].</span> <span class='ocrx_word' id='word_1_350' title='bbox 1289 2392 1415 2449; x_wconf 71' lang='lat' dir='ltr'>Dentato</span> <span class='ocrx_word' id='word_1_351' title='bbox 1431 2400 1457 2448; x_wconf 94' lang='lat' dir='ltr'>te</span> <span class='ocrx_word' id='word_1_352' title='bbox 1472 2391 1539 2449; x_wconf 86' lang='lat' dir='ltr'>lecit</span> <span class='ocrx_word' id='word_1_353' title='bbox 1553 2392 1655 2448; x_wconf 91' lang='lat' dir='ltr'>audire</span> <span class='ocrx_word' id='word_1_354' title='bbox 1670 2407 1770 2449; x_wconf 85' lang='lat' dir='ltr'>vocem</span> <span class='ocrx_word' id='word_1_355' title='bbox 1790 2409 1888 2463; x_wconf 90' lang='lat' dir='ltr'>suam,</span> 
     </span>
     <span class='ocr_line' id='line_1_25' title="bbox 186 2479 1887 2555; baseline 0 -16"><span class='ocrx_word' id='word_1_356' title='bbox 186 2482 228 2539; x_wconf 88' lang='lat' dir='ltr'>Ne</span> <span class='ocrx_word' id='word_1_357' title='bbox 245 2483 317 2536; x_wconf 89' lang='lat' dir='ltr'>lorte</span> <span class='ocrx_word' id='word_1_358' title='bbox 331 2481 372 2552; x_wconf 85' lang='lat' dir='ltr'>[h.</span> <span class='ocrx_word' id='word_1_359' title='bbox 388 2480 423 2535; x_wconf 87' lang='lat' dir='ltr'>Dt</span> <span class='ocrx_word' id='word_1_360' title='bbox 439 2495 474 2534; x_wconf 86' lang='lat' dir='ltr'>ne</span> <span class='ocrx_word' id='word_1_361' title='bbox 490 2480 571 2548; x_wconf 81' lang='lat' dir='ltr'>torte)</span> <span class='ocrx_word' id='word_1_362' title='bbox 587 2479 707 2536; x_wconf 83' lang='lat' dir='ltr'>elevatis</span> <span class='ocrx_word' id='word_1_363' title='bbox 722 2480 816 2537; x_wconf 89' lang='lat' dir='ltr'>oculis</span> <span class='ocrx_word' id='word_1_364' title='bbox 832 2482 868 2537; x_wconf 87' lang='lat' dir='ltr'>ad</span> <span class='ocrx_word' id='word_1_365' title='bbox 893 2479 1010 2546; x_wconf 86' lang='lat' dir='ltr'>coelum,</span> <span class='ocrx_word' id='word_1_366' title='bbox 1066 2487 1100 2537; x_wconf 92' lang='lat' dir='ltr'>ut</span> <span class='ocrx_word' id='word_1_367' title='bbox 1114 2481 1231 2536; x_wconf 86' lang='lat' dir='ltr'>doceret</span> <span class='ocrx_word' id='word_1_368' title='bbox 1246 2487 1283 2537; x_wconf 91' lang='lat' dir='ltr'>te:</span> <span class='ocrx_word' id='word_1_369' title='bbox 1294 2485 1322 2536; x_wconf 90' lang='lat' dir='ltr'>et</span> <span class='ocrx_word' id='word_1_370' title='bbox 1335 2481 1365 2536; x_wconf 92' lang='lat' dir='ltr'>in</span> <span class='ocrx_word' id='word_1_371' title='bbox 1382 2488 1458 2537; x_wconf 89' lang='lat' dir='ltr'>terre</span> <span class='ocrx_word' id='word_1_372' title='bbox 1474 2480 1601 2537; x_wconf 86' lang='lat' dir='ltr'>ostendit</span> <span class='ocrx_word' id='word_1_373' title='bbox 1614 2481 1668 2537; x_wconf 92' lang='lat' dir='ltr'>tibi</span> <span class='ocrx_word' id='word_1_374' title='bbox 1684 2482 1785 2555; x_wconf 91' lang='lat' dir='ltr'>iguem</span> <span class='ocrx_word' id='word_1_375' title='bbox 1801 2499 1887 2539; x_wconf 88' lang='lat' dir='ltr'>snum</span> 
     </span>
     <span class='ocr_line' id='line_1_26' title="bbox 188 2568 1889 2645; baseline 0.001 -19"><span class='ocrx_word' id='word_1_376' title='bbox 188 2570 287 2626; x_wconf 84' lang='lat' dir='ltr'>videas</span> <span class='ocrx_word' id='word_1_377' title='bbox 303 2568 390 2625; x_wconf 89' lang='lat' dir='ltr'>solem</span> <span class='ocrx_word' id='word_1_378' title='bbox 407 2568 699 2634; x_wconf 90' lang='lat' dir='ltr'>etlunam,etnmnia</span> <span class='ocrx_word' id='word_1_379' title='bbox 710 2569 1012 2638; x_wconf 85' lang='lat' dir='ltr'>astracmli,eterrore</span> <span class='ocrx_word' id='word_1_380' title='bbox 1066 2569 1241 2639; x_wconf 85' lang='lat' dir='ltr'>maximum,</span> <span class='ocrx_word' id='word_1_381' title='bbox 1256 2574 1284 2625; x_wconf 89' lang='lat' dir='ltr'>ct</span> <span class='ocrx_word' id='word_1_382' title='bbox 1298 2570 1407 2626; x_wconf 88' lang='lat' dir='ltr'>audisti</span> <span class='ocrx_word' id='word_1_383' title='bbox 1423 2569 1510 2626; x_wconf 87' lang='lat' dir='ltr'>verba</span> <span class='ocrx_word' id='word_1_384' title='bbox 1525 2569 1605 2626; x_wconf 86' lang='lat' dir='ltr'>illius</span> <span class='ocrx_word' id='word_1_385' title='bbox 1620 2571 1655 2627; x_wconf 90' lang='lat' dir='ltr'>da</span> <span class='ocrx_word' id='word_1_386' title='bbox 1677 2571 1776 2628; x_wconf 89' lang='lat' dir='ltr'>medio</span> <span class='ocrx_word' id='word_1_387' title='bbox 1799 2571 1889 2645; x_wconf 86' lang='lat' dir='ltr'>iguis,</span> 
     </span>
     <span class='ocr_line' id='line_1_27' title="bbox 190 2657 1892 2734; baseline 0.001 -18"><span class='ocrx_word' id='word_1_388' title='bbox 190 2661 332 2731; x_wconf 89' lang='lat' dir='ltr'>deceptus</span> <span class='ocrx_word' id='word_1_389' title='bbox 347 2659 450 2714; x_wconf 89' lang='lat' dir='ltr'>adores</span> <span class='ocrx_word' id='word_1_390' title='bbox 465 2673 509 2727; x_wconf 85' lang='lat' dir='ltr'>ea,</span> <span class='ocrx_word' id='word_1_391' title='bbox 525 2663 554 2713; x_wconf 88' lang='lat' dir='ltr'>et</span> <span class='ocrx_word' id='word_1_392' title='bbox 569 2657 648 2714; x_wconf 89' lang='lat' dir='ltr'>colas</span> <span class='ocrx_word' id='word_1_393' title='bbox 663 2675 727 2730; x_wconf 79' lang='lat' dir='ltr'>qua</span> <span class='ocrx_word' id='word_1_394' title='bbox 742 2659 851 2714; x_wconf 86' lang='lat' dir='ltr'>creavit</span> <span class='ocrx_word' id='word_1_395' title='bbox 869 2659 1013 2716; x_wconf 87' lang='lat' dir='ltr'>Dominus</span> <span class='ocrx_word' id='word_1_396' title='bbox 1067 2658 1137 2730; x_wconf 94' lang='lat' dir='ltr'>quia</span> <span class='ocrx_word' id='word_1_397' title='bbox 1147 2657 1247 2714; x_wconf 85' lang='lat' dir='ltr'>dilexit</span> <span class='ocrx_word' id='word_1_398' title='bbox 1258 2663 1354 2731; x_wconf 86' lang='lat' dir='ltr'>patres</span> <span class='ocrx_word' id='word_1_399' title='bbox 1365 2663 1443 2728; x_wconf 91' lang='lat' dir='ltr'>tuos,</span> <span class='ocrx_word' id='word_1_400' title='bbox 1454 2665 1483 2715; x_wconf 91' lang='lat' dir='ltr'>et</span> <span class='ocrx_word' id='word_1_401' title='bbox 1494 2658 1582 2732; x_wconf 90' lang='lat' dir='ltr'>elegit</span> <span class='ocrx_word' id='word_1_402' title='bbox 1592 2675 1693 2716; x_wconf 89' lang='lat' dir='ltr'>seman</span> <span class='ocrx_word' id='word_1_403' title='bbox 1703 2677 1809 2717; x_wconf 90' lang='lat' dir='ltr'>eorum</span> <span class='ocrx_word' id='word_1_404' title='bbox 1825 2666 1892 2734; x_wconf 88' lang='lat' dir='ltr'>pust</span> 
     </span>
     <span class='ocr_line' id='line_1_28' title="bbox 191 2744 1894 2823; baseline 0.003 -22"><span class='ocrx_word' id='word_1_405' title='bbox 191 2747 267 2802; x_wconf 90' lang='lat' dir='ltr'>Dens</span> <span class='ocrx_word' id='word_1_406' title='bbox 278 2750 347 2801; x_wconf 84' lang='lat' dir='ltr'>tuus</span> <span class='ocrx_word' id='word_1_407' title='bbox 358 2745 386 2800; x_wconf 91' lang='lat' dir='ltr'>in</span> <span class='ocrx_word' id='word_1_408' title='bbox 399 2744 596 2800; x_wconf 85' lang='lat' dir='ltr'>ministerium</span> <span class='ocrx_word' id='word_1_409' title='bbox 608 2746 722 2801; x_wconf 89' lang='lat' dir='ltr'>cunctis</span> <span class='ocrx_word' id='word_1_410' title='bbox 732 2745 947 2818; x_wconf 69' lang='lat' dir='ltr'>gentibusque</span> <span class='ocrx_word' id='word_1_411' title='bbox 957 2746 1013 2802; x_wconf 91' lang='lat' dir='ltr'>sub</span> <span class='ocrx_word' id='word_1_412' title='bbox 1067 2763 1128 2804; x_wconf 89' lang='lat' dir='ltr'>eos.</span> <span class='ocrx_word' id='word_1_413' title='bbox 1145 2748 1308 2819; x_wconf 81' lang='lat' dir='ltr'>Eduxitque</span> <span class='ocrx_word' id='word_1_414' title='bbox 1321 2751 1350 2804; x_wconf 89' lang='lat' dir='ltr'>te</span> <span class='ocrx_word' id='word_1_415' title='bbox 1366 2748 1531 2820; x_wconf 81' lang='lat' dir='ltr'>precedens</span> <span class='ocrx_word' id='word_1_416' title='bbox 1545 2747 1575 2804; x_wconf 91' lang='lat' dir='ltr'>in</span> <span class='ocrx_word' id='word_1_417' title='bbox 1590 2750 1697 2805; x_wconf 83' lang='lat' dir='ltr'>virtuts</span> <span class='ocrx_word' id='word_1_418' title='bbox 1712 2766 1768 2806; x_wconf 91' lang='lat' dir='ltr'>sua</span> <span class='ocrx_word' id='word_1_419' title='bbox 1784 2764 1894 2823; x_wconf 86' lang='lat' dir='ltr'>magna</span> 
     </span>
     <span class='ocr_line' id='line_1_29' title="bbox 191 2831 1894 2909; baseline 0.002 -17"><span class='ocrx_word' id='word_1_420' title='bbox 191 2835 263 2892; x_wconf 79' lang='lat' dir='ltr'>coelo</span> <span class='ocrx_word' id='word_1_421' title='bbox 275 2838 344 2891; x_wconf 90' lang='lat' dir='ltr'>sunt</span> <span class='ocrx_word' id='word_1_422' title='bbox 355 2831 463 2907; x_wconf 68' lang='lat' dir='ltr'>[nque</span> <span class='ocrx_word' id='word_1_423' title='bbox 474 2833 573 2891; x_wconf 87' lang='lat' dir='ltr'>divisit</span> <span class='ocrx_word' id='word_1_424' title='bbox 586 2835 716 2891; x_wconf 82' lang='lat' dir='ltr'>Dominus</span> <span class='ocrx_word' id='word_1_425' title='bbox 733 2839 806 2891; x_wconf 80' lang='lat' dir='ltr'>Deus</span> <span class='ocrx_word' id='word_1_426' title='bbox 819 2840 889 2892; x_wconf 91' lang='lat' dir='ltr'>tuus</span> <span class='ocrx_word' id='word_1_427' title='bbox 904 2834 1015 2892; x_wconf 90' lang='lat' dir='ltr'>cunctis</span> <span class='ocrx_word' id='word_1_428' title='bbox 1068 2852 1103 2893; x_wconf 82' lang='lat' dir='ltr'>ex</span> <span class='ocrx_word' id='word_1_429' title='bbox 1117 2840 1250 2909; x_wconf 77' lang='lat' dir='ltr'>Aigypto,</span> <span class='ocrx_word' id='word_1_430' title='bbox 1268 2842 1299 2892; x_wconf 89' lang='lat' dir='ltr'>ut</span> <span class='ocrx_word' id='word_1_431' title='bbox 1314 2836 1423 2893; x_wconf 90' lang='lat' dir='ltr'>deleret</span> <span class='ocrx_word' id='word_1_432' title='bbox 1438 2837 1571 2893; x_wconf 87' lang='lat' dir='ltr'>nationes</span> <span class='ocrx_word' id='word_1_433' title='bbox 1587 2837 1731 2894; x_wconf 81' lang='lat' dir='ltr'>maximas</span> <span class='ocrx_word' id='word_1_434' title='bbox 1745 2844 1775 2895; x_wconf 90' lang='lat' dir='ltr'>et</span> <span class='ocrx_word' id='word_1_435' title='bbox 1790 2838 1894 2895; x_wconf 82' lang='lat' dir='ltr'>tortio·</span> 
     </span>
     <span class='ocr_line' id='line_1_30' title="bbox 189 2919 1897 2999; baseline 0.001 -18"><span class='ocrx_word' id='word_1_436' title='bbox 189 2924 319 2997; x_wconf 83' lang='lat' dir='ltr'>gentibas</span> <span class='ocrx_word' id='word_1_437' title='bbox 335 2937 397 2995; x_wconf 76' lang='lat' dir='ltr'>quse</span> <span class='ocrx_word' id='word_1_438' title='bbox 412 2922 467 2978; x_wconf 90' lang='lat' dir='ltr'>sub</span> <span class='ocrx_word' id='word_1_439' title='bbox 483 2921 554 2978; x_wconf 85' lang='lat' dir='ltr'>coelu</span> <span class='ocrx_word' id='word_1_440' title='bbox 570 2919 720 2987; x_wconf 84' lang='lat' dir='ltr'>suut].Vos</span> <span class='ocrx_word' id='word_1_441' title='bbox 731 2929 829 2980; x_wconf 87' lang='lat' dir='ltr'>autem</span> <span class='ocrx_word' id='word_1_442' title='bbox 840 2923 910 2981; x_wconf 91' lang='lat' dir='ltr'>tulit</span> <span class='ocrx_word' id='word_1_443' title='bbox 918 2923 1016 2980; x_wconf 91' lang='lat' dir='ltr'>Domi·</span> <span class='ocrx_word' id='word_1_444' title='bbox 1070 2940 1117 2981; x_wconf 88' lang='lat' dir='ltr'>res</span> <span class='ocrx_word' id='word_1_445' title='bbox 1132 2929 1160 2980; x_wconf 90' lang='lat' dir='ltr'>te</span> <span class='ocrx_word' id='word_1_446' title='bbox 1175 2926 1204 2981; x_wconf 91' lang='lat' dir='ltr'>in</span> <span class='ocrx_word' id='word_1_447' title='bbox 1218 2923 1340 2981; x_wconf 89' lang='lat' dir='ltr'>introitu</span> <span class='ocrx_word' id='word_1_448' title='bbox 1357 2928 1407 2981; x_wconf 94' lang='lat' dir='ltr'>tuo</span> <span class='ocrx_word' id='word_1_449' title='bbox 1423 2941 1430 2980; x_wconf 76' lang='grc' dir='ltr'>ι</span> <span class='ocrx_word' id='word_1_450' title='bbox 1448 2930 1476 2981; x_wconf 89' lang='lat' dir='ltr'>et</span> <span class='ocrx_word' id='word_1_451' title='bbox 1491 2925 1688 2982; x_wconf 87' lang='lat' dir='ltr'>introduceret</span> <span class='ocrx_word' id='word_1_452' title='bbox 1702 2929 1742 2996; x_wconf 91' lang='lat' dir='ltr'>te,</span> <span class='ocrx_word' id='word_1_453' title='bbox 1752 2925 1897 2999; x_wconf 87' lang='lat' dir='ltr'>daretque</span> 
     </span>
     <span class='ocr_line' id='line_1_31' title="bbox 189 3010 1896 3087; baseline 0.001 -18"><span class='ocrx_word' id='word_1_454' title='bbox 189 3016 295 3080; x_wconf 88' lang='lat' dir='ltr'>nus,et</span> <span class='ocrx_word' id='word_1_455' title='bbox 310 3010 411 3067; x_wconf 88' lang='lat' dir='ltr'>eduxit</span> <span class='ocrx_word' id='word_1_456' title='bbox 424 3012 460 3067; x_wconf 88' lang='lat' dir='ltr'>de</span> <span class='ocrx_word' id='word_1_457' title='bbox 476 3010 593 3068; x_wconf 80' lang='lat' dir='ltr'>tornaco</span> <span class='ocrx_word' id='word_1_458' title='bbox 608 3012 702 3069; x_wconf 82' lang='lat' dir='ltr'>terrea</span> <span class='ocrx_word' id='word_1_459' title='bbox 715 3014 882 3087; x_wconf 82' lang='lat' dir='ltr'>AEgypti,ut</span> <span class='ocrx_word' id='word_1_460' title='bbox 896 3013 1017 3071; x_wconf 86' lang='lat' dir='ltr'>haberet</span> <span class='ocrx_word' id='word_1_461' title='bbox 1070 3013 1124 3069; x_wconf 87' lang='lat' dir='ltr'>tibi</span> <span class='ocrx_word' id='word_1_462' title='bbox 1141 3017 1249 3070; x_wconf 90' lang='lat' dir='ltr'>terram</span> <span class='ocrx_word' id='word_1_463' title='bbox 1265 3029 1366 3069; x_wconf 90' lang='lat' dir='ltr'>earum</span> <span class='ocrx_word' id='word_1_464' title='bbox 1390 3013 1420 3069; x_wconf 93' lang='lat' dir='ltr'>in</span> <span class='ocrx_word' id='word_1_465' title='bbox 1443 3014 1671 3086; x_wconf 90' lang='lat' dir='ltr'>possessionem,</span> <span class='ocrx_word' id='word_1_466' title='bbox 1696 3015 1776 3071; x_wconf 90' lang='lat' dir='ltr'>sicut</span> <span class='ocrx_word' id='word_1_467' title='bbox 1799 3014 1896 3072; x_wconf 90' lang='lat' dir='ltr'>cernis</span> 
     </span>
     <span class='ocr_line' id='line_1_32' title="bbox 189 3098 1896 3186; baseline 0.002 -28"><span class='ocrx_word' id='word_1_468' title='bbox 189 3099 329 3174; x_wconf 88' lang='lat' dir='ltr'>populum</span> <span class='ocrx_word' id='word_1_469' title='bbox 346 3098 577 3167; x_wconf 76' lang='lat' dir='ltr'>hereditarium,</span> <span class='ocrx_word' id='word_1_470' title='bbox 593 3099 669 3157; x_wconf 91' lang='lat' dir='ltr'>sicut</span> <span class='ocrx_word' id='word_1_471' title='bbox 683 3106 729 3157; x_wconf 88' lang='lat' dir='ltr'>eat</span> <span class='ocrx_word' id='word_1_472' title='bbox 741 3102 771 3157; x_wconf 92' lang='lat' dir='ltr'>in</span> <span class='ocrx_word' id='word_1_473' title='bbox 796 3102 933 3174; x_wconf 81' lang='lat' dir='ltr'>presenti</span> <span class='ocrx_word' id='word_1_474' title='bbox 956 3101 1015 3158; x_wconf 90' lang='lat' dir='ltr'>dle.</span> <span class='ocrx_word' id='word_1_475' title='bbox 1036 3159 1051 3186; x_wconf 47' lang='grc'>,1</span> <span class='ocrx_word' id='word_1_476' title='bbox 1070 3100 1101 3159; x_wconf 90' lang='lat' dir='ltr'>in</span> <span class='ocrx_word' id='word_1_477' title='bbox 1115 3102 1251 3175; x_wconf 78' lang='lat' dir='ltr'>presenti</span> <span class='ocrx_word' id='word_1_478' title='bbox 1265 3102 1324 3159; x_wconf 90' lang='lat' dir='ltr'>dis.</span> <span class='ocrx_word' id='word_1_479' title='bbox 1345 3102 1423 3159; x_wconf 90' lang='lat' dir='ltr'>Scito</span> <span class='ocrx_word' id='word_1_480' title='bbox 1442 3119 1511 3176; x_wconf 88' lang='lat' dir='ltr'>ergo</span> <span class='ocrx_word' id='word_1_481' title='bbox 1536 3101 1633 3170; x_wconf 91' lang='lat' dir='ltr'>hodie,</span> <span class='ocrx_word' id='word_1_482' title='bbox 1658 3106 1687 3159; x_wconf 91' lang='lat' dir='ltr'>et</span> <span class='ocrx_word' id='word_1_483' title='bbox 1710 3103 1844 3176; x_wconf 88' lang='lat' dir='ltr'>cogitato</span> <span class='ocrx_word' id='word_1_484' title='bbox 1866 3102 1896 3161; x_wconf 88' lang='lat' dir='ltr'>in</span> 
     </span>
    </p>
   </div>
   <div class='ocr_carea' id='block_1_3' title="bbox 189 3176 1897 3352">
    <p class='ocr_par' dir='ltr' id='par_1_3' title="bbox 189 3176 1897 3352">
     <span class='ocr_line' id='line_1_33' title="bbox 189 3176 1896 3263; baseline 0.002 -17"><span class='ocrx_word' id='word_1_485' title='bbox 189 3191 231 3263; x_wconf 88' lang='lat' dir='ltr'>[D.</span> <span class='ocrx_word' id='word_1_486' title='bbox 248 3189 322 3260; x_wconf 88' lang='lat' dir='ltr'>Xlll,</span> <span class='ocrx_word' id='word_1_487' title='bbox 337 3189 368 3245; x_wconf 82' lang='lat' dir='ltr'>d.</span> <span class='ocrx_word' id='word_1_488' title='bbox 384 3188 470 3255; x_wconf 77' lang='lat' dir='ltr'>XIV]</span> <span class='ocrx_word' id='word_1_489' title='bbox 497 3189 652 3262; x_wconf 76' lang='lat' dir='ltr'>lautusque</span> <span class='ocrx_word' id='word_1_490' title='bbox 677 3195 723 3246; x_wconf 91' lang='lat' dir='ltr'>est</span> <span class='ocrx_word' id='word_1_491' title='bbox 747 3189 889 3247; x_wconf 89' lang='lat' dir='ltr'>Dominus</span> <span class='ocrx_word' id='word_1_492' title='bbox 913 3176 1052 3248; x_wconf 61' lang='lat' dir='ltr'>contrsb</span> <span class='ocrx_word' id='word_1_493' title='bbox 1071 3192 1235 3263; x_wconf 88' lang='lat' dir='ltr'>cordetuo,</span> <span class='ocrx_word' id='word_1_494' title='bbox 1251 3191 1327 3263; x_wconf 92' lang='lat' dir='ltr'>quod</span> <span class='ocrx_word' id='word_1_495' title='bbox 1350 3192 1491 3247; x_wconf 90' lang='lat' dir='ltr'>Dominus</span> <span class='ocrx_word' id='word_1_496' title='bbox 1517 3190 1580 3263; x_wconf 91' lang='lat' dir='ltr'>ipse</span> <span class='ocrx_word' id='word_1_497' title='bbox 1603 3192 1643 3248; x_wconf 84' lang='lat' dir='ltr'>sit</span> <span class='ocrx_word' id='word_1_498' title='bbox 1666 3196 1747 3249; x_wconf 82' lang='lat' dir='ltr'>Deus</span> <span class='ocrx_word' id='word_1_499' title='bbox 1770 3191 1801 3249; x_wconf 92' lang='lat' dir='ltr'>in</span> <span class='ocrx_word' id='word_1_500' title='bbox 1825 3190 1896 3250; x_wconf 72' lang='lat' dir='ltr'>coslo</span> 
     </span>
     <span class='ocr_line' id='line_1_34' title="bbox 190 3278 1897 3352; baseline 0.003 -17"><span class='ocrx_word' id='word_1_501' title='bbox 190 3296 237 3336; x_wconf 89' lang='lat' dir='ltr'>ms</span> <span class='ocrx_word' id='word_1_502' title='bbox 248 3282 366 3352; x_wconf 91' lang='lat' dir='ltr'>propter</span> <span class='ocrx_word' id='word_1_503' title='bbox 377 3293 528 3335; x_wconf 88' lang='lat' dir='ltr'>sermones</span> <span class='ocrx_word' id='word_1_504' title='bbox 537 3280 915 3351; x_wconf 85' lang='lat' dir='ltr'>vestros,etjuravitutnon</span> <span class='ocrx_word' id='word_1_505' title='bbox 923 3284 1018 3336; x_wconf 88' lang='lat' dir='ltr'>trans·</span> <span class='ocrx_word' id='word_1_506' title='bbox 1071 3296 1202 3350; x_wconf 87' lang='lat' dir='ltr'>sursum,</span> <span class='ocrx_word' id='word_1_507' title='bbox 1218 3285 1247 3337; x_wconf 89' lang='lat' dir='ltr'>et</span> <span class='ocrx_word' id='word_1_508' title='bbox 1262 3281 1292 3335; x_wconf 92' lang='lat' dir='ltr'>iu</span> <span class='ocrx_word' id='word_1_509' title='bbox 1307 3286 1384 3337; x_wconf 90' lang='lat' dir='ltr'>terra</span> <span class='ocrx_word' id='word_1_510' title='bbox 1399 3280 1549 3352; x_wconf 88' lang='lat' dir='ltr'>deorsum,</span> <span class='ocrx_word' id='word_1_511' title='bbox 1564 3284 1593 3336; x_wconf 93' lang='lat' dir='ltr'>st</span> <span class='ocrx_word' id='word_1_512' title='bbox 1609 3296 1667 3336; x_wconf 92' lang='lat' dir='ltr'>non</span> <span class='ocrx_word' id='word_1_513' title='bbox 1682 3279 1721 3337; x_wconf 90' lang='lat' dir='ltr'>sit</span> <span class='ocrx_word' id='word_1_514' title='bbox 1736 3278 1829 3340; x_wconf 82' lang='lat' dir='ltr'>aliua.</span> <span class='ocrx_word' id='word_1_515' title='bbox 1844 3281 1897 3340; x_wconf 84' lang='lat' dir='ltr'>Cu·</span> 
     </span>
    </p>
   </div>
   <div class='ocr_carea' id='block_1_4' title="bbox 187 3367 1016 3530">
    <p class='ocr_par' dir='ltr' id='par_1_4' title="bbox 187 3367 1016 3530">
     <span class='ocr_line' id='line_1_35' title="bbox 187 3367 1016 3443; baseline -0.001 -18"><span class='ocrx_word' id='word_1_516' title='bbox 187 3369 260 3425; x_wconf 90' lang='lat' dir='ltr'>irem</span> <span class='ocrx_word' id='word_1_517' title='bbox 275 3368 446 3435; x_wconf 85' lang='lat' dir='ltr'>Jordanem,</span> <span class='ocrx_word' id='word_1_518' title='bbox 461 3383 514 3423; x_wconf 90' lang='lat' dir='ltr'>nee</span> <span class='ocrx_word' id='word_1_519' title='bbox 530 3367 704 3439; x_wconf 81' lang='lat' dir='ltr'>ingrederer</span> <span class='ocrx_word' id='word_1_520' title='bbox 727 3373 835 3425; x_wconf 86' lang='lat' dir='ltr'>terram</span> <span class='ocrx_word' id='word_1_521' title='bbox 861 3369 1016 3443; x_wconf 83' lang='lat' dir='ltr'>optimam,</span> 
     </span>
     <span class='ocr_line' id='line_1_36' title="bbox 189 3455 1015 3530; baseline 0 -17"><span class='ocrx_word' id='word_1_522' title='bbox 189 3474 276 3530; x_wconf 90' lang='lat' dir='ltr'>quam</span> <span class='ocrx_word' id='word_1_523' title='bbox 290 3457 415 3512; x_wconf 87' lang='lat' dir='ltr'>daturus</span> <span class='ocrx_word' id='word_1_524' title='bbox 430 3460 475 3512; x_wconf 92' lang='lat' dir='ltr'>est</span> <span class='ocrx_word' id='word_1_525' title='bbox 490 3455 571 3513; x_wconf 81' lang='lat' dir='ltr'>vonis</span> <span class='ocrx_word' id='word_1_526' title='bbox 586 3457 633 3527; x_wconf 90' lang='lat' dir='ltr'>[b,</span> <span class='ocrx_word' id='word_1_527' title='bbox 648 3458 730 3513; x_wconf 83' lang='lat' dir='ltr'>vobis</span> <span class='ocrx_word' id='word_1_528' title='bbox 746 3456 775 3513; x_wconf 91' lang='lat' dir='ltr'>in</span> <span class='ocrx_word' id='word_1_529' title='bbox 794 3456 1015 3524; x_wconf 76' lang='lat' dir='ltr'>hereditateml.</span> 
     </span>
    </p>
   </div>
   <div class='ocr_carea' id='block_1_5' title="bbox 1071 3369 1895 3532">
    <p class='ocr_par' dir='ltr' id='par_1_5' title="bbox 1071 3369 1895 3532">
     <span class='ocr_line' id='line_1_37' title="bbox 1072 3369 1894 3443; baseline 0 -17"><span class='ocrx_word' id='word_1_530' title='bbox 1072 3369 1150 3426; x_wconf 87' lang='lat' dir='ltr'>stodi</span> <span class='ocrx_word' id='word_1_531' title='bbox 1165 3373 1311 3442; x_wconf 84' lang='lat' dir='ltr'>praecepta</span> <span class='ocrx_word' id='word_1_532' title='bbox 1323 3369 1387 3441; x_wconf 85' lang='lat' dir='ltr'>ejus</span> <span class='ocrx_word' id='word_1_533' title='bbox 1403 3373 1491 3441; x_wconf 90' lang='lat' dir='ltr'>atque</span> <span class='ocrx_word' id='word_1_534' title='bbox 1506 3369 1655 3438; x_wconf 85' lang='lat' dir='ltr'>mandata,</span> <span class='ocrx_word' id='word_1_535' title='bbox 1672 3385 1738 3440; x_wconf 81' lang='lat' dir='ltr'>quta</span> <span class='ocrx_word' id='word_1_536' title='bbox 1753 3385 1808 3442; x_wconf 90' lang='lat' dir='ltr'>ego</span> <span class='ocrx_word' id='word_1_537' title='bbox 1823 3386 1894 3443; x_wconf 77' lang='lat' dir='ltr'>prn-</span> 
     </span>
     <span class='ocr_line' id='line_1_38' title="bbox 1071 3456 1895 3532; baseline 0 -17"><span class='ocrx_word' id='word_1_538' title='bbox 1071 3457 1146 3530; x_wconf 89' lang='lat' dir='ltr'>eipio</span> <span class='ocrx_word' id='word_1_539' title='bbox 1161 3457 1214 3513; x_wconf 89' lang='lat' dir='ltr'>tibi</span> <span class='ocrx_word' id='word_1_540' title='bbox 1233 3473 1239 3514; x_wconf 94' lang='lat'><strong>:</strong></span> <span class='ocrx_word' id='word_1_541' title='bbox 1257 3465 1289 3514; x_wconf 93' lang='lat' dir='ltr'>ut</span> <span class='ocrx_word' id='word_1_542' title='bbox 1300 3458 1372 3514; x_wconf 90' lang='lat' dir='ltr'>bene</span> <span class='ocrx_word' id='word_1_543' title='bbox 1388 3458 1427 3515; x_wconf 93' lang='lat' dir='ltr'>sit</span> <span class='ocrx_word' id='word_1_544' title='bbox 1441 3458 1495 3515; x_wconf 91' lang='lat' dir='ltr'>tibi</span> <span class='ocrx_word' id='word_1_545' title='bbox 1510 3459 1553 3532; x_wconf 88' lang='lat' dir='ltr'>[b.</span> <span class='ocrx_word' id='word_1_546' title='bbox 1570 3456 1703 3530; x_wconf 73' lang='lat' dir='ltr'>precipe</span> <span class='ocrx_word' id='word_1_547' title='bbox 1718 3458 1774 3515; x_wconf 82' lang='lat' dir='ltr'>tibi</span> <span class='ocrx_word' id='word_1_548' title='bbox 1793 3456 1895 3525; x_wconf 82' lang='lat' dir='ltr'>bottiel.</span> 
     </span>
    </p>
   </div>
   <div class='ocr_carea' id='block_1_6' title="bbox 144 3544 1018 4328">
    <p class='ocr_par' dir='ltr' id='par_1_6' title="bbox 144 3544 1018 4328">
     <span class='ocr_line' id='line_1_39' title="bbox 192 3544 1015 3616; baseline 0 -13"><span class='ocrx_word' id='word_1_549' title='bbox 192 3548 265 3603; x_wconf 89' lang='lat' dir='ltr'>Ecce</span> <span class='ocrx_word' id='word_1_550' title='bbox 281 3546 391 3602; x_wconf 88' lang='lat' dir='ltr'>morior</span> <span class='ocrx_word' id='word_1_551' title='bbox 405 3545 434 3600; x_wconf 91' lang='lat' dir='ltr'>iu</span> <span class='ocrx_word' id='word_1_552' title='bbox 451 3546 504 3601; x_wconf 89' lang='lat' dir='ltr'>bue</span> <span class='ocrx_word' id='word_1_553' title='bbox 517 3544 683 3616; x_wconf 87' lang='lat' dir='ltr'>humc,non</span> <span class='ocrx_word' id='word_1_554' title='bbox 700 3547 830 3603; x_wconf 77' lang='lat' dir='ltr'>transibo</span> <span class='ocrx_word' id='word_1_555' title='bbox 845 3547 1015 3604; x_wconf 85' lang='lat' dir='ltr'>Jordauam:</span> 
     </span>
     <span class='ocr_line' id='line_1_40' title="bbox 192 3634 1015 3709; baseline 0.002 -18"><span class='ocrx_word' id='word_1_556' title='bbox 192 3653 244 3693; x_wconf 88' lang='lat' dir='ltr'>vos</span> <span class='ocrx_word' id='word_1_557' title='bbox 259 3634 434 3695; x_wconf 84' lang='lat' dir='ltr'>transibitis.</span> <span class='ocrx_word' id='word_1_558' title='bbox 460 3638 489 3690; x_wconf 92' lang='lat' dir='ltr'>et</span> <span class='ocrx_word' id='word_1_559' title='bbox 513 3634 703 3707; x_wconf 89' lang='lat' dir='ltr'>possidebitis</span> <span class='ocrx_word' id='word_1_560' title='bbox 727 3642 833 3692; x_wconf 90' lang='lat' dir='ltr'>terram</span> <span class='ocrx_word' id='word_1_561' title='bbox 857 3636 1015 3709; x_wconf 85' lang='lat' dir='ltr'>egregiam.</span> 
     </span>
     <span class='ocr_line' id='line_1_41' title="bbox 144 3721 1015 3796; baseline 0 -16"><span class='ocrx_word' id='word_1_562' title='bbox 144 3722 150 3734; x_wconf 82' lang='grc'><em>“</em></span> <span class='ocrx_word' id='word_1_563' title='bbox 194 3726 266 3782; x_wconf 80' lang='lat' dir='ltr'>Cave</span> <span class='ocrx_word' id='word_1_564' title='bbox 283 3724 437 3795; x_wconf 82' lang='lat' dir='ltr'>nequando</span> <span class='ocrx_word' id='word_1_565' title='bbox 456 3721 638 3778; x_wconf 79' lang='lat' dir='ltr'>obliviscaris</span> <span class='ocrx_word' id='word_1_566' title='bbox 662 3723 740 3796; x_wconf 84' lang='lat' dir='ltr'>pacti</span> <span class='ocrx_word' id='word_1_567' title='bbox 764 3723 879 3780; x_wconf 91' lang='lat' dir='ltr'>Domini</span> <span class='ocrx_word' id='word_1_568' title='bbox 895 3725 946 3782; x_wconf 92' lang='lat' dir='ltr'>Dei</span> <span class='ocrx_word' id='word_1_569' title='bbox 960 3726 1015 3793; x_wconf 91' lang='lat' dir='ltr'>tui,</span> 
     </span>
     <span class='ocr_line' id='line_1_42' title="bbox 192 3812 1015 3887; baseline 0 -18"><span class='ocrx_word' id='word_1_570' title='bbox 192 3814 270 3887; x_wconf 91' lang='lat' dir='ltr'>quod</span> <span class='ocrx_word' id='word_1_571' title='bbox 289 3812 398 3886; x_wconf 78' lang='lat' dir='ltr'>pepigit</span> <span class='ocrx_word' id='word_1_572' title='bbox 412 3816 509 3868; x_wconf 88' lang='lat' dir='ltr'>tecum</span> <span class='ocrx_word' id='word_1_573' title='bbox 525 3828 532 3867; x_wconf 75' lang='grc' dir='ltr'>ε</span> <span class='ocrx_word' id='word_1_574' title='bbox 549 3815 578 3868; x_wconf 93' lang='lat' dir='ltr'>et</span> <span class='ocrx_word' id='word_1_575' title='bbox 594 3812 684 3868; x_wconf 85' lang='lat' dir='ltr'>iacias</span> <span class='ocrx_word' id='word_1_576' title='bbox 699 3813 752 3869; x_wconf 90' lang='lat' dir='ltr'>tibi</span> <span class='ocrx_word' id='word_1_577' title='bbox 767 3812 912 3886; x_wconf 88' lang='lat' dir='ltr'>sculptam</span> <span class='ocrx_word' id='word_1_578' title='bbox 929 3814 1015 3870; x_wconf 88' lang='lat' dir='ltr'>simi·</span> 
     </span>
     <span class='ocr_line' id='line_1_43' title="bbox 192 3899 1014 3973; baseline 0.002 -17"><span class='ocrx_word' id='word_1_579' title='bbox 192 3900 348 3957; x_wconf 90' lang='lat' dir='ltr'>litudinem</span> <span class='ocrx_word' id='word_1_580' title='bbox 378 3915 479 3954; x_wconf 90' lang='lat' dir='ltr'>eorum</span> <span class='ocrx_word' id='word_1_581' title='bbox 505 3916 569 3971; x_wconf 73' lang='lat' dir='ltr'>quae</span> <span class='ocrx_word' id='word_1_582' title='bbox 593 3899 657 3955; x_wconf 90' lang='lat' dir='ltr'>lleri</span> <span class='ocrx_word' id='word_1_583' title='bbox 681 3899 825 3957; x_wconf 88' lang='lat' dir='ltr'>Dominus</span> <span class='ocrx_word' id='word_1_584' title='bbox 841 3901 1014 3973; x_wconf 87' lang='lat' dir='ltr'>prohibuit:</span> 
     </span>
     <span class='ocr_line' id='line_1_44' title="bbox 191 3988 1016 4061; baseline 0.004 -17"><span class='ocrx_word' id='word_1_585' title='bbox 191 3988 659 4061; x_wconf 86' lang='lat' dir='ltr'>quiaDominusDeustnusignis</span> <span class='ocrx_word' id='word_1_586' title='bbox 671 4005 848 4046; x_wconf 90' lang='lat' dir='ltr'>consumens</span> <span class='ocrx_word' id='word_1_587' title='bbox 868 3996 922 4058; x_wconf 89' lang='lat' dir='ltr'>est,</span> <span class='ocrx_word' id='word_1_588' title='bbox 939 3990 1016 4047; x_wconf 90' lang='lat' dir='ltr'>Dans</span> 
     </span>
     <span class='ocr_line' id='line_1_45' title="bbox 192 4072 1018 4153; baseline 0.004 -20"><span class='ocrx_word' id='word_1_589' title='bbox 192 4077 353 4134; x_wconf 76' lang='lat' dir='ltr'>emulator.</span> <span class='ocrx_word' id='word_1_590' title='bbox 370 4072 410 4138; x_wconf 89' lang='lat' dir='ltr'>[B.</span> <span class='ocrx_word' id='word_1_591' title='bbox 428 4076 512 4147; x_wconf 90' lang='lat' dir='ltr'>lllV.]</span> <span class='ocrx_word' id='word_1_592' title='bbox 527 4077 557 4133; x_wconf 88' lang='lat' dir='ltr'>Si</span> <span class='ocrx_word' id='word_1_593' title='bbox 573 4078 734 4149; x_wconf 86' lang='lat' dir='ltr'>genueritis</span> <span class='ocrx_word' id='word_1_594' title='bbox 749 4074 789 4140; x_wconf 80' lang='lat' dir='ltr'>[ln.</span> <span class='ocrx_word' id='word_1_595' title='bbox 812 4081 882 4135; x_wconf 85' lang='lat' dir='ltr'>Cum</span> <span class='ocrx_word' id='word_1_596' title='bbox 908 4097 1018 4153; x_wconf 81' lang='lat' dir='ltr'>genue-</span> 
     </span>
     <span class='ocr_line' id='line_1_46' title="bbox 193 4165 1017 4238; baseline 0.006 -17"><span class='ocrx_word' id='word_1_597' title='bbox 193 4166 269 4233; x_wconf 89' lang='lat' dir='ltr'>ritis]</span> <span class='ocrx_word' id='word_1_598' title='bbox 285 4165 409 4222; x_wconf 85' lang='lat' dir='ltr'>liliosae</span> <span class='ocrx_word' id='word_1_599' title='bbox 425 4173 555 4237; x_wconf 89' lang='lat' dir='ltr'>nepotes,</span> <span class='ocrx_word' id='word_1_600' title='bbox 572 4170 601 4223; x_wconf 92' lang='lat' dir='ltr'>et</span> <span class='ocrx_word' id='word_1_601' title='bbox 617 4168 721 4223; x_wconf 85' lang='lat' dir='ltr'>tuoruti</span> <span class='ocrx_word' id='word_1_602' title='bbox 740 4168 855 4226; x_wconf 83' lang='lat' dir='ltr'>iustitis</span> <span class='ocrx_word' id='word_1_603' title='bbox 877 4169 904 4225; x_wconf 91' lang='lat' dir='ltr'>iu</span> <span class='ocrx_word' id='word_1_604' title='bbox 932 4176 1017 4238; x_wconf 85' lang='lat' dir='ltr'>terra,</span> 
     </span>
     <span class='ocr_line' id='line_1_47' title="bbox 193 4252 1017 4328; baseline 0.008 -20"><span class='ocrx_word' id='word_1_605' title='bbox 193 4252 366 4326; x_wconf 89' lang='lat' dir='ltr'>deceptique</span> <span class='ocrx_word' id='word_1_606' title='bbox 382 4255 508 4310; x_wconf 80' lang='lat' dir='ltr'>feceritis</span> <span class='ocrx_word' id='word_1_607' title='bbox 523 4255 604 4311; x_wconf 85' lang='lat' dir='ltr'>vobis</span> <span class='ocrx_word' id='word_1_608' title='bbox 625 4254 754 4328; x_wconf 84' lang='lat' dir='ltr'>aliquam</span> <span class='ocrx_word' id='word_1_609' title='bbox 781 4257 1017 4326; x_wconf 84' lang='lat' dir='ltr'>similitudinem,</span> 
     </span>
    </p>
   </div>
   <div class='ocr_carea' id='block_1_7' title="bbox 1070 3546 1899 4325">
    <p class='ocr_par' dir='ltr' id='par_1_7' title="bbox 1070 3546 1896 3780">
     <span class='ocr_line' id='line_1_48' title="bbox 1071 3546 1896 3620; baseline 0.002 -17"><span class='ocrx_word' id='word_1_610' title='bbox 1071 3551 1101 3603; x_wconf 94' lang='lat' dir='ltr'>et</span> <span class='ocrx_word' id='word_1_611' title='bbox 1113 3546 1182 3602; x_wconf 86' lang='lat' dir='ltr'>litiis</span> <span class='ocrx_word' id='word_1_612' title='bbox 1197 3547 1258 3602; x_wconf 91' lang='lat' dir='ltr'>tuis</span> <span class='ocrx_word' id='word_1_613' title='bbox 1273 3550 1391 3619; x_wconf 89' lang='lat' dir='ltr'>postte,</span> <span class='ocrx_word' id='word_1_614' title='bbox 1405 3551 1434 3602; x_wconf 87' lang='lat' dir='ltr'>et</span> <span class='ocrx_word' id='word_1_615' title='bbox 1449 3562 1622 3619; x_wconf 88' lang='lat' dir='ltr'>permaneas</span> <span class='ocrx_word' id='word_1_616' title='bbox 1644 3546 1741 3603; x_wconf 93' lang='lat' dir='ltr'>multo</span> <span class='ocrx_word' id='word_1_617' title='bbox 1764 3551 1896 3620; x_wconf 82' lang='lat' dir='ltr'>tempore</span> 
     </span>
     <span class='ocr_line' id='line_1_49' title="bbox 1071 3635 1896 3708; baseline 0.004 -17"><span class='ocrx_word' id='word_1_618' title='bbox 1071 3641 1293 3708; x_wconf 88' lang='lat' dir='ltr'>superterram,</span> <span class='ocrx_word' id='word_1_619' title='bbox 1311 3651 1400 3708; x_wconf 89' lang='lat' dir='ltr'>quam</span> <span class='ocrx_word' id='word_1_620' title='bbox 1416 3635 1559 3692; x_wconf 88' lang='lat' dir='ltr'>Dominus</span> <span class='ocrx_word' id='word_1_621' title='bbox 1578 3639 1654 3693; x_wconf 89' lang='lat' dir='ltr'>Deus</span> <span class='ocrx_word' id='word_1_622' title='bbox 1679 3640 1751 3694; x_wconf 91' lang='lat' dir='ltr'>tuns</span> <span class='ocrx_word' id='word_1_623' title='bbox 1770 3637 1896 3694; x_wconf 87' lang='lat' dir='ltr'>daturus</span> 
     </span>
     <span class='ocr_line' id='line_1_50' title="bbox 1070 3724 1193 3780; baseline 0 0"><span class='ocrx_word' id='word_1_624' title='bbox 1070 3729 1116 3780; x_wconf 89' lang='lat' dir='ltr'>est</span> <span class='ocrx_word' id='word_1_625' title='bbox 1130 3724 1193 3780; x_wconf 92' lang='lat' dir='ltr'>tibi.</span> 
     </span>
    </p>

    <p class='ocr_par' dir='ltr' id='par_1_8' title="bbox 1070 3808 1899 4325">
     <span class='ocr_line' id='line_1_51' title="bbox 1105 3808 1896 3886; baseline 0.009 -20"><span class='ocrx_word' id='word_1_626' title='bbox 1105 3812 1151 3885; x_wconf 84' lang='lat' dir='ltr'>[B.</span> <span class='ocrx_word' id='word_1_627' title='bbox 1171 3813 1262 3879; x_wconf 82' lang='lat' dir='ltr'>xvii,</span> <span class='ocrx_word' id='word_1_628' title='bbox 1278 3813 1308 3870; x_wconf 86' lang='lat' dir='ltr'>C.</span> <span class='ocrx_word' id='word_1_629' title='bbox 1329 3808 1417 3876; x_wconf 85' lang='lat' dir='ltr'>XVl.[</span> <span class='ocrx_word' id='word_1_630' title='bbox 1442 3812 1523 3869; x_wconf 79' lang='lat' dir='ltr'>Titne</span> <span class='ocrx_word' id='word_1_631' title='bbox 1547 3814 1692 3886; x_wconf 86' lang='lat' dir='ltr'>separavit</span> <span class='ocrx_word' id='word_1_632' title='bbox 1715 3818 1814 3873; x_wconf 87' lang='lat' dir='ltr'>tloses</span> <span class='ocrx_word' id='word_1_633' title='bbox 1837 3820 1896 3873; x_wconf 87' lang='lat' dir='ltr'>tres</span> 
     </span>
     <span class='ocr_line' id='line_1_52' title="bbox 1070 3897 1897 3971; baseline 0.006 -14"><span class='ocrx_word' id='word_1_634' title='bbox 1070 3901 1203 3957; x_wconf 80' lang='lat' dir='ltr'>civitates</span> <span class='ocrx_word' id='word_1_635' title='bbox 1219 3906 1300 3957; x_wconf 87' lang='lat' dir='ltr'>treus</span> <span class='ocrx_word' id='word_1_636' title='bbox 1314 3901 1474 3958; x_wconf 84' lang='lat' dir='ltr'>Jordancm</span> <span class='ocrx_word' id='word_1_637' title='bbox 1488 3897 1529 3964; x_wconf 89' lang='lat' dir='ltr'>[b.</span> <span class='ocrx_word' id='word_1_638' title='bbox 1546 3901 1575 3958; x_wconf 92' lang='lat' dir='ltr'>iu</span> <span class='ocrx_word' id='word_1_639' title='bbox 1595 3906 1721 3958; x_wconf 83' lang='lat' dir='ltr'>transitu</span> <span class='ocrx_word' id='word_1_640' title='bbox 1744 3900 1897 3971; x_wconf 82' lang='lat' dir='ltr'>Jordauis]</span> 
     </span>
     <span class='ocr_line' id='line_1_53' title="bbox 1070 3989 1897 4067; baseline 0.002 -20"><span class='ocrx_word' id='word_1_641' title='bbox 1070 3990 1105 4047; x_wconf 91' lang='lat' dir='ltr'>ad</span> <span class='ocrx_word' id='word_1_642' title='bbox 1123 3989 1301 4045; x_wconf 86' lang='lat' dir='ltr'>Orientalem</span> <span class='ocrx_word' id='word_1_643' title='bbox 1327 3989 1453 4061; x_wconf 78' lang='lat' dir='ltr'>plagam,</span> <span class='ocrx_word' id='word_1_644' title='bbox 1479 3994 1512 4046; x_wconf 91' lang='lat' dir='ltr'>nt</span> <span class='ocrx_word' id='word_1_645' title='bbox 1535 3991 1685 4063; x_wconf 82' lang='lat' dir='ltr'>eonl&#39;ugiat</span> <span class='ocrx_word' id='word_1_646' title='bbox 1708 3991 1745 4048; x_wconf 91' lang='lat' dir='ltr'>ad</span> <span class='ocrx_word' id='word_1_647' title='bbox 1769 4008 1823 4050; x_wconf 82' lang='lat' dir='ltr'>eae</span> <span class='ocrx_word' id='word_1_648' title='bbox 1845 3993 1897 4067; x_wconf 93' lang='lat' dir='ltr'>qui</span> 
     </span>
     <span class='ocr_line' id='line_1_54' title="bbox 1071 4077 1899 4150; baseline 0.005 -15"><span class='ocrx_word' id='word_1_649' title='bbox 1071 4078 1211 4135; x_wconf 85' lang='lat' dir='ltr'>occiderit</span> <span class='ocrx_word' id='word_1_650' title='bbox 1228 4077 1329 4134; x_wconf 87' lang='lat' dir='ltr'>nolens</span> <span class='ocrx_word' id='word_1_651' title='bbox 1344 4078 1512 4150; x_wconf 84' lang='lat' dir='ltr'>proximum</span> <span class='ocrx_word' id='word_1_652' title='bbox 1527 4095 1682 4148; x_wconf 88' lang='lat' dir='ltr'>snum,uee</span> <span class='ocrx_word' id='word_1_653' title='bbox 1697 4079 1787 4137; x_wconf 83' lang='lat' dir='ltr'>l&#39;uerit</span> <span class='ocrx_word' id='word_1_654' title='bbox 1801 4082 1829 4138; x_wconf 92' lang='lat' dir='ltr'>ei</span> <span class='ocrx_word' id='word_1_655' title='bbox 1844 4082 1899 4139; x_wconf 91' lang='lat' dir='ltr'>ini·</span> 
     </span>
     <span class='ocr_line' id='line_1_55' title="bbox 1072 4167 1898 4240; baseline 0.006 -17"><span class='ocrx_word' id='word_1_656' title='bbox 1072 4167 1167 4223; x_wconf 89' lang='lat' dir='ltr'>micus</span> <span class='ocrx_word' id='word_1_657' title='bbox 1182 4172 1249 4222; x_wconf 76' lang='lat' dir='ltr'>ante</span> <span class='ocrx_word' id='word_1_658' title='bbox 1266 4182 1355 4222; x_wconf 87' lang='lat' dir='ltr'>ouum</span> <span class='ocrx_word' id='word_1_659' title='bbox 1372 4172 1400 4223; x_wconf 90' lang='lat' dir='ltr'>et</span> <span class='ocrx_word' id='word_1_660' title='bbox 1414 4167 1538 4225; x_wconf 89' lang='lat' dir='ltr'>alterum</span> <span class='ocrx_word' id='word_1_661' title='bbox 1554 4168 1632 4225; x_wconf 90' lang='lat' dir='ltr'>diem</span> <span class='ocrx_word' id='word_1_662' title='bbox 1648 4167 1753 4240; x_wconf 73' lang='lat' dir='ltr'>[baec</span> <span class='ocrx_word' id='word_1_663' title='bbox 1767 4169 1859 4228; x_wconf 88' lang='lat' dir='ltr'>luerit</span> <span class='ocrx_word' id='word_1_664' title='bbox 1870 4172 1898 4228; x_wconf 93' lang='lat' dir='ltr'>ai</span> 
     </span>
     <span class='ocr_line' id='line_1_56' title="bbox 1071 4256 1898 4325; baseline 0.01 -14"><span class='ocrx_word' id='word_1_665' title='bbox 1071 4256 1212 4313; x_wconf 90' lang='lat' dir='ltr'>inimicus</span> <span class='ocrx_word' id='word_1_666' title='bbox 1228 4256 1264 4312; x_wconf 93' lang='lat' dir='ltr'>ab</span> <span class='ocrx_word' id='word_1_667' title='bbox 1279 4256 1342 4312; x_wconf 92' lang='lat' dir='ltr'>heri</span> <span class='ocrx_word' id='word_1_668' title='bbox 1358 4261 1387 4314; x_wconf 90' lang='lat' dir='ltr'>et</span> <span class='ocrx_word' id='word_1_669' title='bbox 1402 4256 1512 4314; x_wconf 90' lang='lat' dir='ltr'>nudius</span> <span class='ocrx_word' id='word_1_670' title='bbox 1526 4256 1651 4325; x_wconf 91' lang='lat' dir='ltr'>tertius],</span> <span class='ocrx_word' id='word_1_671' title='bbox 1675 4263 1704 4315; x_wconf 92' lang='lat' dir='ltr'>et</span> <span class='ocrx_word' id='word_1_672' title='bbox 1728 4259 1763 4315; x_wconf 91' lang='lat' dir='ltr'>ad</span> <span class='ocrx_word' id='word_1_673' title='bbox 1791 4260 1898 4319; x_wconf 82' lang='lat' dir='ltr'>barum</span> 
     </span>
    </p>
   </div>
   <div class='ocr_carea' id='block_1_8' title="bbox 190 4341 1901 5398">
    <p class='ocr_par' dir='ltr' id='par_1_9' title="bbox 190 4341 1901 5398">
     <span class='ocr_line' id='line_1_57' title="bbox 193 4341 1899 4418; baseline 0.005 -20"><span class='ocrx_word' id='word_1_674' title='bbox 193 4347 342 4416; x_wconf 88' lang='lat' dir='ltr'>patrantes</span> <span class='ocrx_word' id='word_1_675' title='bbox 362 4341 471 4398; x_wconf 86' lang='lat' dir='ltr'>rnatum</span> <span class='ocrx_word' id='word_1_676' title='bbox 498 4359 597 4399; x_wconf 73' lang='lat' dir='ltr'>ctorem</span> <span class='ocrx_word' id='word_1_677' title='bbox 620 4343 745 4402; x_wconf 88' lang='lat' dir='ltr'>Domino</span> <span class='ocrx_word' id='word_1_678' title='bbox 771 4347 828 4402; x_wconf 91' lang='lat' dir='ltr'>Deo</span> <span class='ocrx_word' id='word_1_679' title='bbox 854 4353 963 4418; x_wconf 88' lang='lat' dir='ltr'>vestro,</span> <span class='ocrx_word' id='word_1_680' title='bbox 987 4352 1020 4405; x_wconf 90' lang='lat' dir='ltr'>ut</span> <span class='ocrx_word' id='word_1_681' title='bbox 1073 4345 1201 4417; x_wconf 90' lang='lat' dir='ltr'>aliquam</span> <span class='ocrx_word' id='word_1_682' title='bbox 1216 4345 1334 4401; x_wconf 90' lang='lat' dir='ltr'>urbium</span> <span class='ocrx_word' id='word_1_683' title='bbox 1351 4345 1445 4418; x_wconf 84' lang='lat' dir='ltr'>possit</span> <span class='ocrx_word' id='word_1_684' title='bbox 1460 4348 1582 4404; x_wconf 87' lang='lat' dir='ltr'>evadere</span> <span class='ocrx_word' id='word_1_685' title='bbox 1598 4363 1605 4403; x_wconf 90' lang='lat'>:</span> <span class='ocrx_word' id='word_1_686' title='bbox 1622 4347 1714 4404; x_wconf 90' lang='lat' dir='ltr'>Dosur</span> <span class='ocrx_word' id='word_1_687' title='bbox 1736 4349 1767 4404; x_wconf 91' lang='lat' dir='ltr'>in</span> <span class='ocrx_word' id='word_1_688' title='bbox 1793 4350 1899 4407; x_wconf 90' lang='lat' dir='ltr'>solitu·</span> 
     </span>
     <span class='ocr_line' id='line_1_58' title="bbox 191 4432 1898 4508; baseline 0.004 -20"><span class='ocrx_word' id='word_1_689' title='bbox 191 4448 260 4488; x_wconf 93' lang='lat' dir='ltr'>eum</span> <span class='ocrx_word' id='word_1_690' title='bbox 272 4434 306 4488; x_wconf 88' lang='lat' dir='ltr'>ad</span> <span class='ocrx_word' id='word_1_691' title='bbox 323 4432 506 4487; x_wconf 89' lang='lat' dir='ltr'>iracundiam</span> <span class='ocrx_word' id='word_1_692' title='bbox 523 4434 686 4505; x_wconf 86' lang='lat' dir='ltr'>provocetis</span> <span class='ocrx_word' id='word_1_693' title='bbox 697 4440 801 4491; x_wconf 89' lang='lat' dir='ltr'>:testas</span> <span class='ocrx_word' id='word_1_694' title='bbox 816 4434 918 4492; x_wconf 74' lang='lat' dir='ltr'>invoco</span> <span class='ocrx_word' id='word_1_695' title='bbox 933 4436 1021 4493; x_wconf 91' lang='lat' dir='ltr'>hodie</span> <span class='ocrx_word' id='word_1_696' title='bbox 1073 4433 1152 4503; x_wconf 88' lang='lat' dir='ltr'>dine,</span> <span class='ocrx_word' id='word_1_697' title='bbox 1168 4451 1232 4508; x_wconf 79' lang='lat' dir='ltr'>qum</span> <span class='ocrx_word' id='word_1_698' title='bbox 1247 4435 1304 4492; x_wconf 85' lang='lat' dir='ltr'>sits</span> <span class='ocrx_word' id='word_1_699' title='bbox 1318 4438 1364 4490; x_wconf 91' lang='lat' dir='ltr'>est</span> <span class='ocrx_word' id='word_1_700' title='bbox 1375 4434 1404 4490; x_wconf 88' lang='lat' dir='ltr'>in</span> <span class='ocrx_word' id='word_1_701' title='bbox 1422 4438 1500 4491; x_wconf 90' lang='lat' dir='ltr'>terra</span> <span class='ocrx_word' id='word_1_702' title='bbox 1512 4437 1668 4508; x_wconf 90' lang='lat' dir='ltr'>campestri</span> <span class='ocrx_word' id='word_1_703' title='bbox 1684 4436 1720 4493; x_wconf 90' lang='lat' dir='ltr'>de</span> <span class='ocrx_word' id='word_1_704' title='bbox 1736 4437 1818 4494; x_wconf 89' lang='lat' dir='ltr'>tribu</span> <span class='ocrx_word' id='word_1_705' title='bbox 1839 4438 1898 4495; x_wconf 88' lang='lat' dir='ltr'>llu-</span> 
     </span>
     <span class='ocr_line' id='line_1_59' title="bbox 192 4521 1898 4597; baseline 0.004 -19"><span class='ocrx_word' id='word_1_706' title='bbox 192 4522 297 4578; x_wconf 87' lang='lat' dir='ltr'>amium</span> <span class='ocrx_word' id='word_1_707' title='bbox 313 4527 342 4577; x_wconf 88' lang='lat' dir='ltr'>et</span> <span class='ocrx_word' id='word_1_708' title='bbox 355 4526 476 4586; x_wconf 85' lang='lat' dir='ltr'>terram,</span> <span class='ocrx_word' id='word_1_709' title='bbox 492 4523 549 4577; x_wconf 89' lang='lat' dir='ltr'>cito</span> <span class='ocrx_word' id='word_1_710' title='bbox 565 4521 710 4594; x_wconf 89' lang='lat' dir='ltr'>perituros</span> <span class='ocrx_word' id='word_1_711' title='bbox 725 4539 776 4580; x_wconf 85' lang='lat' dir='ltr'>vos</span> <span class='ocrx_word' id='word_1_712' title='bbox 791 4539 855 4580; x_wconf 89' lang='lat' dir='ltr'>esse</span> <span class='ocrx_word' id='word_1_713' title='bbox 871 4525 907 4582; x_wconf 87' lang='lat' dir='ltr'>de</span> <span class='ocrx_word' id='word_1_714' title='bbox 930 4542 1016 4595; x_wconf 90' lang='lat' dir='ltr'>terra,</span> <span class='ocrx_word' id='word_1_715' title='bbox 1034 4525 1056 4592; x_wconf 86' lang='lat' dir='ltr'>D</span> <span class='ocrx_word' id='word_1_716' title='bbox 1072 4523 1171 4580; x_wconf 77' lang='lat' dir='ltr'>hemel</span> <span class='ocrx_word' id='word_1_717' title='bbox 1186 4523 1309 4581; x_wconf 81' lang='lat' dir='ltr'>Damotb</span> <span class='ocrx_word' id='word_1_718' title='bbox 1325 4523 1354 4579; x_wconf 93' lang='lat' dir='ltr'>in</span> <span class='ocrx_word' id='word_1_719' title='bbox 1370 4521 1487 4592; x_wconf 85' lang='lat' dir='ltr'>Calasd,</span> <span class='ocrx_word' id='word_1_720' title='bbox 1504 4540 1569 4597; x_wconf 82' lang='lat' dir='ltr'>quae</span> <span class='ocrx_word' id='word_1_721' title='bbox 1583 4530 1629 4581; x_wconf 89' lang='lat' dir='ltr'>est</span> <span class='ocrx_word' id='word_1_722' title='bbox 1644 4524 1674 4580; x_wconf 91' lang='lat' dir='ltr'>in</span> <span class='ocrx_word' id='word_1_723' title='bbox 1694 4524 1777 4582; x_wconf 88' lang='lat' dir='ltr'>tribu</span> <span class='ocrx_word' id='word_1_724' title='bbox 1800 4528 1863 4583; x_wconf 78' lang='lat' dir='ltr'>(iad</span> <span class='ocrx_word' id='word_1_725' title='bbox 1887 4544 1898 4585; x_wconf 72' lang='lat' dir='ltr'>t</span> 
     </span>
     <span class='ocr_line' id='line_1_60' title="bbox 193 4610 1894 4690; baseline 0.006 -26"><span class='ocrx_word' id='word_1_726' title='bbox 193 4610 424 4681; x_wconf 87' lang='lat' dir='ltr'>quam‚transito</span> <span class='ocrx_word' id='word_1_727' title='bbox 435 4610 573 4680; x_wconf 80' lang='lat' dir='ltr'>iordane,</span> <span class='ocrx_word' id='word_1_728' title='bbox 588 4612 751 4682; x_wconf 83' lang='lat' dir='ltr'>possessuri</span> <span class='ocrx_word' id='word_1_729' title='bbox 761 4610 842 4669; x_wconf 87' lang='lat' dir='ltr'>estis.</span> <span class='ocrx_word' id='word_1_730' title='bbox 856 4613 917 4670; x_wconf 88' lang='lat' dir='ltr'>Non</span> <span class='ocrx_word' id='word_1_731' title='bbox 929 4614 1016 4672; x_wconf 86' lang='lat' dir='ltr'>habi·</span> <span class='ocrx_word' id='word_1_732' title='bbox 1071 4618 1100 4669; x_wconf 91' lang='lat' dir='ltr'>st</span> <span class='ocrx_word' id='word_1_733' title='bbox 1115 4613 1204 4671; x_wconf 88' lang='lat' dir='ltr'>Gelan</span> <span class='ocrx_word' id='word_1_734' title='bbox 1220 4615 1249 4669; x_wconf 93' lang='lat' dir='ltr'>in</span> <span class='ocrx_word' id='word_1_735' title='bbox 1263 4615 1365 4680; x_wconf 84' lang='lat' dir='ltr'>Busan,</span> <span class='ocrx_word' id='word_1_736' title='bbox 1381 4630 1445 4686; x_wconf 80' lang='lat' dir='ltr'>que</span> <span class='ocrx_word' id='word_1_737' title='bbox 1460 4616 1505 4670; x_wconf 89' lang='lat' dir='ltr'>est</span> <span class='ocrx_word' id='word_1_738' title='bbox 1519 4614 1548 4670; x_wconf 93' lang='lat' dir='ltr'>iu</span> <span class='ocrx_word' id='word_1_739' title='bbox 1574 4612 1652 4669; x_wconf 93' lang='lat' dir='ltr'>tribu</span> <span class='ocrx_word' id='word_1_740' title='bbox 1678 4613 1826 4672; x_wconf 72' lang='lat' dir='ltr'>Donasse.</span> <span class='ocrx_word' id='word_1_741' title='bbox 1848 4618 1894 4690; x_wconf 82' lang='lat' dir='ltr'>[C.</span> 
     </span>
     <span class='ocr_line' id='line_1_61' title="bbox 192 4697 1897 4775; baseline 0.01 -22"><span class='ocrx_word' id='word_1_742' title='bbox 192 4698 293 4753; x_wconf 74' lang='lat' dir='ltr'>tantus</span> <span class='ocrx_word' id='word_1_743' title='bbox 308 4698 338 4753; x_wconf 82' lang='lat' dir='ltr'>tn</span> <span class='ocrx_word' id='word_1_744' title='bbox 354 4714 388 4753; x_wconf 79' lang='lat' dir='ltr'>ea</span> <span class='ocrx_word' id='word_1_745' title='bbox 402 4697 489 4770; x_wconf 79' lang='lat' dir='ltr'>longo</span> <span class='ocrx_word' id='word_1_746' title='bbox 506 4699 713 4770; x_wconf 66' lang='lat' dir='ltr'>tempsisset</span> <span class='ocrx_word' id='word_1_747' title='bbox 731 4699 839 4757; x_wconf 80' lang='lat' dir='ltr'>delenit</span> <span class='ocrx_word' id='word_1_748' title='bbox 853 4718 904 4758; x_wconf 79' lang='lat' dir='ltr'>vos</span> <span class='ocrx_word' id='word_1_749' title='bbox 919 4702 1018 4760; x_wconf 70' lang='lat' dir='ltr'>nomi·</span> <span class='ocrx_word' id='word_1_750' title='bbox 1071 4701 1169 4775; x_wconf 78' lang='lat' dir='ltr'>XVII]</span> <span class='ocrx_word' id='word_1_751' title='bbox 1186 4703 1244 4757; x_wconf 82' lang='lat' dir='ltr'>ista</span> <span class='ocrx_word' id='word_1_752' title='bbox 1258 4709 1304 4758; x_wconf 80' lang='lat' dir='ltr'>est</span> <span class='ocrx_word' id='word_1_753' title='bbox 1318 4701 1374 4767; x_wconf 77' lang='lat' dir='ltr'>lex.</span> <span class='ocrx_word' id='word_1_754' title='bbox 1388 4718 1476 4774; x_wconf 79' lang='lat' dir='ltr'>quam</span> <span class='ocrx_word' id='word_1_755' title='bbox 1498 4702 1653 4775; x_wconf 78' lang='lat' dir='ltr'>proposuit</span> <span class='ocrx_word' id='word_1_756' title='bbox 1674 4704 1770 4760; x_wconf 75' lang='lat' dir='ltr'>usses</span> <span class='ocrx_word' id='word_1_757' title='bbox 1795 4720 1897 4761; x_wconf 76' lang='lat' dir='ltr'>coram</span> 
     </span>
     <span class='ocr_line' id='line_1_62' title="bbox 194 4786 1898 4864; baseline 0.005 -23"><span class='ocrx_word' id='word_1_758' title='bbox 194 4802 261 4851; x_wconf 89' lang='lat' dir='ltr'>uus,</span> <span class='ocrx_word' id='word_1_759' title='bbox 277 4788 366 4856; x_wconf 87' lang='lat' dir='ltr'>atque</span> <span class='ocrx_word' id='word_1_760' title='bbox 381 4786 529 4858; x_wconf 89' lang='lat' dir='ltr'>disperget</span> <span class='ocrx_word' id='word_1_761' title='bbox 542 4786 571 4841; x_wconf 91' lang='lat' dir='ltr'>in</span> <span class='ocrx_word' id='word_1_762' title='bbox 588 4803 690 4844; x_wconf 81' lang='lat' dir='ltr'>cinnes</span> <span class='ocrx_word' id='word_1_763' title='bbox 703 4797 815 4861; x_wconf 85' lang='lat' dir='ltr'>gantos,</span> <span class='ocrx_word' id='word_1_764' title='bbox 831 4794 860 4846; x_wconf 92' lang='lat' dir='ltr'>et</span> <span class='ocrx_word' id='word_1_765' title='bbox 883 4807 1017 4849; x_wconf 89' lang='lat' dir='ltr'>remane·</span> <span class='ocrx_word' id='word_1_766' title='bbox 1070 4789 1140 4846; x_wconf 84' lang='lat' dir='ltr'>tiliis</span> <span class='ocrx_word' id='word_1_767' title='bbox 1154 4789 1254 4858; x_wconf 87' lang='lat' dir='ltr'>lsrael,</span> <span class='ocrx_word' id='word_1_768' title='bbox 1269 4795 1297 4846; x_wconf 89' lang='lat' dir='ltr'>et</span> <span class='ocrx_word' id='word_1_769' title='bbox 1312 4792 1372 4847; x_wconf 72' lang='lat' dir='ltr'>benc</span> <span class='ocrx_word' id='word_1_770' title='bbox 1387 4790 1556 4848; x_wconf 89' lang='lat' dir='ltr'>testimonia</span> <span class='ocrx_word' id='word_1_771' title='bbox 1570 4795 1598 4846; x_wconf 92' lang='lat' dir='ltr'>et</span> <span class='ocrx_word' id='word_1_772' title='bbox 1612 4791 1792 4849; x_wconf 80' lang='lat' dir='ltr'>ceremonias</span> <span class='ocrx_word' id='word_1_773' title='bbox 1808 4799 1898 4864; x_wconf 88' lang='lat' dir='ltr'>atque</span> 
     </span>
     <span class='ocr_line' id='line_1_63' title="bbox 193 4872 1897 4953; baseline 0.006 -23"><span class='ocrx_word' id='word_1_774' title='bbox 193 4873 264 4930; x_wconf 90' lang='lat' dir='ltr'>bitis</span> <span class='ocrx_word' id='word_1_775' title='bbox 281 4874 365 4946; x_wconf 88' lang='lat' dir='ltr'>pauci</span> <span class='ocrx_word' id='word_1_776' title='bbox 381 4890 503 4929; x_wconf 90' lang='lat' dir='ltr'>numero</span> <span class='ocrx_word' id='word_1_777' title='bbox 519 4872 606 4947; x_wconf 83' lang='lat' dir='ltr'>[Vutp.</span> <span class='ocrx_word' id='word_1_778' title='bbox 623 4885 677 4934; x_wconf 82' lang='lat' dir='ltr'>tac.</span> <span class='ocrx_word' id='word_1_779' title='bbox 695 4876 829 4943; x_wconf 84' lang='lat' dir='ltr'>numero]</span> <span class='ocrx_word' id='word_1_780' title='bbox 844 4880 873 4935; x_wconf 92' lang='lat' dir='ltr'>in</span> <span class='ocrx_word' id='word_1_781' title='bbox 890 4880 1017 4937; x_wconf 90' lang='lat' dir='ltr'>nationi·</span> <span class='ocrx_word' id='word_1_782' title='bbox 1066 4877 1181 4949; x_wconf 81' lang='lat' dir='ltr'>judicic</span> <span class='ocrx_word' id='word_1_783' title='bbox 1196 4894 1259 4949; x_wconf 80' lang='lat' dir='ltr'>que</span> <span class='ocrx_word' id='word_1_784' title='bbox 1279 4877 1393 4937; x_wconf 88' lang='lat' dir='ltr'>locutus</span> <span class='ocrx_word' id='word_1_785' title='bbox 1417 4885 1462 4936; x_wconf 89' lang='lat' dir='ltr'>est</span> <span class='ocrx_word' id='word_1_786' title='bbox 1486 4880 1521 4936; x_wconf 87' lang='lat' dir='ltr'>ad</span> <span class='ocrx_word' id='word_1_787' title='bbox 1547 4878 1623 4937; x_wconf 89' lang='lat' dir='ltr'>filios</span> <span class='ocrx_word' id='word_1_788' title='bbox 1647 4879 1747 4949; x_wconf 87' lang='lat' dir='ltr'>Israel,</span> <span class='ocrx_word' id='word_1_789' title='bbox 1776 4883 1897 4953; x_wconf 81' lang='lat' dir='ltr'>quando</span> 
     </span>
     <span class='ocr_line' id='line_1_64' title="bbox 192 4963 1896 5042; baseline 0.011 -24"><span class='ocrx_word' id='word_1_790' title='bbox 192 4963 259 5030; x_wconf 88' lang='lat' dir='ltr'>bus,</span> <span class='ocrx_word' id='word_1_791' title='bbox 276 4963 403 5035; x_wconf 82' lang='lat' dir='ltr'>adquae</span> <span class='ocrx_word' id='word_1_792' title='bbox 426 4979 477 5018; x_wconf 86' lang='lat' dir='ltr'>vos</span> <span class='ocrx_word' id='word_1_793' title='bbox 501 4964 644 5021; x_wconf 90' lang='lat' dir='ltr'>ducturus</span> <span class='ocrx_word' id='word_1_794' title='bbox 668 4969 714 5022; x_wconf 89' lang='lat' dir='ltr'>est</span> <span class='ocrx_word' id='word_1_795' title='bbox 736 4967 889 5025; x_wconf 89' lang='lat' dir='ltr'>Dominus.</span> <span class='ocrx_word' id='word_1_796' title='bbox 915 4969 1017 5041; x_wconf 88' lang='lat' dir='ltr'>ibique</span> <span class='ocrx_word' id='word_1_797' title='bbox 1069 4964 1180 5040; x_wconf 72' lang='lat' dir='ltr'>egressi</span> <span class='ocrx_word' id='word_1_798' title='bbox 1194 4972 1263 5023; x_wconf 73' lang='lat' dir='ltr'>suni</span> <span class='ocrx_word' id='word_1_799' title='bbox 1287 4969 1323 5024; x_wconf 80' lang='lat' dir='ltr'>de</span> <span class='ocrx_word' id='word_1_800' title='bbox 1346 4969 1479 5042; x_wconf 79' lang='lat' dir='ltr'>AEgypto,</span> <span class='ocrx_word' id='word_1_801' title='bbox 1503 4974 1586 5026; x_wconf 71' lang='lat' dir='ltr'>irtus</span> <span class='ocrx_word' id='word_1_802' title='bbox 1611 4969 1768 5026; x_wconf 79' lang='lat' dir='ltr'>tordauem</span> <span class='ocrx_word' id='word_1_803' title='bbox 1794 4966 1837 5035; x_wconf 82' lang='lat' dir='ltr'>[h-</span> <span class='ocrx_word' id='word_1_804' title='bbox 1864 4970 1896 5029; x_wconf 64' lang='lat'>¹1¹</span> 
     </span>
     <span class='ocr_line' id='line_1_65' title="bbox 191 5050 1897 5125; baseline 0.005 -17"><span class='ocrx_word' id='word_1_805' title='bbox 191 5051 324 5109; x_wconf 89' lang='lat' dir='ltr'>servietis</span> <span class='ocrx_word' id='word_1_806' title='bbox 340 5050 409 5119; x_wconf 89' lang='lat' dir='ltr'>diis,</span> <span class='ocrx_word' id='word_1_807' title='bbox 426 5051 476 5122; x_wconf 91' lang='lat' dir='ltr'>qui</span> <span class='ocrx_word' id='word_1_808' title='bbox 492 5050 646 5109; x_wconf 87' lang='lat' dir='ltr'>hominum</span> <span class='ocrx_word' id='word_1_809' title='bbox 664 5071 753 5110; x_wconf 83' lang='lat' dir='ltr'>ntanu</span> <span class='ocrx_word' id='word_1_810' title='bbox 778 5056 911 5112; x_wconf 86' lang='lat' dir='ltr'>lubricati</span> <span class='ocrx_word' id='word_1_811' title='bbox 935 5064 1016 5125; x_wconf 84' lang='lat' dir='ltr'>sunt,</span> <span class='ocrx_word' id='word_1_812' title='bbox 1071 5053 1195 5111; x_wconf 86' lang='lat' dir='ltr'>transitu</span> <span class='ocrx_word' id='word_1_813' title='bbox 1211 5054 1359 5122; x_wconf 77' lang='lat' dir='ltr'>iordanis]</span> <span class='ocrx_word' id='word_1_814' title='bbox 1375 5058 1404 5113; x_wconf 91' lang='lat' dir='ltr'>in</span> <span class='ocrx_word' id='word_1_815' title='bbox 1418 5057 1493 5114; x_wconf 86' lang='lat' dir='ltr'>valle</span> <span class='ocrx_word' id='word_1_816' title='bbox 1508 5064 1608 5115; x_wconf 92' lang='lat' dir='ltr'>contra</span> <span class='ocrx_word' id='word_1_817' title='bbox 1623 5057 1724 5114; x_wconf 86' lang='lat' dir='ltr'>lanum</span> <span class='ocrx_word' id='word_1_818' title='bbox 1736 5058 1854 5116; x_wconf 87' lang='lat' dir='ltr'>Phobor</span> <span class='ocrx_word' id='word_1_819' title='bbox 1865 5060 1897 5118; x_wconf 92' lang='lat' dir='ltr'>in</span> 
     </span>
     <span class='ocr_line' id='line_1_66' title="bbox 190 5138 1899 5219; baseline 0.007 -24"><span class='ocrx_word' id='word_1_820' title='bbox 190 5139 271 5213; x_wconf 90' lang='lat' dir='ltr'>ligno</span> <span class='ocrx_word' id='word_1_821' title='bbox 284 5146 313 5196; x_wconf 94' lang='lat' dir='ltr'>et</span> <span class='ocrx_word' id='word_1_822' title='bbox 334 5138 436 5212; x_wconf 90' lang='lat' dir='ltr'>lapidi,</span> <span class='ocrx_word' id='word_1_823' title='bbox 451 5139 501 5210; x_wconf 90' lang='lat' dir='ltr'>qui</span> <span class='ocrx_word' id='word_1_824' title='bbox 517 5156 575 5197; x_wconf 91' lang='lat' dir='ltr'>nou</span> <span class='ocrx_word' id='word_1_825' title='bbox 591 5141 700 5213; x_wconf 81' lang='lat' dir='ltr'>rident,</span> <span class='ocrx_word' id='word_1_826' title='bbox 717 5158 776 5198; x_wconf 92' lang='lat' dir='ltr'>nou</span> <span class='ocrx_word' id='word_1_827' title='bbox 796 5144 932 5213; x_wconf 86' lang='lat' dir='ltr'>audiunt,</span> <span class='ocrx_word' id='word_1_828' title='bbox 957 5161 1016 5202; x_wconf 91' lang='lat' dir='ltr'>non</span> <span class='ocrx_word' id='word_1_829' title='bbox 1068 5149 1147 5201; x_wconf 89' lang='lat' dir='ltr'>terra</span> <span class='ocrx_word' id='word_1_830' title='bbox 1161 5143 1236 5200; x_wconf 89' lang='lat' dir='ltr'>Secu</span> <span class='ocrx_word' id='word_1_831' title='bbox 1252 5145 1329 5217; x_wconf 88' lang='lat' dir='ltr'>regis</span> <span class='ocrx_word' id='word_1_832' title='bbox 1344 5147 1516 5216; x_wconf 81' lang='lat' dir='ltr'>amorrhaei,</span> <span class='ocrx_word' id='word_1_833' title='bbox 1531 5147 1579 5219; x_wconf 96' lang='lat' dir='ltr'>qui</span> <span class='ocrx_word' id='word_1_834' title='bbox 1605 5147 1746 5204; x_wconf 86' lang='lat' dir='ltr'>habitavit</span> <span class='ocrx_word' id='word_1_835' title='bbox 1770 5147 1802 5205; x_wconf 93' lang='lat' dir='ltr'>in</span> <span class='ocrx_word' id='word_1_836' title='bbox 1827 5148 1899 5207; x_wconf 75' lang='lat' dir='ltr'>Ese-</span> 
     </span>
     <span class='ocr_line' id='line_1_67' title="bbox 190 5227 1901 5311; baseline 0.005 -25"><span class='ocrx_word' id='word_1_837' title='bbox 190 5228 421 5298; x_wconf 86' lang='lat' dir='ltr'>oomeduut‚nou</span> <span class='ocrx_word' id='word_1_838' title='bbox 437 5227 729 5295; x_wconf 87' lang='lat' dir='ltr'>odorantur.[D.ltV.]</span> <span class='ocrx_word' id='word_1_839' title='bbox 744 5234 876 5304; x_wconf 87' lang='lat' dir='ltr'>Cumque</span> <span class='ocrx_word' id='word_1_840' title='bbox 890 5234 1015 5304; x_wconf 80' lang='lat' dir='ltr'>qussie-</span> <span class='ocrx_word' id='word_1_841' title='bbox 1069 5232 1228 5303; x_wconf 90' lang='lat' dir='ltr'>bon,quem</span> <span class='ocrx_word' id='word_1_842' title='bbox 1245 5235 1391 5307; x_wconf 89' lang='lat' dir='ltr'>percussit</span> <span class='ocrx_word' id='word_1_843' title='bbox 1402 5236 1507 5306; x_wconf 87' lang='lat' dir='ltr'>Moses,</span> <span class='ocrx_word' id='word_1_844' title='bbox 1522 5234 1634 5308; x_wconf 91' lang='lat' dir='ltr'>liliiqne</span> <span class='ocrx_word' id='word_1_845' title='bbox 1649 5234 1767 5294; x_wconf 85' lang='lat' dir='ltr'>lsrael¹</span> <span class='ocrx_word' id='word_1_846' title='bbox 1786 5236 1901 5311; x_wconf 84' lang='lat' dir='ltr'>egressi</span> 
     </span>
     <span class='ocr_line' id='line_1_68' title="bbox 190 5314 1899 5398; baseline 0.007 -25"><span class='ocrx_word' id='word_1_847' title='bbox 190 5314 232 5373; x_wconf 90' lang='lat' dir='ltr'>ris</span> <span class='ocrx_word' id='word_1_848' title='bbox 247 5317 288 5374; x_wconf 92' lang='lat' dir='ltr'>ibi</span> <span class='ocrx_word' id='word_1_849' title='bbox 303 5315 461 5373; x_wconf 92' lang='lat' dir='ltr'>Dominum</span> <span class='ocrx_word' id='word_1_850' title='bbox 476 5319 567 5373; x_wconf 89' lang='lat' dir='ltr'>Deum</span> <span class='ocrx_word' id='word_1_851' title='bbox 583 5322 679 5389; x_wconf 84' lang='lat' dir='ltr'>tuum,</span> <span class='ocrx_word' id='word_1_852' title='bbox 691 5317 822 5376; x_wconf 87' lang='lat' dir='ltr'>invenies</span> <span class='ocrx_word' id='word_1_853' title='bbox 837 5321 954 5378; x_wconf 90' lang='lat' dir='ltr'>eum:si</span> <span class='ocrx_word' id='word_1_854' title='bbox 970 5327 1014 5379; x_wconf 93' lang='lat' dir='ltr'>ta·</span> <span class='ocrx_word' id='word_1_855' title='bbox 1069 5338 1103 5379; x_wconf 83' lang='lat' dir='ltr'>ex</span> <span class='ocrx_word' id='word_1_856' title='bbox 1118 5322 1253 5396; x_wconf 78' lang='lat' dir='ltr'>AEgypto.</span> <span class='ocrx_word' id='word_1_857' title='bbox 1276 5323 1530 5396; x_wconf 75' lang='lat' dir='ltr'>possederuntque</span> <span class='ocrx_word' id='word_1_858' title='bbox 1544 5331 1651 5383; x_wconf 90' lang='lat' dir='ltr'>terram</span> <span class='ocrx_word' id='word_1_859' title='bbox 1665 5326 1773 5398; x_wconf 73' lang='lat' dir='ltr'>eius,et</span> <span class='ocrx_word' id='word_1_860' title='bbox 1787 5331 1899 5385; x_wconf 86' lang='lat' dir='ltr'>terram</span> 
     </span>
    </p>
   </div>
   <div class='ocr_carea' id='block_1_9' title="bbox 190 5548 1901 5704">
    <p class='ocr_par' dir='ltr' id='par_1_10' title="bbox 190 5548 1901 5704">
     <span class='ocr_line' id='line_1_69' title="bbox 226 5548 1901 5634; baseline 0.009 -31"><span class='ocrx_word' id='word_1_861' title='bbox 226 5549 238 5629; x_wconf 88' lang='lat'>¹.</span> <span class='ocrx_word' id='word_1_862' title='bbox 247 5548 889 5623; x_wconf 78' lang='lat' dir='ltr'>eraeteruncmhabontoxamptartaquodum</span> <span class='ocrx_word' id='word_1_863' title='bbox 896 5555 1014 5624; x_wconf 83' lang='lat' dir='ltr'>mss.;in</span> <span class='ocrx_word' id='word_1_864' title='bbox 1103 5556 1114 5590; x_wconf 91' lang='lat'><strong>¹</strong></span> <span class='ocrx_word' id='word_1_865' title='bbox 1128 5553 1211 5612; x_wconf 84' lang='lat' dir='ltr'>Alius</span> <span class='ocrx_word' id='word_1_866' title='bbox 1225 5560 1271 5612; x_wconf 89' lang='lat' dir='ltr'>est</span> <span class='ocrx_word' id='word_1_867' title='bbox 1285 5573 1390 5614; x_wconf 91' lang='lat' dir='ltr'>sensus</span> <span class='ocrx_word' id='word_1_868' title='bbox 1406 5562 1434 5614; x_wconf 90' lang='lat' dir='ltr'>et</span> <span class='ocrx_word' id='word_1_869' title='bbox 1450 5558 1648 5631; x_wconf 90' lang='lat' dir='ltr'>interpunctio</span> <span class='ocrx_word' id='word_1_870' title='bbox 1660 5557 1690 5616; x_wconf 91' lang='lat' dir='ltr'>iu</span> <span class='ocrx_word' id='word_1_871' title='bbox 1703 5557 1795 5616; x_wconf 89' lang='lat' dir='ltr'>editis</span> <span class='ocrx_word' id='word_1_872' title='bbox 1810 5563 1901 5634; x_wconf 80' lang='lat' dir='ltr'>utque</span> 
     </span>
     <span class='ocr_line' id='line_1_70' title="bbox 190 5616 1899 5704; baseline 0.007 -25"><span class='ocrx_word' id='word_1_873' title='bbox 190 5616 1013 5696; x_wconf 70' lang='lat' dir='ltr'>otiistegiturjuxtosouolionmaqinatacsnortsnuasr.</span> <span class='ocrx_word' id='word_1_874' title='bbox 1067 5626 1097 5683; x_wconf 89' lang='lat' dir='ltr'>in</span> <span class='ocrx_word' id='word_1_875' title='bbox 1115 5644 1185 5685; x_wconf 84' lang='lat' dir='ltr'>rusa.</span> <span class='ocrx_word' id='word_1_876' title='bbox 1201 5628 1362 5690; x_wconf 88' lang='lat' dir='ltr'>codicibus.</span> <span class='ocrx_word' id='word_1_877' title='bbox 1379 5629 1465 5689; x_wconf 85' lang='lat' dir='ltr'>Solus</span> <span class='ocrx_word' id='word_1_878' title='bbox 1478 5633 1577 5690; x_wconf 81' lang='lat' dir='ltr'>canon</span> <span class='ocrx_word' id='word_1_879' title='bbox 1589 5629 1722 5690; x_wconf 80' lang='lat' dir='ltr'>veritatis</span> <span class='ocrx_word' id='word_1_880' title='bbox 1734 5630 1899 5704; x_wconf 67' lang='lat' dir='ltr'>Hebraico,</span> 
     </span>
    </p>
   </div>
   <div class='ocr_carea' id='block_1_10' title="bbox 0 0 1943 6116">
    <p class='ocr_par' dir='ltr' id='par_1_11' title="bbox 0 0 1943 6116">
     <span class='ocr_line' id='line_1_71' title="bbox 0 0 1943 6116; baseline 0 0"><span class='ocrx_word' id='word_1_881' title='bbox 0 0 1943 6116; x_wconf 95' lang='lat' dir='ltr'> </span> 
     </span>
    </p>
   </div>
  </div>
 </body>
</html>
