3870 6120
109 210 180 269 1203
628 207 657 259 S.
678 206 880 260 HiERONi'tli
901 205 1027 259 DiVlNA
1044 205 1289 262 Biaiionfloca.

147 341 176 394 ct
192 334 271 408 qnod
288 331 414 405 amplius
430 328 528 386 lahor¹
545 331 574 385 ct
588 328 681 400 dolor,
945 333 1080 403 Asuper
1095 329 1227 402 aspidem
1245 336 1274 387 et
1288 330 1460 389 basiliscum
1473 332 1638 391 calcabis⁷2

146 407 287 483 quoniam
303 401 497 461 transivimus
512 400 567 458 cito
583 407 612 458 ct
627 401 819 458 avolavimus.
1024 400 1212 457 conculcabis
1226 402 1341 459 ironam
1356 408 1385 461 et
1400 405 1565 463 draconem.

110 485 181 549 Quis
198 479 278 535 novit
294 474 495 530 fortitudinem
512 475 560 529 iras
577 477 643 539 tuae,
988 473 1131 538 Quoniam
1149 473 1220 528 mibi
1237 475 1370 547 adhaesit,
1386 481 1416 532 ct
1431 476 1561 535 liberabo
1577 494 1667 535 eum:

147 545 822 617 atseauadumtimoremtuumindignntianam
834 544 937 602 tuam?
1023 544 1155 601 exaltabo
1170 561 1249 614 aum,
1266 547 1406 619 quoniam
1429 552 1564 622 cognovit
1578 566 1688 608 nomen
1707 566 1810 607 meum.

112 625 149 682 Ut
163 625 358 678 numerantur
372 619 434 674 dias
450 619 542 673 nestri
559 617 602 674 sic
619 618 751 689 ostonde,
988 616 1139 673 invocabit
1151 633 1208 687 me,
1224 624 1253 674 et
1267 619 1421 675 exaudiam
1438 635 1517 690 aum,

147 700 177 752 et
191 694 344 750 veniamus
360 691 447 748 aeide
461 689 598 762 sapienti.
1024 704 1090 745 eum
1106 689 1171 761 ipsa
1186 689 1258 762 ega⁸
1273 690 1304 747 in
1319 690 1521 761 tribulatione,

113 767 278 831 Bovarium,
296 761 429 828 itamirie,
446 778 610 834 usquequo,
1024 777 1125 815 ernam
1141 776 1221 828 aum,
1237 764 1265 817 et
1281 761 1449 836 glorificabo
1466 781 1545 820 aum.

148 846 176 894 at
191 834 348 893 exorabilis
362 839 425 891 esto
442 850 531 907 super
545 850 645 890 serves
658 838 736 890 tuas.
990 830 1182 902 iongitudine
1197 832 1311 889 dierum
1327 833 1454 906 implebo
1467 837 1508 907 (ii.
1525 835 1656 907 satiabo)
1670 853 1750 904 enm,

149 912 191 966 im
216 908 242 964 le
258 907 299 976 (h.
317 908 401 977 satia)
418 922 472 961 nos
497 905 643 961 matutina
658 903 860 961 misericordia
875 907 937 969 tua,
1025 909 1054 960 et
1070 904 1221 960 ostendam
1238 903 1280 960 illi
1296 904 1424 962 salutare
1439 923 1549 964 meum.

151 988 181 1037 at
195 926 385 1036 fundabimus
407 983 436 1032 at
453 977 617 1034 laetabimur
640 977 670 1033 iii
694 976 810 1033 cunctis
834 975 939 1032 diebus
1148 991 1274 1032 asianus
1290 990 1446 1035 ainrioi‘in
1461 996 1509 1035 nia
1523 996 1655 1038 saaairi.

187 1051 307 1108 nostris.
989 1044 1093 1117 (loll.)
1109 1045 1221 1102 Barium
1237 1052 1282 1103 ast
1297 1049 1427 1106 confiteri
1444 1051 1577 1107 Domina.

116 1123 243 1182 Latitiae
258 1138 311 1177 iios
327 1137 379 1193 pra
390 1120 494 1177 dicbus
508 1119 551 1191 (ii.
567 1119 731 1177 secundum
745 1117 818 1191 dias)
831 1117 938 1191 quibus
1025 1122 1054 1172 et
1069 1116 1193 1188 psallere
1208 1118 1319 1176 nomini
1336 1125 1397 1193 tuo,
1412 1121 1576 1179 Altissime.

188 1192 318 1251 ai'iliiisti
333 1208 398 1258 nos,
989 1189 1031 1244 Ad
1047 1191 1283 1247 annuntiandam
1301 1208 1385 1248 mane
1400 1192 1634 1252 misericordiam
1651 1197 1743 1264 tuam,

152 1271 181 1323 et
196 1266 283 1322 anais
299 1265 329 1319 iii
344 1264 453 1335 quibus
468 1262 597 1320 vidimus
613 1262 698 1319 mala.
1025 1264 1054 1314 at
1068 1260 1154 1316 adem
1170 1267 1252 1317 tuam
1268 1261 1298 1319 in
1314 1265 1426 1321 nectat

116 1342 264 1411 appareat
280 1336 356 1407 apud
372 1351 472 1392 servos
486 1341 552 1391 tuos
568 1352 642 1408 opus
658 1344 754 1400 tuum,
991 1333 1023 1388 ln
1038 1331 1219 1388 decachordo
1232 1339 1261 1390 at
1275 1334 1306 1390 in
1323 1334 1472 1408 psalterio,

153 1416 181 1466 at
195 1409 289 1483 gloria
304 1413 355 1463 tua
368 1407 407 1479 (b.
423 1408 510 1463 decor
533 1406 613 1478 tane)
629 1422 718 1478 super
733 1405 809 1461 illias
824 1419 938 1460 aarum.
1026 1402 1055 1457 lii
1071 1404 1182 1459 cantico
1199 1405 1239 1472 (b.
1256 1406 1407 1478 carmine),
1423 1407 1453 1464 iii
1469 1406 1593 1465 eithara.

117 1486 152 1537 Et
166 1481 191 1538 si
207 1483 293 1537 dacor
310 1479 352 1551 (ii.
368 1477 571 1552 pulchritudo)
586 1478 701 1536 Dainini
723 1477 772 1535 ilai
789 1479 880 1534 nostri
892 1493 941 1533 sn·
990 1473 1132 1538 Quoniam
1149 1473 1304 1533 laatisscasii
1319 1494 1377 1547 ma,
1392 1479 1524 1552 Domine,
1540 1481 1571 1536 iii
1586 1495 1678 1552 opere
1691 1484 1759 1538 tna:

190 1569 242 1624 per
258 1568 322 1609 nos.
1026 1548 1057 1602 iii
1073 1548 1195 1602 lactaris
1211 1564 1351 1606 manuum
1368 1556 1486 1608 tuarum
1502 1552 1642 1609 laudabo.

153 1620 938 1697 atopnsmannumnostrarumlacstabila²sapernost
991 1618 1084 1683 Quam
1101 1619 1288 1691 magnificata
1303 1626 1373 1677 sunt
1387 1638 1475 1695 opera
1490 1627 1552 1693 tus,
1568 1622 1714 1693 [tamina;

153 1702 181 1751 et
197 1713 271 1769 opus
284 1710 426 1750 manuum
443 1699 610 1749 nostrarum
627 1692 796 1750 canlirma⁸.
955 1711 980 1776 B
1022 1690 1102 1773 ‚satis
1110 1691 1265 1772 profundas
1282 1693 1362 1749 lactis
1376 1698 1447 1751 sunt
1459 1695 1655 1770 cogitationes
1669 1701 1736 1752 tua.

118 1769 219 1839 lxiii.)
235 1766 289 1832 Qui
304 1766 417 1822 habitat
430 1767 460 1821 iri
477 1765 647 1822 abscondito
663 1766 804 1822 nicaise:
999 1765 1046 1816 Vir
1062 1776 1118 1817 insi
1141 1779 1204 1819 iens
1220 1780 1276 1820 non
1294 1781 1327 1820 co
1351 1771 1461 1835 noscet,

153 1840 182 1894 iii
200 1839 372 1895 umbracula
387 1836 504 1892 Domini
517 1836 527 1870 ⁸
542 1837 774 1893 commorabitur
790 1852 797 1890 ε
1031 1844 1060 1888 at
1074 1779 1183 1915 aloitus
1199 1781 1415 1917 nontinleiliget
1429 1837 1522 1896 istud.

117 1911 234 1976 Dicens,
250 1910 385 1979 Domina,
402 1926 470 1981 spes
487 1924 560 1974 mea,
575 1915 604 1965 et
617 1909 756 1966 fortitudo
773 1922 855 1965 maa:
995 1905 1241 1962 (terminaverunt
1258 1908 1341 1981 impii
1356 1910 1442 2016 quasi
1458 1910 1570 1977 ianam,

155 1988 229 2040 Deus
245 1998 339 2047 meus,
354 1981 500 2036 coniidam
516 1979 545 2035 iii
561 1997 605 2036 eo.
1031 1976 1361 2036 atlloruarnntomnas¹
1388 1981 1438 2052 qui
1452 1986 1612 2053 operantur
1624 1980 1804 2054 iniquitatem,

118 2055 192 2121 Quia
205 2054 268 2126 ipss
283 2053 347 2134 ipse
357 2051 493 2108 liberabit
508 2051 562 2123 (dl.
582 2051 726 2123 liberavit)
741 2056 770 2107 ta
785 2051 821 2106 de
836 2048 941 2120 laqueo
1032 2051 1063 2103 ut
1078 2054 1268 2106 conterantur
1283 2068 1375 2124 usque
1389 2053 1420 2109 iii
1435 2053 1665 2126 sempiternum.

190 2130 380 2181 venantium:
994 2122 1033 2175 Tu
1050 2128 1147 2175 autem
1164 2121 1318 2180 excelsus:

154 2198 190 2252 ds
206 2200 300 2252 marte
315 2194 499 2250 insidiarum.
1032 2192 1060 2246 iii
1076 2197 1218 2249 aternum
1235 2192 1276 2265 (b.
1293 2194 1455 2267 saeculum),
1470 2194 1606 2252 Domine.

119 2269 152 2323 iii
169 2266 298 2339 scapulis
313 2267 377 2322 sais
389 2264 578 2322 obumbrabit
591 2264 655 2335 tibi,
995 2263 1068 2319 Ecca
1084 2264 1136 2333 till.
1152 2263 1214 2320 odd.
1231 2263 1320 2333 enim)
1336 2265 1446 2323 inimici
1463 2268 1518 2336 tui,
1535 2266 1675 2335 Domine,

154 2345 183 2394 at
195 2340 250 2394 sub
267 2338 322 2394 aiis
337 2338 401 2407 ejus
417 2353 431 2392 s
454 2335 550 2393 arabis
566 2351 573 2392 :
729 2348 733 2357 '
1032 2350 1098 2390 acea
1114 2334 1240 2404 inimici,
1256 2336 1404 2408 peribunt,

154 2416 273 2467 scrutum
289 2408 330 2491 th·
347 2354 485 2479 bastath
500 2406 641 2479 protectio
656 2406 766 2464 veritas
781 2406 855 2478 ejus.
1031 2412 1060 2463 et
1075 2406 1300 2479 dissipabuntur
1313 2409 1355 2480 (b.
1372 2409 1551 2483 dividentur)
1566 2426 1675 2469 amnas
1691 2409 1800 2484 aniepe-

117 2481 182 2538 Non
198 2482 315 2538 timebis
330 2497 347 2536 a
362 2481 466 2536 timore
482 2485 642 2536 nocturna:
1068 2483 1171 2534 rantur
1185 2479 1383 2551 iniquitatem.

153 2570 171 2608 a
185 2558 295 2626 sagitta
309 2550 425 2608 volante
440 2567 491 2623 par
506 2552 595 2607 diam.
995 2549 1032 2605 Et
1046 2549 1223 2607 exaltabitur
1237 2552 1321 2624 quasi
1338 2552 1533 2610 monocerotis
1545 2570 1639 2610 aaran
1657 2569 1759 2622 meum,

118 2628 139 2682 a
154 2633 236 2698 peste
251 2625 281 2681 iii
297 2625 423 2681 tenebris
437 2621 618 2690 ambulante,
1032 2626 1060 2677 at
1074 2627 1211 2679 senectae
1227 2640 1292 2680 mea
1306 2624 1336 2680 in
1351 2624 1414 2681 oieo
1430 2625 1529 2681 ubere.

153 2714 170 2755 a
186 2713 284 2754 morsu
301 2695 470 2752 insidiantis
486 2694 638 2751 meridiei.
996 2696 1028 2747 Et
1043 2693 1178 2765 respiciat
1192 2693 1295 2753 aculus
1310 2712 1393 2753 mens
1409 2696 1586 2754 insidiantes
1599 2695 1713 2764 mibi¹¹,

152 2768 263 2825 Cadent
279 2785 296 2825 a
310 2767 401 2824 latere
415 2773 465 2822 tuo
480 2763 571 2836 mille,
1031 2765 1067 2819 da
1082 2763 1127 2821 his
1143 2764 1192 2837 qni
1209 2771 1392 2841 consurgunt
1413 2769 1569 2826 adversum
1586 2785 1635 2826 me
1649 2768 1796 2841 malignari·

152 2844 180 2896 ct
195 2841 296 2898 dacem
312 2838 406 2895 millia
420 2856 437 2895 a
452 2837 562 2894 dextris
577 2836 655 2893 tiiis:
1032 2834 1112 2893 tibus
1126 2838 1225 2893 audiet
1241 2838 1321 2895 auris
1337 2855 1409 2896 mea.
1424 2836 1429 2846 ’

152 2912 188 2967 ad
203 2919 230 2969 ta
246 2915 345 2968 antarii
362 2927 420 2966 non
436 2907 696 2982 appropinquabit.
995 2907 1097 2964 laetus
1115 2913 1146 2964 ut
1161 2908 1259 2982 palma
1274 2910 1400 2967 florebit.

116 2987 327 3040 Verumtamen
343 2981 437 3039 oculis
453 2982 511 3036 tuis
527 2980 638 3037 videbis
654 2978 695 3062 (b.
711 2976 905 3049 conspicies);
1034 2983 1065 3032 ut
1080 2980 1186 3037 cedrus
1199 2981 1309 3038 Libano
1325 2979 1582 3054 multiplicabitur.

151 3059 181 3110 et
205 3055 347 3111 ultionem
372 3055 413 3125 (b.
430 3051 635 3123 expletionem)
652 3051 810 3122 impiorum
826 3063 938 3106 cernas.
955 3073 976 3141 c
996 3049 1216 3123 Transplaatati
1232 3053 1260 3108 iu
1276 3054 1363 3110 donia
1378 3053 1511 3111 Domini:

115 3130 157 3181 Tu
174 3125 251 3182 enim
267 3127 320 3198 (it.
337 3122 446 3207 notaui)
462 3141 503 3193 es,
521 3124 652 3189 Domina,
669 3137 736 3195 spes
752 3136 835 3179 maa:
1033 3121 1062 3176 in
1078 3122 1160 3178 atriis
1176 3123 1227 3180 Dei
1242 3126 1335 3182 nostri
1349 3126 1559 3209 germinabunt

153 3197 301 3254 excelsum
319 3197 444 3268 posuisti
461 3194 665 3251 babitaculum
680 3200 776 3250 tuum.
995 3192 1097 3249 Adhuc
1114 3194 1333 3253 fructificabunt
1348 3214 1378 3254 in
1393 3200 1563 3254 senectute:

119 3268 182 3325 Noa
199 3270 317 3326 accedet
332 3269 367 3325 ad
384 3266 548 3324 tamaium.
1031 3264 1188 3339 pingues¹¹
1202 3271 1231 3323 et
1246 3268 1415 3326 frondentes
1429 3274 1535 3326 erunt:

154 3345 182 3395 et
198 3340 279 3411 lepra
294 3358 352 3396 non
368 3336 617 3412 appropinquabit
632 3333 822 3393 tabernacula
837 3337 898 3391 tua.
994 3337 1210 3395 annuntiantes
1226 3339 1296 3410 qnia
1310 3345 1406 3398 reatus
1421 3339 1585 3397 Dominus:

119 3410 193 3476 Quia
208 3411 321 3483 angelis
336 3411 398 3466 suis
415 3411 564 3466 mandavit
579 3408 613 3463 de
629 3412 667 3477 ta,
1032 3408 1171 3465 tortitudo
1188 3426 1263 3482 mea,
1278 3415 1307 3468 et
1321 3428 1378 3469 nan
1394 3416 1440 3468 est
1453 3412 1599 3485 iniquitas
1615 3413 1645 3470 iii
1657 3428 1701 3471 aa.

154 3489 186 3538 nt
200 3483 369 3539 custodiant
384 3486 411 3536 te
427 3482 456 3536 in
472 3481 611 3538 amnibus
626 3479 681 3535 viis
696 3477 765 3535 tuis.
996 3478 1119 3551 (XGlii)
1134 3480 1276 3540 Dominus
1287 3484 1310 3520 ¹⁸
1325 3483 1468 3557 regnavit,

117 3552 148 3609 lii
163 3554 300 3611 manibus
312 3554 356 3680 fxii.
372 3552 490 3681 gelidis)
504 3553 664 3625 portabunt
679 3556 726 3607 ta:
1031 3550 1123 3620 gloria
1138 3553 1261 3610 indutus
1276 3558 1342 3611 est:

153 3642 189 3683 na
205 3627 309 3683 lactea
334 3642 369 3682 aii
393 3629 423 3681 at
437 3625 472 3681 ad
488 3624 616 3697 lapidem
633 3639 684 3697 pas
700 3627 779 3680 tuus.
995 3620 1119 3681 lndutns
1130 3629 1174 3682 ast
1183 3624 1325 3684 Dominus
1333 3626 1549 3694 fortitudinem
1559 3625 1715 3687 accinctas
1729 3625 1802 3684 est¹⁸2

154 3843 163 3878 ¹
178 3840 295 3914 Regina
311 3854 367 3895 ms.
384 3843 418 3893 ut
430 3843 458 3895 et
474 3837 560 3893 modo
573 3836 692 3892 laudata
706 3832 830 3908 epistola
845 3835 880 3891 ad
891 3834 941 3908 Cy·
994 3836 1072 3894 enim
1084 3836 1112 3891 iii
1129 3836 1207 3894 hunc
1223 3839 1363 3896 modum:
1379 3840 1801 3908 Amareadaemanismertdiari',

119 3913 268 4039 prgag-uff’
283 3920 309 3968 at
323 3910 394 4027 quad
408 3911 532 4037 “mutuis
541 3915 580 4034 {at
595 3909 682 3979 lotar,
696 3917 751 3965 stc.
993 3908 1159 4035 fiviaidtnntia
1187 3912 1313 4037 meridia.
1341 3912 1420 4039 Ediiti
1447 3929 1515 3969 cnm
1551 3930 1626 4042 inge.
1657 3920 1800 3996 quatuor:

152 4002 228 4111 ...¹3
242 3986 611 4125 antististite:
636 4048 774 4107 sossi
794 4066 826 4105 ..
845 4049 939 4105 nm.
992 3988 1802 4125 ..tldttiltttl:’²z”.tt.ltttt..t‘⁰¹⁸.:tttt

119 4126 217 4183 miano
232 4125 369 4252 legimus,
386 4123 484 4194 diripe.
501 4123 621 4204 Mirer..
727 4191 733 4204 ·
894 4190 899 4202 Ι
994 4123 1088 4179 Mina.
1140 4193 1146 4206 ι
1400 4197 1406 4208 ·
1533 4197 1562 4210 ..
1749 4204 1752 4210 Ι

150 4198 208 4255 ‘ln
224 4215 257 4254 co
280 4214 325 4253 em
343 4213 398 4252 ms.
416 4196 477 4252 hanc
493 4197 674 4276 praeponitur
688 4191 858 4275 epigraphe,
875 4207 939 4250 sive
1019 4225 1061 4275 .—
1078 4194 1194 4276 Regina
1210 4212 1266 4251 ms.
1282 4212 1350 4253 cum
1364 4197 1477 4268 pridem
1492 4198 1593 4267 aditis,
1609 4215 1627 4255 a
1641 4215 1802 4257 maniaca-

117 4269 231 4335 titulus,
255 4271 329 4325 ioue
351 4268 461 4324 Cantici
484 4266 581 4333 David,
607 4281 641 4320 ex
665 4264 869 4335 Septuaginta,
887 4262 937 4333 qui
992 4270 1097 4321 aientes
1121 4267 1238 4324 meridie
1254 4284 1265 4322 .·
1287 4266 1501 4337 cisterciensis,
1531 4287 1549 4324 a
1574 4287 1673 4328 morsa
1697 4273 1802 4331 aram

115 4348 213 4398 tamen
229 4338 411 4415 ἀνεπίγραφον
429 4340 457 4394 in
473 4338 592 4394 ilabriec
608 4337 755 4409 psalmum
772 4335 935 4404 huneasse,
991 4336 1154 4392 meridiani.
1170 4340 1235 4408 lpse
1259 4337 1329 4395 alibi
1343 4346 1371 4397 b.
1389 4343 1472 4396 Pater
1495 4342 1690 4400 transtulisse
1705 4346 1801 4402 ledor:

117 4430 173 4469 non
192 4412 366 4469 diffiteatur.
991 4425 1008 4464 a
1023 4425 1115 4464 marsa
1128 4411 1248 4480 sareulis
1262 4410 1390 4468 nieridia.

149 4483 312 4540 ‘Hebraeus
339 4481 483 4554 scriplum
522 4479 611 4535 habat
637 4475 817 4546 iiusiaaai,
858 4450 974 4547 quedl)
1029 4480 1131 4536 'idem
1149 4481 1249 4554 liegin.
1275 4498 1331 4539 me.
1347 4486 1374 4539 et
1389 4482 1548 4540 tasiliacum
1567 4486 1801 4553 ambulabimus

115 4554 145 4610 iii
160 4554 309 4610 Eaecbiole
323 4553 515 4625 Hieronymus
530 4553 739 4622 interpretatur
754 4548 935 4604 Daaiaaabla‘·
993 4550 1093 4608 addila
1106 4558 1131 4607 ct
1144 4551 1258 4625 copula,
1272 4552 1460 4611 cisterciens.
1475 4559 1504 4610 et
1516 4557 1705 4615 manaucatis,

117 4641 196 4681 meaa.
218 4626 319 4697 aquila
341 4622 458 4697 diaspen
481 4623 588 4691 vertit,
614 4623 642 4676 id
667 4637 733 4676 varo
758 4636 824 4688 nos,
842 4620 937 4692 iuquit
1027 4622 1148 4678 ⁸Nostri
1166 4640 1267 4680 omnes
1288 4642 1372 4696 mea,
1394 4641 1441 4683 ara
1463 4642 1517 4752 gro
1535 4642 1595 4699 aaa,
1613 4629 1717 4687 minus
1732 4630 1800 4687 bena

117 4698 192 4753 idem
218 4697 421 4769 ilicronymns,
453 4696 606 4760 rabodum,
639 4699 667 4747 et
689 4690 878 4762 calficientem
900 4692 937 4747 ad
1027 4694 1440 4766 lintriboanssaaraass,

112 4772 207 4823 amaia
221 4767 415 4840 perpetranda.
441 4768 571 4835 accipere
595 4780 762 4834 passumus.
775 4834 779 4843 ι
791 4762 862 4818 Vide
874 4764 935 4843 api·
990 4765 1071 4836 fidam
1084 4770 1162 4821 tuom
1174 4775 1348 4839 pernoctem.
1363 4771 1455 4825 linas.

112 4839 217 4896 siclam
233 4847 261 4895 S.
279 4841 411 4896 Doctaris
427 4841 460 4893 ad
479 4836 656 4901 Marcellam,
672 4837 758 4903 caius
773 4834 845 4888 illud
858 4852 935 4906 prin·
1027 4837 1050 4871 ¹⁰
1065 4836 1156 4893 iidem
1182 4838 1229 4894 hlc
1248 4837 1374 4911 legunt:
1404 4840 1473 4896 Cam
1493 4842 1718 4912 permiscuerunt
1736 4839 1800 4916 ispi
1819 4848 1822 4853 '

111 4913 220 4982 alpium
249 4919 314 4968 est:
341 4913 557 4981 Naviapeaimvm
588 4908 726 4979 psalmam
749 4906 851 4976 leaena,
877 4912 932 4963 etc.
991 4909 1070 4978 quast
1079 4913 1189 4991 senam,
1205 4911 1513 4983 atdaraamatamnes,
1528 4917 1585 4970 eta.
1600 4913 1701 4972 Mirer.

114 4984 205 5039 pam,
823 5047 829 5058 .
1029 4982 1050 5016 ¹¹
1065 4980 1154 5036 iidem
1180 4998 1249 5038 mss.
1262 5000 1269 5038 :
1284 4984 1324 5040 Et
1344 4982 1478 5055 trepidet
1500 4985 1597 5040 ocatur
1616 5002 1698 5044 naras
1711 4980 1799 5057 aaran

147 5085 182 5096 -
198 5054 257 5109 Huc
281 5053 451 5110 referendus
473 5052 502 5106 S.
528 5051 591 5119 ipsa
613 5048 718 5103 Doctor
737 5047 767 5102 in
784 5050 870 5115 epist.
886 5048 933 5129 ἳξ),
991 5049 1165 5108 insidiantur
1178 5052 1266 5109 aviti:
1291 5054 1413 5128 pmpioe
1437 5055 1473 5112 ad
1493 5060 1624 5114 vetarem
1642 5057 1797 5134 interpreti·

111 5126 148 5181 ad
165 5125 328 5181 Marcellam
342 5142 349 5180 :
362 5146 375 5173 a
389 5124 617 5193 Nonagesimum
633 5123 778 5200 psalmum
790 5120 891 5245 laffoce
905 5137 933 5174 in
990 5121 1111 5179 tionem.

112 5214 145 5253 co
162 5198 235 5262 loco,
261 5213 319 5268 quo
344 5196 509 5250 scribitur:
536 5193 588 5259 θυι·
613 5191 720 5246 tiatatat
744 5207 775 5245 aa
797 5207 814 5245 a
834 5193 935 5259 intarta
1027 5194 1116 5249 ¹‘llic
1141 5209 1257 5267 quoqne
1281 5196 1402 5268 propius
1426 5197 1462 5255 ad
1487 5197 1621 5255 Granum
1638 5216 1673 5258 aa
1689 5207 1795 5260 venian

110 5268 262 5333 altissima,
279 5271 309 5322 aa
323 5269 492 5338 protectione
505 5265 554 5320 ilai
568 5263 629 5317 arati
643 5262 872 5328 eainmoratiaar,
888 5263 935 5318 di·
990 5264 1213 5322 translationem
1228 5266 1414 5326 cisterciens.
1432 5284 1500 5341 ma,
1513 5269 1632 5342 pisani.

110 5357 208 5396 acram
224 5341 303 5409 apud
328 5338 465 5392 Hebraeos
487 5352 539 5407 pro
565 5336 617 5390 laea
636 5333 708 5397 arati,
726 5350 790 5389 essa
803 5333 935 5404 positum
1027 5337 1049 5372 ¹³
1064 5338 1143 5392 idem
1159 5354 1215 5394 ms.
1232 5337 1351 5395 titulum
1376 5339 1468 5397 istum
1493 5344 1653 5414 praeponit,
1669 5346 1739 5402 tans
1748 5357 1796 5399 aaa·

110 5411 223 5481 Saddaa',
240 5410 316 5483 qnod
334 5408 437 5480 aquila
454 5410 661 5486 interpretator
675 5403 777 5475 ἱκανὸν,
791 5406 868 5476 quod
882 5420 935 5460 noa
990 5408 1040 5462 tici
1056 5407 1163 5463 Dauid:
1189 5408 1238 5482 qni
1264 5410 1380 5468 tametsi
1402 5428 1438 5468 ex
1451 5411 1651 5487 Septuaginta
1671 5416 1797 5473 derivatae

111 5484 250 5540 rabanum
264 5485 290 5538 at
304 5483 486 5551 saspataatem
501 5480 537 5534 ad
559 5493 658 5556 amnia
674 5477 867 5550 perpetranda
882 5493 932 5532 ac·
990 5477 1103 5549 (nullus
1114 5479 1247 5537 animast
1262 5480 1291 5536 lu
1308 5481 1617 5556 aspendensium
1631 5488 1797 5546 camrisbin

111 5555 518 5681 ltat.tl⁸d⁰.tla.ldtt
546 5549 660 5604 ΝΜ
685 5552 713 5605 ⁰*
737 5565 801 5621 ‘³¹¹⁹
828 5565 881 5605 ⁰⁰⁸
897 5548 933 5604 “¹
988 5550 1634 5684 vlfinliberalitatemdatm
1649 5560 1797 5689 ¹⁸⁰⁶i⁰‘·'·'‘

511 5664 517 5677 .
1563 5646 1708 5690 aaexam
1738 5640 1797 5689 aa:

146 5697 252 5752 ‘Duas
275 5696 330 5751 lioc
356 5694 417 5752 ioco
442 5694 568 5750 retinent
594 5690 743 5775 lectiones.
757 5689 935 5762 exemplaria
989 5694 1078 5749 codex
1093 5696 1337 5753 Careasaeneasis
1351 5697 1395 5754 sie
1409 5698 1520 5771 iegitin
1539 5703 1678 5762 monada
1691 5652 1798 5761 agnini·

105 5766 234 5826 Catianis
259 5765 545 5825 San-Germanansis
568 5779 601 5821 aa
626 5761 934 5836 Mammiani31egnut
990 5768 1037 5822 te:
1063 5765 1237 5825 Fortitudiiie
1264 5767 1405 5827 ominatae
1431 5778 1496 5829 art:
1526 5771 1798 5837 sin-asinariae

1490 4697 1559 4755 atie.
1575 4705 1605 4756 at
1618 4700 1651 4758 S.
1668 4701 1799 4772 nicaei
