3870 6120
108 174 180 234 129⁹
630 178 660 232 Β.
680 171 885 231 maortrttt
903 167 1031 225 mvirta
1048 171 1297 232 ambiormtca.
1746 175 1814 235 1300

181 302 274 364 dales)
288 300 344 372 tui,
359 301 448 368 Deus,
945 296 973 364 Α
987 295 1137 371 Dirigatur
1158 302 1251 359 oratio
1268 317 1336 361 maa
1348 304 1425 361 siout
1437 303 1595 363 incensum
1608 303 1640 360 in
1657 308 1814 377 conspeetu

145 392 234 450 quam
252 379 341 431 tortas
358 387 500 444 pauperes
515 372 555 443 (b.
572 370 768 444 principatus)
790 386 891 428 eorum
908 371 930 442 ¹,
1060 378 1135 428 tuo:

109 446 306 529 Dinumerabo
321 460 382 509 sos,
398 448 428 499 st
442 459 530 499 arena
545 445 645 516 piures
660 449 747 500 erunt
764 459 771 497 ε
1023 439 1144 525 elevatio
1156 459 1298 528 manuum
1316 445 1687 521 mearum(b.pa1marum)
1706 447 1815 504 aremb-

28 604 31 611 ·
111 515 651 659 siiiiiiit‚⁰i232¹,¹¹idi¹ii⁰÷⁰⁰¹¹⁰·
988 521 1405 657 nnffttitttttttttn
1426 588 1469 644 n
1485 604 1571 646 aa:

146 662 200 718 viri
217 659 396 731 sanguinum
414 603 558 714 dsoflnate
573 674 590 714 a
605 673 661 714 me.
1024 663 1327 740 servapaupertatam
1342 659 1487 717 labiorum
1501 677 1649 719 meorum.

111 732 165 800 Qui
181 730 382 789 oontradieent
392 730 445 785 tibi
460 729 601 786 scelerate
613 730 624 764 ¹
636 747 643 798 3
989 726 1031 784 Ne
1045 727 1175 786 declines
1189 747 1239 788 eor
1255 748 1351 789 meum
1368 732 1398 788 in
1412 733 1535 789 verbum
1547 732 1673 801 malum,

146 802 213 860 elati
229 803 283 871 (At.
300 801 415 873 elevati)
426 805 507 871 sunt,
523 802 633 857 trustra
648 799 805 858 adversarii
819 797 873 857 tui.
1024 798 1139 856 volvere
1151 802 1343 875 cogitationes
1358 803 1466 886 impias

109 875 212 933 Nonne
227 873 360 930 odientes
375 878 418 942 ts,
432 872 566 939 Domino,
580 873 668 944 odivi,
1025 887 1093 926 aum
1107 872 1178 928 viris
1192 876 1383 945 operantibus
1398 875 1584 947 minuitatem
1603 891 1611 930 ι

146 951 176 1003 st
190 950 294 1002 eontra
308 947 490 1002 adversarios
505 950 572 1000 tuos
588 943 726 1002 distribui
752 943 795 1012 (b.
818 941 938 999 resista·
1027 957 1122 1015 neque
1137 945 1289 1003 comedere
1303 947 1333 1002 in
1350 945 1464 1003 deliciis
1479 948 1490 982 ⁸
1504 961 1620 1003 eorum.

182 1017 266 1087 bam)
280 1033 287 1073 :
990 1012 1134 1085 Corripiat
1150 1031 1195 1071 me
1206 1016 1307 1089 Justus
1322 1017 1352 1074 in
1368 1017 1580 1086 miserirordia‚
1593 1022 1626 1074 et
1638 1021 1745 1093 arpano
1758 1033 1812 1086 me,

116 1087 249 1145 Perfecto
260 1088 328 1144 odio
338 1088 455 1143 oderam
469 1085 555 1142 ilios:
1026 1085 1123 1142 oleum
1139 1088 1347 1146 amaritudinis
1360 1105 1416 1145 uon
1429 1091 1595 1175 impinguet
1605 1093 1812 1163 eaputmeuru:

148 1159 260 1216 inimici
276 1159 343 1216 faeti
360 1162 430 1215 sunt
445 1158 530 1213 mibi.
751 1192 764 1208 .
992 1157 1067 1223 Quia
1081 1157 1178 1215 adbuo
1192 1161 1285 1218 oratio
1300 1177 1364 1219 mea
1380 1177 1431 1233 pro
1447 1161 1569 1219 malitiis
1583 1177 1690 1218 eorum
1709 1179 1716 1217 :

112 1231 250 1288 Sorutare
265 1247 324 1299 me,
336 1230 425 1301 Deus,
440 1235 470 1286 et
480 1242 624 1314 aognosoa
640 1242 806 1286 cormeum
822 1243 831 1285 t
1029 1229 1137 1286 sublati
1153 1235 1223 1287 sunt
1234 1233 1316 1303 juxta
1331 1237 1442 1305 petram
1456 1233 1571 1305 judiees
1585 1248 1703 1298 eorum.

148 1303 240 1376 proba
255 1317 314 1369 me,
328 1308 358 1357 et
372 1300 445 1358 auito
463 1300 656 1373 cogitationes
671 1316 760 1358 meas.
1017 1305 1058 1382 ‘et
1072 1301 1193 1359 audient
1206 1304 1295 1360 verbe
1310 1320 1385 1371 mea,
1410 1305 1527 1362 uoniam
1542 1306 1651 1363 deeora
1664 1308 1748 1363 sunt.

112 1373 148 1430 iit
161 1374 227 1430 vide
237 1374 262 1430 si
277 1375 324 1430 via
338 1373 397 1430 doli
411 1373 441 1429 in
459 1389 505 1428 ma
521 1378 567 1429 est
580 1374 601 1442 ⁸,
994 1373 1078 1429 Siout
1092 1372 1221 1456 agnionis
1237 1392 1304 1432 uum
1320 1322 1429 1433 scindit
1443 1381 1551 1433 terram
1567 1395 1574 1433 :

27 1444 32 1453 '
147 1451 177 1502 st
191 1446 286 1502 deduo
303 1461 349 1500 me
364 1446 394 1500 in
409 1444 456 1500 via
471 1449 589 1500 aterna.
1031 1443 1078 1527 Sis
1093 1444 1243 1527 dissipata
1257 1451 1328 1504 sunt
1341 1464 1409 1504 ossa
1424 1454 1524 1505 nostra
1537 1450 1567 1506 iu
1578 1464 1630 1505 ora
1644 1447 1812 1521 interbitat.

109 1542 120 1616 (
244 1575 357 1617 'mmm
370 1561 381 1595 ⁴
392 1575 534 1617 “mm
552 1558 733 1632 (h·⁹³*¹·¹¹⁰⁸)
748 1575 844 1616 mm·
996 1532 1075 1653 Quin¹
1079 1515 1174 1643 1322,
1190 1588 1312 1646 Domine
1322 1588 1399 1647 Deus
1425 1588 1502 1647 ocull
1517 1589 1574 1647 moi
1591 1606 1598 1647 :

124 1656 216 1741 ext.)
229 1658 305 1714 drus
320 1672 376 1739 me,
393 1657 527 1724 Domine,
542 1657 578 1713 ab
593 1655 713 1714 homins
728 1655 805 1714 malo
821 1672 828 1712 :
955 1669 980 1738 Β
1032 1658 1062 1714 in
1078 1630 1241 1741 torpuisti,
1255 1676 1292 1717 ne
1306 1632 1428 1720 evacues
1443 1661 1571 1719 animam
1588 1675 1700 1718 meam.

152 1748 168 1787 a
184 1729 255 1786 viris
270 1729 380 1801 iniquis
391 1745 475 1785 serva
488 1743 544 1784 me.
993 1727 1114 1786 Custodi
1128 1748 1174 1787 ma
1188 1733 1225 1789 ds
1240 1732 1377 1789 manibus
1392 1732 1500 1806 laquei,
1530 1748 1621 1806 quem
1641 1734 1700 1806 (at.
1730 1737 1815 1807 quodi

116 1802 171 1873 Qui
185 1801 389 1874 cogitaverunt
403 1798 533 1857 malitias
547 1800 577 1856 iu
592 1799 679 1856 eorda
696 1817 702 1855 :
1066 1809 1229 1874 posueruut
1244 1805 1316 1859 mibi
1333 1821 1340 1861 ε

157 1878 220 1930 tota
230 1873 277 1930 die
291 1870 398 1929 uersati
413 1878 484 1929 suut
500 1872 528 1927 in
545 1871 663 1944 preliis.
1029 1873 1065 1928 de
1079 1873 1264 1931 offendiculis
1277 1876 1460 1948 operantium
1474 1876 1665 1950 iniquitatem
1683 1894 1691 1935 ε

114 1948 298 2004 dxaoumunt
311 1942 441 2017 linguam
457 1959 541 1999 suam
557 1943 643 2026 quasi
657 1956 797 2014 serpeus:
995 1944 1128 2001 lucidant
1139 1945 1168 2002 in
1184 1952 1244 2003 reto
1258 1948 1322 2018 ejus
1337 1945 1421 2019 impii
1438 1963 1445 2004 ε

148 2030 294 2074 venenum
311 2014 423 2087 aspidis
436 2016 492 2071 sub
507 2015 711 2072 tabirseorom.
727 2014 850 2070 Saarna.
1028 2015 1116 2073 simul
1132 2021 1230 2074 autam
1246 2033 1298 2091 ego
1311 2020 1453 2076 transibo.

114 2088 238 2146 custodi
254 2102 311 2156 me,
328 2087 459 2156 Domine,
471 2087 507 2142 de
522 2101 612 2141 manu
627 2086 722 2158 impii,

153 2159 247 2218 uriro
263 2158 453 2230 iniquitatum
469 2173 553 2215 serva
568 2173 638 2213 me:
993 2166 1129 2207 sauorrro
1148 2153 1265 2223 nivini,
1284 2169 1346 2210 nura
1373 2170 1457 2211 assur
1476 2171 1505 2211 ur
1524 2171 1686 2227 areanum,
1704 2174 1809 2225 enarro,

152 2231 203 2304 qui
219 2230 422 2303 cogitaverunt
437 2227 628 2356 supplantare
642 2243 764 2301 grossus
779 2244 869 2286 meos.

117 2302 345 2360 ausaondaruut
358 2301 477 2373 superbi
504 2315 631 2371 aqueum
643 2299 728 2367 mihi,

153 2373 317 2430 ottonibus
332 2374 526 2428 extenderunt
540 2376 601 2427 rete
618 2386 624 2427 :

147 2447 233 2516 juxta
255 2445 392 2501 semitam
415 2442 627 2500 otiandioulum
661 2446 825 2514 posuerunt
850 2442 936 2499 mibi.

154 2517 282 2572 Saurea.

117 2586 181 2644 Dixi
198 2587 331 2655 Domino,
347 2585 425 2642 Deus
440 2601 524 2641 meus
536 2588 581 2641 est
595 2588 627 2640 tu
648 2601 655 2641 :

151 2657 221 2717 audi
231 2656 678 2731 (bauribuspersipotttomine,
693 2658 941 2730 vooemdepreaa·

191 2729 282 2787 tionis
296 2744 379 2785 mea.

118 2803 239 2861 Domine
252 2806 328 2858 Dsus
344 2799 488 2856 tortitudo
503 2798 609 2857 salutis
625 2814 708 2866 mea,

153 2873 305 2947 protexisti
316 2876 405 2945 eaput
420 2887 517 2928 meum
528 2872 558 2926 in
574 2871 622 2928 dis
637 2870 719 2927 batti.

118 2945 160 3002 Ne
170 2947 233 3013 das,
244 2944 377 3011 Domine,
393 2942 539 2999 desideria
553 2942 636 3014 impii
651 2943 662 2978 ⁸
677 2961 684 2999 z

153 3016 264 3073 seelera
278 3016 343 3088 ejus
358 3030 394 3071 ne
408 3013 608 3082 effundantur,
625 3018 654 3070 et
676 3012 837 3073 eleventur.
864 3014 940 3072 Sana·
956 3034 979 3105 c

191 3104 257 3143 nan.

154 3157 347 3215 amaritudo·
362 3156 550 3213 convivarum
565 3171 697 3213 meorum
715 3173 721 3212 :

153 3229 239 3286 labor
250 3227 397 3285 labiorum
413 3229 595 3301 operieteos,

155 3302 266 3359 Cadent
277 3316 365 3371 super
380 3315 430 3356 eos
444 3300 598 3372 carbones,

993 2265 1120 2339 (CXLII.)
1135 2266 1211 2324 Voes
1227 2284 1292 2323 mea
1306 2269 1342 2324 ad
1359 2269 1514 2325 bominum
1531 2270 1657 2328 alamani
1673 2286 1681 2328 ε

1028 2353 1098 2392 voee
1112 2354 1178 2394 mea
1201 2340 1236 2395 ed
1255 2339 1410 2396 Dominum
1427 2342 1461 2397 de
1485 2347 1601 2399 recatus
1616 2359 1696 2401 aum.

994 2408 1180 2466 Effundamiu
1194 2417 1353 2484 conspeetu
1369 2413 1434 2484 ejus
1446 2359 1491 2470 eso
1515 2414 1599 2470 nium
1616 2431 1717 2472 mcum
1733 2432 1740 2472 ε

1030 2481 1253 2540 tribulationem
1269 2498 1364 2540 meam
1375 2499 1473 2540 eoram
1488 2430 1539 2542 tito
1554 2487 1749 2543 annuntiabo.

994 2551 1068 2608 Cum
1084 2556 1190 2636 anxius
1200 2555 1288 2610 tuerit
1302 2556 1331 2610 iu
1347 2571 1395 2611 me
1409 2555 1532 2628 spiritus
1547 2574 1635 2616 meua
1652 2574 1660 2613 ε

1029 2629 1062 2679 tu
1077 2639 1155 2679 enum
1172 2625 1249 2682 nosti
1265 2627 1401 2683 semitam
1418 2642 1514 2685 meam

1030 2694 1060 2750 in
1077 2695 1124 2751 via
1139 2696 1202 2764 bae,
1220 2713 1279 2767 qua
1293 2697 1461 2767 ambulabo,

1031 2765 1250 2824 absconderunt
1263 2768 1403 2842 taqueum
1420 2770 1504 2828 mibi.

996 2837 1119 2910 Respice
1134 2840 1169 2894 ad
1184 2840 1344 2905 dexteram,
1357 2844 1385 2897 et
1397 2841 1465 2898 vids

1032 2909 1102 2980 quia
1117 2911 1223 2967 nonsit
1238 2913 1287 2985 qui
1299 2917 1457 2984 eognoscat
1467 2928 1515 2970 mo
1531 2931 1538 2972 :

998 2980 1087 3038 Periit
1100 2982 1170 3055 iuga
1184 3000 1201 3041 a
1216 2999 1273 3055 ms,

1033 3056 1062 3108 et
1076 3069 1134 3110 uon
1147 3059 1193 3111 est
1206 3055 1257 3127 qui
1269 3058 1380 3128 querat
1394 3055 1524 3113 animem
1540 3073 1649 3114 meam.

996 3122 1126 3180 Ciamavi
1141 3127 1177 3182 ad
1193 3130 1231 3196 te,
1252 3127 1383 3193 Domine,
1398 3128 1468 3197 dixi,
1483 3131 1525 3184 'tu
1541 3145 1574 3186 ea
1585 3145 1656 3202 spes
1671 3144 1755 3186 maa:

1034 3211 1103 3267 pars
1114 3212 1180 3255 mee
1191 3198 1220 3253 in
1236 3202 1314 3256 terra
1327 3200 1500 3256 viventium.

997 3266 1136 3324 Ausculta
1151 3271 1386 3353 deprecationem
1403 3287 1509 3338 msam,

157 3372 211 3428 ini
234 3386 300 3426 nem
316 3370 436 3440 dejicies
450 3386 501 3426 eos
1021 3340 1172 3420 'quoniam
1188 3341 1434 3398 intirmatussum
1449 3340 1548 3400 nimia.

156 3443 186 3497 in
204 3388 311 3509 [ἔνθαδ’
328 3445 361 3496 ut
375 3457 432 3496 non
447 3413 630 3512 oon’wgant
643 3442 665 3494 ,ι
998 3408 1100 3468 Libere
1116 3429 1162 3468 me
1176 3413 1439 3484 apersoeutoribua
1455 3413 1540 3483 meis,

120 3511 172 3569 Vir
186 3512 341 3584 linguosus
352 3527 410 3567 nou
427 3510 571 3581 dirigetur
585 3512 613 3566 in
629 3517 707 3566 terra
724 3528 731 3565 ε
1033 3482 1172 3551 (ῙΠΟΠῙΜΠ
1186 3483 1341 3541 ⁰⁰¹¹f⁰si⁸²i
1356 3490 1426 3542 'unt
1440 3501 1529 3557 ⁸¹¹i³⁰r
1544 3502 1603 3544 ¹¹¹⁰·

155 3584 251 3639 virum
266 3583 402 3655 iniquum
414 3583 492 3639 muta
507 3582 623 3654 capient
637 3582 690 3654 (At.
707 3583 878 3655 sepiunt)in
899 3583 944 3639 iu·
996 3552 1075 3681 ¹³⁴de
1090 3557 1125 3612 ‘³⁰
1139 3572 1254 3613 ⁰⁸²⁰⁰f⁰
1269 3556 1397 3641 minim
1413 3572 1521 3658 ΜΨ*

156 3654 289 3711 teritum,
1080 3628 1254 3683 oontiteatur
1269 3643 1378 3684 nomini
1396 3632 1446 3684 tuo
1463 3670 1469 3684 .

123 3725 188 3784 Soio
200 3726 278 3799 quod
293 3724 438 3783 Dominus
453 3723 522 3782 iacit
549 3739 669 3782 eausam
696 3724 804 3799 inopis,
829 3726 944 3800 judicia
999 3696 1427 3829 Incffgss‘gffifflffiffifib

116 3813 565 3941 Attaffliipfursltineonsstebuntur
574 3867 687 3923 nomini
702 3872 752 3926 tuo
766 3884 773 3924 ι

153 3940 330 3998 habitabunt
345 3941 417 3997 raeti
433 3955 501 3996 oum
518 3938 600 3996 vultu
613 3943 674 3995 tuo.
1146 3919 1291 3961 ΟΜΝΗ
1310 3904 1350 3973 0²·
1371 3903 1511 3975 Pffltwfl)
1530 3919 1617 3961 ⁰AV1⁰
1638 3904 1670 3961 ¹³·

1001 4018 1290 4094 (titulabantur.
1306 4019 1410 4076 exaudi
1420 4019 1582 4077 orationem
1598 4034 1706 4086 meam,

292 4072 438 4165 Qucum
453 4056 493 4129 μ’·
509 4057 649 4127 mmm)
670 4072 765 4167 mym'
804 4155 810 4168 ,
1031 4090 1166 4149 ausculta
1193 4091 1234 4164 (b.
1274 4091 1396 4148 auribus
1437 4091 1564 4165 peraipe)
1591 4089 1807 4166 deprecationem

118 4154 238 4226 (CXLI.)
255 4153 389 4220 Domine,
407 4152 576 4209 clamaviad
593 4157 631 4224 te,
648 4154 756 4209 festina
771 4154 844 4228 mibi
861 4172 867 4210 :
1067 4178 1162 4219 meam
1177 4162 1207 4218 ῑη
1221 4162 1342 4219 veritate
1358 4167 1423 4230 tu„

155 4225 438 4352 exaudilpbauribus
455 4224 580 4299 percipe)
594 4240 692 4282 vooem
702 4242 797 4284 meam
813 4227 943 4285 olaman-
1031 4235 1136 4291 exaudi
1154 4251 1198 4316 ino
1209 4233 1365 4318 injustitia
1381 4239 1433 4291 tua
1449 4236 1483 4289 ¹¹.

190 4301 263 4353 tisa
298 4301 337 4354 ta.
996 4307 1032 4364 tit
1047 4324 1104 4363 uon
1119 4307 1265 4363 veniaaad
1277 4306 1476 4379 judicandum
1496 4320 1565 4362 oum
1580 4321 1667 4364 seruo
1683 4309 1755 4364 tuo:

121 4491 199 4562 quod
216 4494 246 4547 et
261 4491 358 4575 magia
373 4491 588 4575 cruentator
616 4492 736 4550 Cistero.
760 4493 827 4567 plus
847 4494 945 4575 babet,
962 4510 986 4577 1)
1034 4503 1209 4569 ‘Quantum
1225 4498 1285 4558 soio
1300 4499 1385 4558 aliter
1399 4498 1537 4557 Hebraea
1553 4499 1644 4557 babet
1666 4510 1739 4563 tm
1756 4512 1812 4562 aar

121 4579 175 4620 nou
191 4572 230 4619 est
243 4563 297 4618 taba
311 4568 437 4635 uno‚eto.
452 4562 554 4621 Varrat
568 4566 946 4637 ipsemettiebrreustsxtus
1000 4556 1073 4638 Suu.

122 4650 169 4708 his
184 4650 281 4707 verbis
296 4635 346 4721 rip,
359 4657 387 4708 et
398 4637 459 4713 NSp,
1035 4647 1045 4681 ¹
1062 4643 1136 4699 tiditi
1152 4659 1219 4698 orum
1236 4641 1347 4714 attqnot
1368 4659 1439 4698 mss.
1464 4642 1550 4698 aliter
1576 4642 1716 4724 dividunt
1739 4642 1813 4700 coion

158 4721 368 4779 ¹Gisterciens.
399 4741 455 4782 nis.
485 4741 567 4797 quom
594 4728 676 4794 sortes
694 4732 757 4783 arent
772 4728 945 4800 principatus
999 4715 1318 4786 ³⁸¹¹¹d³fflffl³⁸¹¹det
1331 4714 1520 4771 ⁶⁰⁸⁶“rh0'135
1536 4717 1635 4798 ''dmi-¹
1651 4715 1812 4798 deficiat&

123 4810 220 4851 eornm
236 4811 243 4850 :
261 4797 338 4867 quod
354 4799 383 4851 ot
397 4795 572 4854 scholiastes
584 4799 696 4870 probat.
712 4803 743 4855 in
764 4799 883 4859 liebraeo
899 4811 945 4863 est
1000 4788 1030 4842 (ἢ
1044 4787 1138 4861 [01'0‘15
1164 4792 1194 4843 “i
1207 4802 1266 4870 m,
1278 4790 1454 4855 mititiam&
1469 4785 1524 4843 Sed
1548 4786 1657 4844 minut
1677 4804 1712 4845 ⁸0
1730 4802 1816 4872 penus

122 4876 258 4930 nnuman,
273 4869 365 4937 cupite
383 4882 489 4923 eorum.
516 4869 631 4938 iisgsrit
651 4886 718 4925 vero
742 4872 772 4927 S.
799 4870 945 4944 totamm„
1000 4862 1045 4915 ast
1070 4831 1148 4943 quod
1189 4857 1337 4943 edidimus
1360 4858 1447 4941 juxta
1468 4857 1558 4914 tidem
1579 4858 1816 4943 exemptamorunr

120 4939 233 5011 absque
248 4951 268 4997 a
286 4938 458 4995 intermedio
474 4950 586 5009 nnius,
604 4944 737 5013 quodest
768 4959 885 5011 uppem
898 4964 944 5005 00.
1000 4931 1138 5015 Canania·
1155 4931 1300 4986 Hebraico
1324 4933 1466 4996 veritatis,
1486 4930 1677 5002 duorumque
1701 4930 1815 4988 aliorum

120 5021 315 5073 rumetum
334 5012 431 5076 verbo,
461 5013 539 5081 qiiod
565 5012 712 5085 significat
748 5022 946 5087 repurrperarr':
1000 5000 1335 5085 ¹¹¹⁸·C⁰,‘¹¹⁰⁰¹¹,¹·Mt¹¹¹’2
1740 5073 1746 5086 ,

121 5082 199 5163 uude
225 5093 270 5139 aar
286 5083 297 5136 t
314 5085 435 5154 uagum,
451 5098 532 5152 svin,
547 5085 592 5153 25,
611 5085 685 5157 ipsa,
710 5084 836 5159 Vulgata
858 5090 946 5149 verm
1034 5072 1283 5199 {Gustarerepsis
1298 5074 1373 5129 atros
1388 5071 1466 5145 apud
1491 5070 1702 5129 Martianeum
1721 5075 1815 5131 erutos

121 5167 338 5293 m'pfito‘ssremr
350 5220 554 5281 corbeiensis:
582 5226 652 5294 Quia
674 5230 863 5286 contradicent
893 5232 946 5291 tibi
998 5158 1339 5305 ω’ἑξέξβὲξὲἓιὲζὲῗῦθ
1362 5238 1430 5290 ma,
1459 5222 1501 5306 ὑὶ,
1515 5221 1640 5281 ἅθῑῑῑῑῖῐ·
1674 5223 1741 5281 Mox
1760 5237 1816 5280 vett

118 5296 259 5352 scelerati.
274 5295 367 5351 Maur.
998 5300 1106 5351 rectius
1119 5297 1218 5367 orpoot
1230 5311 1280 5365 pro
1295 5300 1396 5363 oruuet
1412 5311 1418 5350 :
1435 5294 1563 5367 dentque
1588 5310 1657 5352 eum
1678 5294 1816 5370 plerisque

155 5368 167 5403 ⁸
182 5369 213 5422 tn
231 5367 348 5435 Reginae
360 5365 456 5431 maai
469 5368 515 5422 viru
529 5367 602 5424 idota·
615 5369 645 5423 ia
659 5384 703 5425 ute
715 5373 766 5426 ert.
999 5364 1076 5429 taliis.
1094 5366 1184 5422 adduc
1195 5369 1223 5422 ei
1237 5365 1326 5423 oratio
1340 5381 1412 5421 mea·

157 5437 427 5508 ‘Hunopsnimum
445 5437 634 5495 inscribunt:
654 5441 707 5496 Pro
728 5444 854 5514 victorin,
885 5463 941 5505 ms.
1033 5446 1397 5521 'Prodruditiaiieginae
1409 5462 1477 5514 ma,
1498 5445 1814 5508 sadiatfflaeroisn.

121 5506 222 5581 piures
234 5518 263 5564 et
275 5514 371 5565 Canon
388 5511 594 5569 Mamminnua.
611 5518 704 5568 titan.
1005 5521 1170 5585 intellectus,
1208 5520 1314 5576 raeiert.

155 5578 286 5636 'iterum
302 5581 332 5636 in
356 5581 471 5652 Regina
495 5598 564 5647 nia..
585 5585 679 5652 impiis
706 5599 713 5639 τ
743 5587 841 5642 verius
865 5593 944 5647 esset
1034 5590 1057 5625 ¹⁰
1076 5590 1291 5648 iuscribrturin
1307 5588 1492 5647 cisterciens.
1510 5590 1610 5649 Oratio
1625 5591 1777 5651 duntaxat·

120 5648 209 5775 lazio
224 5668 232 5706 τ
249 5653 288 5708 ita
303 5654 447 5738 ttebraeus·
469 5654 609 5726 redditur,
627 5659 667 5713 Ne
679 5656 735 5724 der,
756 5658 879 5730 Domine,
896 5661 943 5719 ‹te-
1033 5662 1055 5697 ¹¹
1073 5661 1152 5720 idem
1168 5680 1235 5730 ms,
1251 5661 1394 5720 exaudisti
1406 5678 1450 5719 me
1465 5662 1495 5718 in
1510 5672 1563 5721 tuo
1573 5661 1705 5736 justitia.

121 5733 145 5774 ss
181 5734 223 5776 rou
237 5738 299 5780 mea
312 5733 456 5797 peccatore.
