3878 6150
85 270 88 275 ’
140 250 196 305 879
657 250 687 300 S.
707 244 912 300 demoretur
930 244 1058 301 utvtrte
1076 204 1325 303 memuruuue.

178 380 206 432 et
219 380 247 432 te
263 373 438 441 adorabunt,
981 373 1007 439 Α
1057 373 1087 424 et
1103 370 1268 441 procidunt,
1285 377 1314 428 et
1330 373 1461 431 adorent.

179 453 266 519 teque
280 445 519 518 deprecabuntur
535 461 541 500 :
1022 443 1143 497 Portant
1157 442 1242 499 illum
1259 444 1288 499 in
1304 444 1437 502 bumeris
1450 450 1614 520 gestantes,

25 546 52 595 Ι.
142 523 267 576 'lantum
283 519 312 574 in
325 523 354 573 te
368 520 423 581 eet,
440 520 527 572 Deus.
1055 517 1085 568 et
1100 522 1242 584 ponentes
1256 517 1286 571 ln
1302 515 1365 573 loco
1380 533 1459 574 suo:

176 594 206 648 et
221 606 279 646 non
296 594 341 646 est
356 589 469 660 absque
483 593 523 655 te,
540 586 627 644 Deus.
1020 584 1055 640 ut
1067 585 1166 654 stabit,
1182 603 1215 643 ec
1231 586 1266 642 de
1282 586 1345 644 loco
1360 604 1414 645 suo
1430 606 1487 647 non
1503 590 1684 661 movebitur,

140 663 214 719 Vere
229 667 260 718 tu
276 677 307 717 ea
321 660 399 717 Deus
414 659 620 724 absconditus,
1019 657 1074 713 Sed
1090 661 1200 713 etcum
1216 658 1407 717 clamaverint
1420 661 1457 717 ad
1472 679 1552 731 eum,
1568 680 1627 720 non
1643 663 1747 722 audiet

176 734 254 791 Deus
269 731 359 790 lsrael
375 731 513 789 salvator.
1056 732 1085 784 et
1100 730 1136 784 de
1150 729 1339 787 tribulatione
1354 748 1412 788 non
1428 731 1554 790 salvabit
1567 751 1628 792 eos.

23 834 27 841 ·
139 805 259 863 consum
274 809 356 872 sunt,
372 809 401 860 at
415 803 597 859 erubuerunt
610 815 711 856 omnes
727 815 734 854 τ
1019 805 1195 859 Mementote
1212 802 1301 868 istud,
1319 808 1348 858 et
1362 804 1632 865 confundamiav:

176 877 266 935 simul
282 877 419 933 abierunt
433 875 463 930 in
474 873 676 931 confusionem
688 867 878 926 fabricatores
889 883 970 925 erro·
1057 871 1159 941 redite,
1174 873 1424 945 prevaricatores,
1439 877 1475 932 ad
1491 894 1552 935 cor.

214 965 291 1004 rum.
1021 943 1227 1000 Recordamini
1242 946 1351 1017 prioris
1367 948 1479 1015 saculi,

138 1021 229 1078 lsrael
246 1019 378 1076 salvatus
393 1021 438 1073 est
451 1017 481 1073 in
498 1014 621 1073 Domino
636 1014 733 1071 salute
748 1015 858 1069 aeterna
875 1025 882 1065 ε
1056 1017 1196 1086 quoniam
1210 1032 1262 1088 ego
1278 1034 1344 1074 sum
1369 1018 1457 1088 Deus,
1473 1025 1502 1078 et
1516 1037 1576 1078 non
1595 1025 1642 1080 eet
1657 1019 1735 1079 ultra
1759 1022 1830 1098 Deus,

176 1108 234 1148 non
254 1089 488 1155 confundemini,
1056 1103 1109 1143 nec
1124 1093 1168 1143 est
1183 1087 1289 1144 similis
1305 1087 1382 1146 mei:

175 1168 204 1219 st
219 1178 277 1219 non
292 1161 472 1219 erubescetis
491 1158 630 1232 usquein
646 1155 785 1214 seculum
802 1153 912 1212 seculi.
1019 1160 1205 1215 Annuntiane
1221 1161 1258 1215 ab
1273 1161 1390 1218 exordio
1407 1161 1612 1223 novissimum.

139 1235 213 1303 Quia
228 1233 290 1291 hec
305 1234 376 1290 dicit
390 1232 534 1289 Dominus
549 1246 652 1287 creans
671 1227 770 1297 coeloe,
1055 1235 1084 1286 et
1098 1232 1134 1286 ab
1150 1230 1235 1287 initio
1250 1247 1314 1302 quae
1328 1234 1454 1290 necdum
1470 1235 1642 1309 factasunt,
1658 1236 1781 1295 dicens:

175 1307 239 1379 ipse
254 1305 331 1362 Deus
346 1307 477 1361 tormans
492 1309 611 1375 terram,
627 1305 656 1358 et
674 1299 784 1356 taciens
798 1313 876 1368 eam,
1020 1301 1181 1358 Consilium
1196 1318 1296 1359 meum
1312 1304 1413 1375 stabit,

176 1378 240 1451 ipse
255 1376 364 1450 plastes
379 1378 445 1448 eius
461 1392 468 1432 ε
1054 1374 1089 1429 Et
1104 1374 1200 1430 omnis
1215 1373 1351 1432 voluntas
1369 1392 1435 1433 mea
1449 1376 1499 1435 fiet
1516 1394 1523 1434 :

29 1454 33 1477 ³
142 1451 205 1507 Non
220 1450 250 1505 in
265 1464 373 1505 vanum
389 1446 498 1504 creavit
512 1461 601 1502 eam:
1018 1443 1133 1501 Vocans
1148 1444 1184 1501 ab
1199 1446 1312 1502 oriente
1326 1463 1409 1504 avem

177 1526 210 1578 ut
225 1520 406 1578 habitaretur
420 1519 474 1592 (At.
489 1515 662 1587 habitetur),
678 1513 813 1570 formavit
829 1526 904 1568 eam.
1055 1522 1084 1573 et
1099 1516 1134 1572 de
1150 1521 1228 1574 terra
1242 1517 1383 1592 longique
1396 1489 1492 1576 virum
1508 1520 1671 1580 voluntatis
1685 1537 1764 1581 mee.

109 1611 115 1621 ·
141 1594 200 1667 ligo
215 1593 368 1659 Dominus,
1019 1589 1053 1645 bt
1066 1586 1183 1644 locutus
1198 1605 1277 1659 sum,
1292 1595 1321 1646 et
1334 1590 1481 1648 adducam
1495 1590 1569 1649 illud
1586 1609 1593 1652 :

176 1671 205 1721 et
220 1681 277 1721 nun
293 1668 339 1720 eet
353 1662 438 1719 alius.
1054 1659 1159 1730 creavi,
1176 1662 1324 1719 etfaciam
1340 1661 1424 1720 illud.

139 1737 202 1796 Non
218 1736 248 1793 in
264 1734 436 1792 abscondito
450 1731 566 1789 locutus
585 1745 652 1787 sum
980 1735 1005 1801 Β
1020 1732 1124 1788 Audite
1140 1748 1186 1788 me
1200 1733 1274 1788 duro
1290 1735 1387 1800 corde,

176 1810 207 1866 in
223 1807 286 1864 loco
302 1812 386 1863 terrae
400 1806 557 1862 tenebroso
574 1820 580 1857 :
1057 1805 1107 1876 qui
1122 1803 1209 1877 longe
1224 1805 1295 1861 estis
1310 1822 1327 1861 a
1338 1805 1466 1879 justitia.

141 1881 204 1938 Non
219 1879 279 1935 dixi
294 1877 400 1935 semini
413 1877 504 1933 iacob
520 1893 527 1930 ι
1021 1875 1112 1947 Prope
1127 1875 1181 1932 teci
1194 1876 1340 1947 justitiam
1358 1893 1450 1934 meam
1466 1895 1473 1933 :
1490 1893 1549 1934 uon
1564 1878 1756 1955 elongabitur,

141 1953 261 2010 Frustra
274 1951 396 2035 quarite
411 1964 468 2005 me.
1056 1952 1086 2003 et
1100 1947 1179 2004 salus
1196 1964 1260 2004 mea
1275 1964 1331 2004 non
1349 1950 1522 2007 morabitur.

140 2025 200 2096 Ego
217 2029 356 2080 Dominus
372 2021 493 2092 loquens
504 2017 666 2090 justitiam,
1020 2018 1100 2075 Dabo
1115 2021 1144 2073 in
1161 2019 1230 2075 Sion
1245 2018 1381 2088 salutem,

179 2095 361 2152 annuntians
376 2098 464 2148 recta.
1055 2091 1129 2147 etin
1145 2090 1234 2146 lsrael
1271 2093 1373 2148 loriam
1389 2109 1509 2149 meam:

142 2165 377 2238 Congregamini,
393 2168 423 2219 et
438 2160 543 2231 venite,
559 2163 588 2244 ct
603 2157 731 2215 accedite
745 2155 846 2224 simul,
1020 2161 1097 2234 (Cup.
1114 2161 1233 2232 XLVII.)
1246 2107 1404 2235 Bascauda,
1418 2165 1497 2235 sede,
1509 2165 1538 2221 in
1549 2164 1679 2239 pulvere,
1692 2164 1815 2240 virgobb

178 2237 229 2308 qui
244 2237 347 2294 salvati
362 2235 435 2292 estis
449 2251 484 2290 ex
517 2232 635 2288 entibus
652 2245 660 2286 :
1092 2233 1231 2306 babylon,
1247 2236 1316 2292 esde
1331 2236 1361 2292 in
1377 2242 1455 2292 terra
1470 2255 1477 2293 :

142 2308 316 2365 Nescierunt
351 2307 379 2362 ui
396 2249 620 2376 levantiignum
634 2300 790 2374 sculpturas
805 2315 876 2367 suae,
1057 2321 1114 2361 non
1130 2311 1175 2361 est
1190 2305 1297 2362 solium
1315 2307 1382 2364 filiae
1396 2307 1612 2380 Cbaldaeorum,

177 2386 206 2437 st
220 2383 325 2464 rogant
364 2394 431 2435 eum
449 2393 506 2433 non
521 2376 695 2433 salvantem.
1057 2375 1127 2448 quia
1141 2375 1219 2433 ultra
1231 2394 1289 2435 non
1305 2380 1455 2436 vocaberis
1474 2380 1571 2437 mollis
1586 2385 1616 2437 et
1630 2382 1735 2439 tenere

138 2454 335 2517 Annuntrate,
351 2454 381 2506 et
394 2449 501 2518 venite,
1022 2447 1103 2505 Tolle
1118 2447 1228 2505 molem
1243 2456 1270 2506 et
1287 2453 1362 2507 mols
1377 2452 1524 2510 lerinam:

178 2529 208 2581 et
222 2521 419 2579 consiliamini
434 2518 525 2577 simul
542 2536 548 2574 :
1057 2520 1175 2576 denuda
1189 2525 1238 2576 tur
1259 2521 1403 2579 itudinem
1418 2529 1512 2592 tuem,

143 2596 214 2663 Quis
229 2594 363 2652 auditum
380 2591 448 2650 tecit
463 2590 516 2647 boo
531 2591 567 2646 ab
582 2588 677 2658 initio,
1057 2592 1221 2664 discooperi
1236 2538 1405 2667 gunterum,

178 2684 213 2724 ex
227 2671 297 2722 tuno
312 2666 444 2738 predixit
458 2661 554 2719 illuct
1057 2662 1152 2720 revela
1167 2680 1265 2732 crura,

144 2737 285 2810 Nuuquid
302 2754 359 2793 non
375 2754 427 2810 ego
440 2734 595 2803 Dominus,
1057 2734 1149 2791 transi
1164 2734 1287 2792 tlumina
1302 2754 1309 2791 ε

178 2817 208 2867 ot
220 2826 278 2866 non
294 2813 338 2865 est
354 2808 431 2866 ultra
446 2807 523 2864 Deus
537 2807 649 2875 absque
664 2817 722 2868 me,
1022 2806 1207 2863 Revelabitur
1222 2807 1458 2880 ignominiatus,

144 2882 222 2940 Deus
239 2883 346 2953 justus,
1056 2884 1085 2934 et
1099 2878 1246 2934 videbitur
1260 2879 1449 2952 opprobrium
1468 2886 1552 2937 tuum
1570 2898 1577 2936 τ

176 2953 335 3010 etsalvaas
353 2951 663 3030 nonestpretermc.
692 3015 721 3026 ..
1022 2949 1166 3008 Ultionem
1182 2950 1307 3023 capiam,

141 3023 351 3083 Convertimiui
374 3023 411 3078 ad
434 3038 490 3091 me,
507 3024 536 3077 et
560 3017 634 3075 satvr
657 3019 751 3080 eritis,
767 3029 870 3071 omnes
894 3012 967 3067 tlnes
1056 3027 1087 3078 er
1102 3038 1160 3077 non
1177 3024 1294 3079 pesistat
1310 3021 1382 3078 mihi
1398 3023 1496 3079 homo,

214 3101 307 3178 torre,
631 3159 650 3215 Γ
982 3105 1004 3171 C
1023 3094 1198 3176 Redemptor
1220 3096 1349 3161 noster³‚
1366 3093 1510 3153 Dominus
1531 3095 1721 3165 exercituum,
1733 3102 1804 3150 nouttt

145 3165 538 3309 dltlttlttuttl⁰²¹
553 3165 598 3316 θῗῐ
612 3176 699 3314 ⁸‚¹f¹⁵·
1022 3164 1427 3305 attumulati-1„
1450 3237 1598 3310 ansam,
1614 3237 1676 3296 arr,
1696 3233 1801 3294 crau

178 3311 344 3383 egredietur
358 3308 393 3363 de
409 3324 457 3364 ore
481 3320 545 3361 mec
564 3307 689 3375 Justatree
713 3301 889 3369 verbumst
908 3313 965 3355 non
1093 3325 1158 3363 rum
1181 3325 1188 3364 :

213 3385 374 3437 revertetur
390 3393 396 3434 :
1057 3380 1127 3452 quta
1142 3395 1199 3435 non
1214 3377 1363 3435 vocaberis
1379 3378 1456 3436 ultra
1470 3379 1592 3438 domina
1607 3394 1758 3456 regnorum·

141 3451 216 3517 Duia
231 3451 304 3508 mibi
319 3448 490 3507 curvabitur
504 3462 591 3503 omne
605 3460 691 3519 genu,
1022 3451 1116 3507 lratus
1132 3467 1198 3507 eum
1215 3467 1304 3524 super
1315 3451 1461 3578 (populum
1477 3467 1590 3522 mcum,

176 3529 205 3581 ct
215 3522 330 3596 jurabit
344 3522 440 3578 omnis
454 3519 566 3590 lingua,
1020 3522 1223 3580 Contaminari
1237 3523 1312 3579 bare
1336 3523 1437 3580 itatem
1454 3541 1561 3591 meam,

141 3596 215 3669 llrgo
231 3596 262 3651 in
277 3594 401 3651 Domino
416 3592 504 3657 dicet,
1055 3600 1084 3650 et
1098 3593 1165 3650 dedi
1180 3609 1231 3650 eos
1245 3596 1274 3650 in
1291 3611 1380 3650 manu
1397 3600 1448 3652 tua
1464 3611 1472 3652 r

23 3730 29 3739 Α
177 3682 247 3724 mea
262 3675 331 3723 sunt
341 3664 466 3749 justitio
481 3668 510 3719 et
523 3658 680 3734 imperium
696 3673 704 3713 :
1056 3683 1115 3721 non
1131 3665 1255 3738 posuisti
1271 3664 1313 3721 eis
1328 3666 1545 3724 misericordiae
1561 3684 1569 3724 ε

139 3740 182 3796 ad
198 3755 265 3795 eom
286 3741 414 3805 venient,
612 3801 618 3813 ,
830 3797 836 3808 ,
1019 3739 1114 3810 Super
1134 3753 1235 3793 senem
1260 3738 1425 3811 aggravasti
1451 3740 1559 3813 logum
1586 3754 1679 3796 unum
1704 3725 1799 3801 ruod

175 3814 204 3867 et
218 3810 436 3868 contundentur
450 3820 553 3862 omnes
568 3818 620 3876 qur
634 3801 848 3874 repugnanter.
1091 3808 1190 3864 dixisti
1207 3825 1214 3864 :

141 3885 174 3941 ln
190 3882 314 3940 Domino
325 3877 551 3953 iustificabitur,
1055 3882 1087 3936 lu
1103 3879 1315 3952 sempiternum
1330 3893 1390 3950 ero,
1406 3881 1549 3938 domins:

176 3959 205 4011 et
219 3954 388 4011 laudabitur
402 3965 489 4007 omne
505 3962 603 4003 semen
620 3942 733 4001 lsrael..
1018 3954 1081 4009 Non
1097 3951 1220 4024 posuisti
1235 3950 1296 4006 hac
1311 3968 1400 4025 super
1414 3969 1464 4009 cor
1480 3957 1577 4022 tuum,

175 4025 254 4098 (Cap.
269 4023 385 4095 XLVI.)
401 4021 575 4077 Contractus
589 4021 634 4074 est
648 4015 698 4073 Bel
711 4016 733 4083 ¹,
1055 4040 1150 4096 neque
1166 4023 1316 4080 recordata
1329 4040 1360 4080 es
1374 4024 1527 4083 novissimi
1541 4025 1596 4082 tui.

175 4096 318 4154 contritus
333 4100 379 4153 est
392 4093 473 4150 Nabo
489 4107 496 4147 ε
928 4153 935 4167 ,
1019 4097 1054 4152 lit
1067 4112 1145 4152 nunc
1160 4095 1229 4151 audi
1245 4093 1305 4150 buc
1320 4095 1454 4167 delicata,

176 4171 252 4226 tacta
266 4173 337 4226 eunt
351 4165 512 4224 simulacra
525 4174 628 4218 eorum
644 4156 745 4215 bestiis
761 4160 791 4212 et
808 4156 963 4238 jumentis,
1053 4177 1080 4223 01
1095 4166 1232 4222 habitan„
1248 4166 1437 4239 confidenter,

172 4237 450 4311 oneravestragravi
462 4235 589 4309 pondere
599 4229 736 4313 usquead
745 4227 962 4285 lassitudinem.
1018 4239 1086 4304 0⁰ae
1101 4238 1175 4295 dici„
1191 4239 1220 4293 jn
1236 4238 1323 4294 00rd0
1338 4242 1388 4295 tuo
1405 4256 1412 4296 :
1430 4244 1488 4312 1330
1503 4256 1582 4308 gum,

136 4314 368 4377 Contabusruut,
384 4314 414 4366 et
428 4306 554 4364 contrita
569 4309 641 4360 sunt
654 4299 761 4370 srmul;
974 4317 976 4320 ·
1053 4315 1082 4367 et
1098 4326 1154 4366 non
1171 4315 1216 4366 ast
1230 4313 1333 4382 preater
1349 4326 1396 4367 me
1410 4310 1538 4384 amplius
1555 4329 1562 4369 :

171 4402 230 4440 non
246 4388 406 4455 potuerunt
420 4379 533 4438 salvare
548 4378 724 4456 portantem,
1020 4383 1081 4440 Νοῃ
1098 4381 1205 4438 sedebo
1218 4380 1318 4447 vidua,

134 4446 737 4522 etanimacorumincaptivitetemibrt.
786 4513 792 4526 Ι
977 4477 1000 4543 D
1053 4451 1449 4524 otignorabostgrilitaoem,
1770 4517 1775 4529 .

133 4528 238 4584 Audito
262 4528 442 4656 mf'd⁰1m⁰⁸
465 4521 566 4588 Jacob.
582 4523 611 4576 at
629 4533 716 4576 omna
738 4513 889 4572 residuum
905 4513 958 4569 (10-
1018 4525 1140 4583 venient
1154 4523 1206 4652 {bi
1223 4524 1280 4581 ouo
1303 4524 1366 4582 uaeo
1385 4525 1484 4583 suoru
1498 4523 1528 4581 in
1543 4525 1592 4582 ou
1615 4542 1686 4599 una,
1700 4518 1804 4583 aurbu

207 4616 274 4654 mus
304 4614 391 4666 srae,
1086 4601 1115 4653 et
1131 4596 1157 4651 vi
1182 4595 1268 4652 uitas.

167 4671 218 4742 qui
235 4669 394 4742 portamini
411 4684 428 4724 a
444 4681 510 4722 mco
525 4667 620 4729 utero,
1013 4667 1153 4725 Universa
1165 4670 1310 4724 venerunt
1323 4683 1413 4739 super
1428 4675 1464 4734 te,

167 4741 218 4814 qui
231 4741 387 4815 gestamini
403 4756 420 4795 a
436 4754 501 4794 mea
517 4734 608 4792 vulva.
1047 4743 1166 4813 propter
1182 4738 1402 4796 multitudinem
1418 4738 1633 4798 maleficiorum
1647 4744 1768 4806 tuorum,

131 4813 229 4886 Usque
244 4813 279 4869 ad
295 4816 441 4869 senectam
459 4825 512 4882 ego
527 4808 601 4880 ipse,
1047 4816 1076 4867 et
1098 4815 1217 4884 propter
1231 4810 1371 4867 duritiam
1388 4810 1603 4870 incantatorum
1619 4817 1736 4871 tuorum
1747 4802 1806 4863 volt

165 4893 195 4942 et
211 4901 303 4957 usque
317 4885 353 4941 ad
370 4899 459 4939 canos
473 4895 527 4953 ego
543 4876 665 4952 portabo
682 4891 689 4929 τ
1047 4887 1176 4939 mentem
1191 4883 1244 4954 (At.
1263 4882 1470 5011 vehemente'rd.

129 4956 189 5031 ligo
204 4956 268 5025 teci,
284 4959 314 5012 et
328 4971 380 5028 ego
396 4955 487 5010 leram
502 4968 509 5008 :
1010 4954 1044 5010 tlt
1059 4955 1195 5011 fiduciam
1211 4954 1341 5011 babuisti
1356 4956 1385 5010 in
1402 4971 1431 5010 m
1463 4955 1515 5010 itia
1528 4959 1591 5024 tua,
1606 4959 1637 5013 et
1652 4952 1765 5012 dixisti:

164 5044 217 5103 ego
233 5028 367 5101 portabo,
382 5033 411 5083 et
426 5023 556 5082 salvabo.
1043 5024 1106 5081 Non
1119 5025 1226 5096 estqui
1239 5027 1336 5082 videat
1349 5041 1407 5082 me.

127 5099 179 5157 Cui
195 5099 384 5156 assimilffltifl
400 5114 457 5164 me,
473 5101 502 5153 et
516 5089 727 5176 tdaetluttiipr,
1008 5096 1158 5169 Sapientia
1172 5102 1223 5153 tua
1238 5102 1265 5154 ct
1285 5098 1408 5154 scientia
1432 5102 1483 5153 tua
1509 5096 1572 5156 bec
1587 5099 1702 5172 decepit
1714 5093 1761 5170 (lt.
1772 5087 1804 5143 tt

162 5179 192 5230 et
206 5170 400 5243 comparastis
416 5185 473 5232 me,
489 5175 518 5224 et
534 5167 645 5222 lecistis
661 5159 814 5218 similem?
1080 5169 1230 5241 ceperunt)
1246 5174 1285 5226 te,

125 5244 178 5309 Qui
195 5244 335 5301 contortis
348 5258 454 5299 aurum
469 5241 505 5296 de
520 5235 650 5317 sacculo,¹
1006 5239 1041 5294 Et
1056 5240 1154 5297 dixisti
1169 5241 1199 5296 in
1214 5240 1365 5297 cordetuo
1382 5257 1388 5297 :
1403 5238 1462 5313 Ego
1477 5256 1556 5311 sum,

160 5321 189 5374 et
204 5320 358 5391 argentum
374 5319 483 5371 statera
501 5309 669 5385 ponderatis
685 5321 693 5361 ι
761 5342 764 5346 ι
1040 5316 1070 5367 et
1085 5318 1189 5386 prater
1203 5328 1251 5369 me
1265 5327 1323 5367 non
1339 5316 1384 5368 eet
1399 5312 1500 5370 altera.

123 5388 325 5458 conducentes
338 5386 501 5452 aurificem,
518 5387 551 5438 ut
565 5380 653 5436 lactat
666 5376 769 5444 deum;
1004 5381 1109 5441 Veniet
1123 5400 1210 5456 super
1224 5389 1252 5440 te
1268 5382 1391 5454 malum,

158 5600 383 5657 ¹Librariorurn
413 5613 510 5655 errore
537 5595 568 5652 in
593 5592 730 5651 omnibus
760 5587 845 5645 libris
874 5605 945 5648 mss.
1002 5597 1065 5667 ipse
1081 5597 1110 5653 in
1126 5596 1337 5654 commentario
1350 5593 1421 5671 legit
1433 5597 1464 5654 S.
1475 5597 1661 5671 PsterJuxta
1675 5594 1800 5655 nabsan!

113 5672 262 5744 scriptum
278 5671 417 5746 legimus,
432 5671 566 5742 metictas
576 5675 615 5725 est
627 5666 687 5734 Bet,
697 5663 760 5720 loco
774 5663 945 5732 contractae.
1001 5677 1160 5739 iuuenili,
1174 5674 1202 5726 et
1215 5670 1300 5739 sortes
1314 5673 1409 5726 estote.
1653 5736 1656 5741 1

103 5742 204 5801 Mser.
1037 5736 1799 5814 ¹varsumprasenteminoimtnnataeulucarn·

129 5815 144 5852 ¹
170 5815 311 5876 ltcocrtbl
347 5817 452 5881 malim
482 5815 668 5899 scedomiui,
697 5806 952 5890 quemadmodum
999 5810 1414 5875 llb.uaccnmentartoran
1427 5812 1459 5873 tu
1472 5810 1592 5876 udam.
1606 5812 1702 5877 Heus.
