<?xml version="1.0" encoding="UTF-8"?>
<!DOCTYPE html PUBLIC "-//W3C//DTD XHTML 1.0 Transitional//EN"
    "http://www.w3.org/TR/xhtml1/DTD/xhtml1-transitional.dtd">
<html xmlns="http://www.w3.org/1999/xhtml" xml:lang="en" lang="en">
 <head>
  <title>
</title>
<meta http-equiv="Content-Type" content="text/html;charset=utf-8" />
  <meta name='ocr-system' content='tesseract 3.04.00' />
  <meta name='ocr-capabilities' content='ocr_page ocr_carea ocr_par ocr_line ocrx_word'/>
</head>
<body>
  <div class='ocr_page' id='page_1' title='image "./patrologiaecurs13goog_0643.png"; bbox 0 0 3870 6120; ppageno 0'>
   <div class='ocr_carea' id='block_1_1' title="bbox 119 196 190 263">
    <p class='ocr_par' dir='ltr' id='par_1_1' title="bbox 119 196 190 263">
     <span class='ocr_line' id='line_1_1' title="bbox 119 196 190 263; baseline 0 -9"><span class='ocrx_word' id='word_1_1' title='bbox 119 196 190 263; x_wconf 74' lang='lat'>1279</span> 
     </span>
    </p>
   </div>
   <div class='ocr_carea' id='block_1_2' title="bbox 116 398 944 1171">
    <p class='ocr_par' dir='ltr' id='par_1_2' title="bbox 116 398 944 1171">
     <span class='ocr_line' id='line_1_2' title="bbox 119 398 746 469; baseline -0.011 -9"><span class='ocrx_word' id='word_1_2' title='bbox 119 403 272 461; x_wconf 85' lang='lat' dir='ltr'>Scrutatur</span> <span class='ocrx_word' id='word_1_3' title='bbox 286 406 403 457; x_wconf 89' lang='lat' dir='ltr'>exactor</span> <span class='ocrx_word' id='word_1_4' title='bbox 419 401 553 455; x_wconf 89' lang='lat' dir='ltr'>universa</span> <span class='ocrx_word' id='word_1_5' title='bbox 568 415 631 469; x_wconf 79' lang='lat' dir='ltr'>qno</span> <span class='ocrx_word' id='word_1_6' title='bbox 648 398 746 465; x_wconf 89' lang='lat' dir='ltr'>hahet,</span> 
     </span>
     <span class='ocr_line' id='line_1_3' title="bbox 156 470 680 544; baseline -0.004 -14"><span class='ocrx_word' id='word_1_7' title='bbox 156 480 185 530; x_wconf 89' lang='lat' dir='ltr'>et</span> <span class='ocrx_word' id='word_1_8' title='bbox 200 473 341 544; x_wconf 90' lang='lat' dir='ltr'>diripiant</span> <span class='ocrx_word' id='word_1_9' title='bbox 355 471 441 526; x_wconf 88' lang='lat' dir='ltr'>alieni</span> <span class='ocrx_word' id='word_1_10' title='bbox 458 470 588 527; x_wconf 89' lang='lat' dir='ltr'>laborem</span> <span class='ocrx_word' id='word_1_11' title='bbox 602 473 680 543; x_wconf 88' lang='lat' dir='ltr'>ejus.</span> 
     </span>
     <span class='ocr_line' id='line_1_4' title="bbox 120 543 590 614; baseline -0.011 -12"><span class='ocrx_word' id='word_1_12' title='bbox 120 545 184 602; x_wconf 93' lang='lat' dir='ltr'>Neu</span> <span class='ocrx_word' id='word_1_13' title='bbox 199 545 237 600; x_wconf 90' lang='lat' dir='ltr'>sit</span> <span class='ocrx_word' id='word_1_14' title='bbox 252 544 301 614; x_wconf 86' lang='lat' dir='ltr'>qui</span> <span class='ocrx_word' id='word_1_15' title='bbox 317 543 381 612; x_wconf 80' lang='lat' dir='ltr'>ejus</span> <span class='ocrx_word' id='word_1_16' title='bbox 397 543 590 599; x_wconf 86' lang='lat' dir='ltr'>misereatur:</span> 
     </span>
     <span class='ocr_line' id='line_1_5' title="bbox 155 612 781 685; baseline -0.005 -14"><span class='ocrx_word' id='word_1_17' title='bbox 155 630 249 685; x_wconf 87' lang='lat' dir='ltr'>neque</span> <span class='ocrx_word' id='word_1_18' title='bbox 264 614 314 685; x_wconf 85' lang='lat' dir='ltr'>qui</span> <span class='ocrx_word' id='word_1_19' title='bbox 329 614 459 669; x_wconf 89' lang='lat' dir='ltr'>clemens</span> <span class='ocrx_word' id='word_1_20' title='bbox 474 615 513 670; x_wconf 89' lang='lat' dir='ltr'>sit</span> <span class='ocrx_word' id='word_1_21' title='bbox 526 612 692 685; x_wconf 91' lang='lat' dir='ltr'>inpupillos</span> <span class='ocrx_word' id='word_1_22' title='bbox 707 613 781 684; x_wconf 86' lang='lat' dir='ltr'>ejus.</span> 
     </span>
     <span class='ocr_line' id='line_1_6' title="bbox 119 686 652 756; baseline -0.008 -13"><span class='ocrx_word' id='word_1_23' title='bbox 119 688 183 744; x_wconf 81' lang='lat' dir='ltr'>Fiat</span> <span class='ocrx_word' id='word_1_24' title='bbox 200 686 395 741; x_wconf 86' lang='lat' dir='ltr'>novissimum</span> <span class='ocrx_word' id='word_1_25' title='bbox 411 687 475 756; x_wconf 89' lang='lat' dir='ltr'>ejus</span> <span class='ocrx_word' id='word_1_26' title='bbox 492 687 629 741; x_wconf 90' lang='lat' dir='ltr'>interitus</span> <span class='ocrx_word' id='word_1_27' title='bbox 646 702 652 739; x_wconf 76' lang='grc' dir='ltr'><strong>ε</strong></span> 
     </span>
     <span class='ocr_line' id='line_1_7' title="bbox 154 753 895 835; baseline -0.005 -23"><span class='ocrx_word' id='word_1_28' title='bbox 154 761 184 813; x_wconf 91' lang='lat' dir='ltr'>in</span> <span class='ocrx_word' id='word_1_29' title='bbox 200 758 387 828; x_wconf 72' lang='lat' dir='ltr'>generatione</span> <span class='ocrx_word' id='word_1_30' title='bbox 403 758 495 813; x_wconf 86' lang='lat' dir='ltr'>altere</span> <span class='ocrx_word' id='word_1_31' title='bbox 510 757 642 813; x_wconf 80' lang='lat' dir='ltr'>deleatur</span> <span class='ocrx_word' id='word_1_32' title='bbox 658 771 764 811; x_wconf 90' lang='lat' dir='ltr'>nomen</span> <span class='ocrx_word' id='word_1_33' title='bbox 776 754 840 825; x_wconf 91' lang='lat' dir='ltr'>ejus</span> <span class='ocrx_word' id='word_1_34' title='bbox 854 753 875 810; x_wconf 82' lang='lat'>².</span> <span class='ocrx_word' id='word_1_35' title='bbox 890 825 895 835; x_wconf 31' lang='grc' dir='ltr'>ι</span> 
     </span>
     <span class='ocr_line' id='line_1_8' title="bbox 119 825 944 899; baseline -0.005 -13"><span class='ocrx_word' id='word_1_36' title='bbox 119 831 230 886; x_wconf 80' lang='lat' dir='ltr'>Redeat</span> <span class='ocrx_word' id='word_1_37' title='bbox 244 827 274 883; x_wconf 90' lang='lat' dir='ltr'>in</span> <span class='ocrx_word' id='word_1_38' title='bbox 291 830 464 884; x_wconf 87' lang='lat' dir='ltr'>memoriam</span> <span class='ocrx_word' id='word_1_39' title='bbox 481 829 522 899; x_wconf 85' lang='lat' dir='ltr'>(h.</span> <span class='ocrx_word' id='word_1_40' title='bbox 534 836 793 897; x_wconf 78' lang='lat' dir='ltr'>commemoretur)</span> <span class='ocrx_word' id='word_1_41' title='bbox 803 825 944 896; x_wconf 81' lang='lat' dir='ltr'>iniquitas</span> 
     </span>
     <span class='ocr_line' id='line_1_9' title="bbox 194 900 669 971; baseline -0.004 -17"><span class='ocrx_word' id='word_1_42' title='bbox 194 906 309 971; x_wconf 89' lang='lat' dir='ltr'>patrum</span> <span class='ocrx_word' id='word_1_43' title='bbox 325 902 391 970; x_wconf 88' lang='lat' dir='ltr'>ejus</span> <span class='ocrx_word' id='word_1_44' title='bbox 408 902 484 969; x_wconf 91' lang='lat' dir='ltr'>apud</span> <span class='ocrx_word' id='word_1_45' title='bbox 500 900 669 956; x_wconf 87' lang='lat' dir='ltr'>Dominum.</span> 
     </span>
     <span class='ocr_line' id='line_1_10' title="bbox 152 966 944 1043; baseline -0.006 -16"><span class='ocrx_word' id='word_1_46' title='bbox 152 966 944 1043; x_wconf 75' lang='lat' dir='ltr'>etiniquitas(h.peccatum)mnlriseJusnondeleatur.</span> 
     </span>
     <span class='ocr_line' id='line_1_11' title="bbox 116 1043 631 1115; baseline -0.002 -15"><span class='ocrx_word' id='word_1_47' title='bbox 116 1043 183 1100; x_wconf 83' lang='lat' dir='ltr'><strong>Sint</strong></span> <span class='ocrx_word' id='word_1_48' title='bbox 198 1049 300 1099; x_wconf 91' lang='lat' dir='ltr'>contre</span> <span class='ocrx_word' id='word_1_49' title='bbox 316 1043 473 1099; x_wconf 92' lang='lat' dir='ltr'>Dominum</span> <span class='ocrx_word' id='word_1_50' title='bbox 491 1060 631 1115; x_wconf 87' lang='lat' dir='ltr'>semper:</span> 
     </span>
     <span class='ocr_line' id='line_1_12' title="bbox 152 1115 747 1171; baseline -0.01 1"><span class='ocrx_word' id='word_1_51' title='bbox 152 1120 181 1171; x_wconf 90' lang='lat' dir='ltr'>et</span> <span class='ocrx_word' id='word_1_52' title='bbox 192 1115 319 1170; x_wconf 86' lang='lat' dir='ltr'>intereat</span> <span class='ocrx_word' id='word_1_53' title='bbox 333 1118 369 1169; x_wconf 91' lang='lat' dir='ltr'>de</span> <span class='ocrx_word' id='word_1_54' title='bbox 384 1121 462 1170; x_wconf 89' lang='lat' dir='ltr'>terra</span> <span class='ocrx_word' id='word_1_55' title='bbox 478 1116 619 1171; x_wconf 87' lang='lat' dir='ltr'>memoria</span> <span class='ocrx_word' id='word_1_56' title='bbox 634 1128 747 1170; x_wconf 87' lang='lat' dir='ltr'>eorum.</span> 
     </span>
    </p>
   </div>
   <div class='ocr_carea' id='block_1_3' title="bbox 19 1180 943 1259">
    <p class='ocr_par' dir='ltr' id='par_1_3' title="bbox 19 1180 943 1259">
     <span class='ocr_line' id='line_1_13' title="bbox 19 1180 943 1259; baseline -0.008 -12"><span class='ocrx_word' id='word_1_57' title='bbox 19 1232 25 1247; x_wconf 91' lang='lat'>.</span> <span class='ocrx_word' id='word_1_58' title='bbox 117 1187 156 1242; x_wconf 80' lang='lat' dir='ltr'>lle</span> <span class='ocrx_word' id='word_1_59' title='bbox 173 1187 250 1259; x_wconf 91' lang='lat' dir='ltr'>quod</span> <span class='ocrx_word' id='word_1_60' title='bbox 267 1202 323 1241; x_wconf 90' lang='lat' dir='ltr'>non</span> <span class='ocrx_word' id='word_1_61' title='bbox 340 1192 384 1242; x_wconf 90' lang='lat' dir='ltr'>est</span> <span class='ocrx_word' id='word_1_62' title='bbox 399 1189 570 1243; x_wconf 87' lang='lat' dir='ltr'>reeordatus</span> <span class='ocrx_word' id='word_1_63' title='bbox 583 1188 676 1242; x_wconf 84' lang='lat' dir='ltr'>tueare</span> <span class='ocrx_word' id='word_1_64' title='bbox 690 1180 943 1240; x_wconf 82' lang='lat' dir='ltr'>misericordiam:</span> 
     </span>
    </p>
   </div>
   <div class='ocr_carea' id='block_1_4' title="bbox 112 1258 943 3536">
    <p class='ocr_par' dir='ltr' id='par_1_4' title="bbox 112 1258 943 3536">
     <span class='ocr_line' id='line_1_14' title="bbox 152 1258 943 1330; baseline -0.006 -16"><span class='ocrx_word' id='word_1_65' title='bbox 152 1263 181 1314; x_wconf 92' lang='lat' dir='ltr'>et</span> <span class='ocrx_word' id='word_1_66' title='bbox 196 1263 370 1327; x_wconf 85' lang='lat' dir='ltr'>persecutus</span> <span class='ocrx_word' id='word_1_67' title='bbox 385 1265 429 1314; x_wconf 90' lang='lat' dir='ltr'>est</span> <span class='ocrx_word' id='word_1_68' title='bbox 447 1258 541 1314; x_wconf 88' lang='lat' dir='ltr'>virum</span> <span class='ocrx_word' id='word_1_69' title='bbox 563 1260 691 1330; x_wconf 90' lang='lat' dir='ltr'>inopem,</span> <span class='ocrx_word' id='word_1_70' title='bbox 707 1260 737 1311; x_wconf 90' lang='lat' dir='ltr'>et</span> <span class='ocrx_word' id='word_1_71' title='bbox 764 1268 943 1327; x_wconf 74' lang='lat' dir='ltr'>pauperem:</span> 
     </span>
     <span class='ocr_line' id='line_1_15' title="bbox 154 1329 809 1407; baseline -0.002 -22"><span class='ocrx_word' id='word_1_72' title='bbox 154 1335 184 1385; x_wconf 91' lang='lat' dir='ltr'>et</span> <span class='ocrx_word' id='word_1_73' title='bbox 204 1335 404 1400; x_wconf 89' lang='lat' dir='ltr'>conpunctum</span> <span class='ocrx_word' id='word_1_74' title='bbox 419 1331 516 1399; x_wconf 89' lang='lat' dir='ltr'>eorde,</span> <span class='ocrx_word' id='word_1_75' title='bbox 533 1335 565 1386; x_wconf 91' lang='lat' dir='ltr'>ut</span> <span class='ocrx_word' id='word_1_76' title='bbox 579 1329 766 1385; x_wconf 83' lang='lat' dir='ltr'>interficeret.</span> <span class='ocrx_word' id='word_1_77' title='bbox 803 1395 809 1407; x_wconf 31' lang='grc' dir='ltr'>ι</span> 
     </span>
     <span class='ocr_line' id='line_1_16' title="bbox 116 1396 901 1473; baseline -0.004 -16"><span class='ocrx_word' id='word_1_78' title='bbox 116 1401 152 1457; x_wconf 86' lang='grc' dir='ltr'>Ει</span> <span class='ocrx_word' id='word_1_79' title='bbox 167 1399 269 1456; x_wconf 86' lang='lat' dir='ltr'>dilexit</span> <span class='ocrx_word' id='word_1_80' title='bbox 280 1401 527 1469; x_wconf 83' lang='lat' dir='ltr'>meledictionem,</span> <span class='ocrx_word' id='word_1_81' title='bbox 543 1418 607 1473; x_wconf 78' lang='lat' dir='ltr'>que</span> <span class='ocrx_word' id='word_1_82' title='bbox 623 1401 678 1471; x_wconf 79' lang='lat' dir='ltr'>(Al.</span> <span class='ocrx_word' id='word_1_83' title='bbox 695 1399 841 1470; x_wconf 75' lang='lat' dir='ltr'>etlvenret</span> <span class='ocrx_word' id='word_1_84' title='bbox 856 1396 901 1454; x_wconf 89' lang='lat' dir='ltr'>ei:</span> 
     </span>
     <span class='ocr_line' id='line_1_17' title="bbox 153 1469 943 1543; baseline -0.003 -15"><span class='ocrx_word' id='word_1_85' title='bbox 153 1480 182 1528; x_wconf 90' lang='lat' dir='ltr'>et</span> <span class='ocrx_word' id='word_1_86' title='bbox 197 1470 292 1527; x_wconf 89' lang='lat' dir='ltr'>no&#39;uit</span> <span class='ocrx_word' id='word_1_87' title='bbox 308 1472 552 1538; x_wconf 88' lang='lat' dir='ltr'>benedictionem,</span> <span class='ocrx_word' id='word_1_88' title='bbox 570 1489 634 1543; x_wconf 78' lang='lat' dir='ltr'>quae</span> <span class='ocrx_word' id='word_1_89' title='bbox 649 1469 882 1542; x_wconf 82' lang='lat' dir='ltr'>elongobiturab</span> <span class='ocrx_word' id='word_1_90' title='bbox 897 1485 943 1526; x_wconf 91' lang='lat' dir='ltr'>eo.</span> 
     </span>
     <span class='ocr_line' id='line_1_18' title="bbox 117 1541 943 1615; baseline 0 -17"><span class='ocrx_word' id='word_1_91' title='bbox 117 1543 150 1599; x_wconf 82' lang='lat' dir='ltr'>Dt</span> <span class='ocrx_word' id='word_1_92' title='bbox 165 1544 287 1600; x_wconf 89' lang='lat' dir='ltr'>indutus</span> <span class='ocrx_word' id='word_1_93' title='bbox 303 1550 348 1599; x_wconf 88' lang='lat' dir='ltr'>est</span> <span class='ocrx_word' id='word_1_94' title='bbox 367 1544 575 1601; x_wconf 79' lang='lat' dir='ltr'>meledictione</span> <span class='ocrx_word' id='word_1_95' title='bbox 590 1559 675 1615; x_wconf 81' lang='lat' dir='ltr'>quasi</span> <span class='ocrx_word' id='word_1_96' title='bbox 686 1541 859 1598; x_wconf 89' lang='lat' dir='ltr'>vestimento</span> <span class='ocrx_word' id='word_1_97' title='bbox 879 1557 943 1610; x_wconf 88' lang='lat' dir='ltr'>suo,</span> 
     </span>
     <span class='ocr_line' id='line_1_19' title="bbox 152 1614 845 1688; baseline -0.006 -17"><span class='ocrx_word' id='word_1_98' title='bbox 152 1619 181 1671; x_wconf 92' lang='lat' dir='ltr'>et</span> <span class='ocrx_word' id='word_1_99' title='bbox 193 1615 377 1683; x_wconf 70' lang='lat' dir='ltr'>ingredietur</span> <span class='ocrx_word' id='word_1_100' title='bbox 391 1618 475 1688; x_wconf 88' lang='lat' dir='ltr'>quasi</span> <span class='ocrx_word' id='word_1_101' title='bbox 492 1632 569 1688; x_wconf 88' lang='lat' dir='ltr'>aqua</span> <span class='ocrx_word' id='word_1_102' title='bbox 584 1614 613 1672; x_wconf 91' lang='lat' dir='ltr'>in</span> <span class='ocrx_word' id='word_1_103' title='bbox 628 1615 743 1673; x_wconf 89' lang='lat' dir='ltr'>viscera</span> <span class='ocrx_word' id='word_1_104' title='bbox 757 1614 822 1684; x_wconf 88' lang='lat' dir='ltr'>ejus</span> <span class='ocrx_word' id='word_1_105' title='bbox 838 1628 845 1667; x_wconf 75' lang='grc' dir='ltr'><strong>ι</strong></span> 
     </span>
     <span class='ocr_line' id='line_1_20' title="bbox 153 1687 614 1758; baseline 0 -16"><span class='ocrx_word' id='word_1_106' title='bbox 153 1695 180 1742; x_wconf 90' lang='lat' dir='ltr'>et</span> <span class='ocrx_word' id='word_1_107' title='bbox 197 1687 281 1758; x_wconf 89' lang='lat' dir='ltr'>quasi</span> <span class='ocrx_word' id='word_1_108' title='bbox 297 1688 394 1744; x_wconf 90' lang='lat' dir='ltr'>oleum</span> <span class='ocrx_word' id='word_1_109' title='bbox 412 1689 441 1742; x_wconf 94' lang='lat' dir='ltr'>in</span> <span class='ocrx_word' id='word_1_110' title='bbox 458 1704 524 1744; x_wconf 89' lang='lat' dir='ltr'>ossa</span> <span class='ocrx_word' id='word_1_111' title='bbox 539 1689 614 1757; x_wconf 81' lang='lat' dir='ltr'>eius.</span> 
     </span>
     <span class='ocr_line' id='line_1_21' title="bbox 115 1754 940 1884; baseline -0.001 -72"><span class='ocrx_word' id='word_1_112' title='bbox 115 1758 157 1814; x_wconf 89' lang='lat' dir='ltr'>Sit</span> <span class='ocrx_word' id='word_1_113' title='bbox 171 1758 205 1884; x_wconf 50' lang='lat' dir='ltr'>eii</span> <span class='ocrx_word' id='word_1_114' title='bbox 213 1759 297 1830; x_wconf 88' lang='lat' dir='ltr'>quasi</span> <span class='ocrx_word' id='word_1_115' title='bbox 309 1757 431 1832; x_wconf 87' lang='lat' dir='ltr'>pallium</span> <span class='ocrx_word' id='word_1_116' title='bbox 445 1758 484 1832; x_wconf 76' lang='lat' dir='ltr'>th.</span> <span class='ocrx_word' id='word_1_117' title='bbox 495 1757 726 1829; x_wconf 87' lang='lat' dir='ltr'>vestimentum),</span> <span class='ocrx_word' id='word_1_118' title='bbox 737 1772 795 1829; x_wconf 86' lang='lat' dir='ltr'>quo</span> <span class='ocrx_word' id='word_1_119' title='bbox 810 1754 940 1812; x_wconf 90' lang='lat' dir='ltr'>circum·</span> 
     </span>
     <span class='ocr_line' id='line_1_22' title="bbox 210 1837 288 1886; baseline 0.013 -2"><span class='ocrx_word' id='word_1_120' title='bbox 210 1837 288 1886; x_wconf 89' lang='lat' dir='ltr'>atur.</span> 
     </span>
     <span class='ocr_line' id='line_1_23' title="bbox 152 1897 867 1984; baseline 0 -29"><span class='ocrx_word' id='word_1_121' title='bbox 152 1904 182 1956; x_wconf 89' lang='lat' dir='ltr'>et</span> <span class='ocrx_word' id='word_1_122' title='bbox 196 1903 281 1972; x_wconf 86' lang='lat' dir='ltr'>quasi</span> <span class='ocrx_word' id='word_1_123' title='bbox 297 1901 461 1974; x_wconf 85' lang='lat' dir='ltr'>cingulum,</span> <span class='ocrx_word' id='word_1_124' title='bbox 478 1918 536 1974; x_wconf 86' lang='lat' dir='ltr'>quo</span> <span class='ocrx_word' id='word_1_125' title='bbox 552 1916 670 1984; x_wconf 82' lang='lat' dir='ltr'>semper</span> <span class='ocrx_word' id='word_1_126' title='bbox 694 1897 867 1970; x_wconf 82' lang='lat' dir='ltr'>aecingitur.</span> 
     </span>
     <span class='ocr_line' id='line_1_24' title="bbox 117 1971 940 2044; baseline -0.001 -18"><span class='ocrx_word' id='word_1_127' title='bbox 117 1974 182 2028; x_wconf 80' lang='lat' dir='ltr'>linc</span> <span class='ocrx_word' id='word_1_128' title='bbox 197 1979 242 2029; x_wconf 88' lang='lat' dir='ltr'>est</span> <span class='ocrx_word' id='word_1_129' title='bbox 257 1974 410 2030; x_wconf 79' lang='lat' dir='ltr'>retributio</span> <span class='ocrx_word' id='word_1_130' title='bbox 425 1991 525 2030; x_wconf 90' lang='lat' dir='ltr'>eorum</span> <span class='ocrx_word' id='word_1_131' title='bbox 535 1974 667 2044; x_wconf 60' lang='lat' dir='ltr'>(atthis),</span> <span class='ocrx_word' id='word_1_132' title='bbox 680 1972 730 2044; x_wconf 91' lang='lat' dir='ltr'>qui</span> <span class='ocrx_word' id='word_1_133' title='bbox 744 1971 940 2027; x_wconf 88' lang='lat' dir='ltr'>adversantur</span> 
     </span>
     <span class='ocr_line' id='line_1_25' title="bbox 187 2046 440 2113; baseline 0.012 -14"><span class='ocrx_word' id='word_1_134' title='bbox 187 2046 260 2101; x_wconf 92' lang='lat' dir='ltr'>mihi</span> <span class='ocrx_word' id='word_1_135' title='bbox 277 2046 440 2113; x_wconf 89' lang='lat' dir='ltr'>eDomino,</span> 
     </span>
     <span class='ocr_line' id='line_1_26' title="bbox 152 2112 938 2187; baseline -0.004 -17"><span class='ocrx_word' id='word_1_136' title='bbox 152 2120 181 2171; x_wconf 90' lang='lat' dir='ltr'>et</span> <span class='ocrx_word' id='word_1_137' title='bbox 196 2120 246 2187; x_wconf 87' lang='lat' dir='ltr'>qni</span> <span class='ocrx_word' id='word_1_138' title='bbox 260 2116 421 2187; x_wconf 80' lang='lat' dir='ltr'>loquuntur</span> <span class='ocrx_word' id='word_1_139' title='bbox 438 2115 548 2172; x_wconf 88' lang='lat' dir='ltr'>malum</span> <span class='ocrx_word' id='word_1_140' title='bbox 565 2119 667 2170; x_wconf 87' lang='lat' dir='ltr'>eontra</span> <span class='ocrx_word' id='word_1_141' title='bbox 683 2112 813 2168; x_wconf 88' lang='lat' dir='ltr'>animam</span> <span class='ocrx_word' id='word_1_142' title='bbox 830 2127 938 2169; x_wconf 86' lang='lat' dir='ltr'>meam.</span> 
     </span>
     <span class='ocr_line' id='line_1_27' title="bbox 115 2186 939 2256; baseline 0 -15"><span class='ocrx_word' id='word_1_143' title='bbox 115 2186 160 2242; x_wconf 85' lang='lat' dir='ltr'>Tu</span> <span class='ocrx_word' id='word_1_144' title='bbox 175 2194 272 2244; x_wconf 89' lang='lat' dir='ltr'>nutem</span> <span class='ocrx_word' id='word_1_145' title='bbox 291 2189 411 2245; x_wconf 88' lang='lat' dir='ltr'>Domine</span> <span class='ocrx_word' id='word_1_146' title='bbox 423 2190 498 2245; x_wconf 90' lang='lat' dir='ltr'>Deus</span> <span class='ocrx_word' id='word_1_147' title='bbox 512 2190 533 2254; x_wconf 76' lang='lat'>⁸,</span> <span class='ocrx_word' id='word_1_148' title='bbox 550 2187 594 2243; x_wconf 90' lang='lat' dir='ltr'>lae</span> <span class='ocrx_word' id='word_1_149' title='bbox 609 2202 725 2242; x_wconf 91' lang='lat' dir='ltr'>mecum</span> <span class='ocrx_word' id='word_1_150' title='bbox 741 2187 859 2256; x_wconf 90' lang='lat' dir='ltr'>propter</span> <span class='ocrx_word' id='word_1_151' title='bbox 886 2200 939 2241; x_wconf 90' lang='lat' dir='ltr'>ne·</span> 
     </span>
     <span class='ocr_line' id='line_1_28' title="bbox 189 2266 378 2315; baseline -0.005 0"><span class='ocrx_word' id='word_1_152' title='bbox 189 2276 254 2315; x_wconf 90' lang='lat' dir='ltr'>men</span> <span class='ocrx_word' id='word_1_153' title='bbox 271 2266 378 2315; x_wconf 82' lang='lat' dir='ltr'>tuurn:</span> 
     </span>
     <span class='ocr_line' id='line_1_29' title="bbox 150 2325 937 2400; baseline -0.003 -16"><span class='ocrx_word' id='word_1_154' title='bbox 150 2331 290 2400; x_wconf 87' lang='lat' dir='ltr'>quoniam</span> <span class='ocrx_word' id='word_1_155' title='bbox 307 2332 383 2387; x_wconf 90' lang='lat' dir='ltr'>bona</span> <span class='ocrx_word' id='word_1_156' title='bbox 398 2334 440 2386; x_wconf 86' lang='lat' dir='ltr'>ast</span> <span class='ocrx_word' id='word_1_157' title='bbox 455 2328 658 2385; x_wconf 88' lang='lat' dir='ltr'>misericordia</span> <span class='ocrx_word' id='word_1_158' title='bbox 673 2331 735 2397; x_wconf 91' lang='lat' dir='ltr'>tua,</span> <span class='ocrx_word' id='word_1_159' title='bbox 754 2325 849 2383; x_wconf 84' lang='lat' dir='ltr'>libers</span> <span class='ocrx_word' id='word_1_160' title='bbox 879 2342 937 2383; x_wconf 91' lang='lat' dir='ltr'>me.</span> 
     </span>
     <span class='ocr_line' id='line_1_30' title="bbox 113 2399 659 2474; baseline -0.004 -19"><span class='ocrx_word' id='word_1_161' title='bbox 113 2399 256 2464; x_wconf 84' lang='lat' dir='ltr'>Quoniam</span> <span class='ocrx_word' id='word_1_162' title='bbox 271 2418 392 2474; x_wconf 81' lang='lat' dir='ltr'>egenus,</span> <span class='ocrx_word' id='word_1_163' title='bbox 408 2410 437 2458; x_wconf 87' lang='lat' dir='ltr'>et</span> <span class='ocrx_word' id='word_1_164' title='bbox 453 2417 563 2473; x_wconf 81' lang='lat' dir='ltr'>pauper</span> <span class='ocrx_word' id='word_1_165' title='bbox 577 2416 659 2455; x_wconf 77' lang='lat' dir='ltr'>sum;</span> 
     </span>
     <span class='ocr_line' id='line_1_31' title="bbox 150 2469 816 2530; baseline -0.006 -3"><span class='ocrx_word' id='word_1_166' title='bbox 150 2477 178 2527; x_wconf 91' lang='lat' dir='ltr'>et</span> <span class='ocrx_word' id='word_1_167' title='bbox 194 2490 244 2528; x_wconf 92' lang='lat' dir='ltr'>cor</span> <span class='ocrx_word' id='word_1_168' title='bbox 259 2490 358 2530; x_wconf 91' lang='lat' dir='ltr'>meum</span> <span class='ocrx_word' id='word_1_169' title='bbox 369 2473 555 2529; x_wconf 90' lang='lat' dir='ltr'>vulneratum</span> <span class='ocrx_word' id='word_1_170' title='bbox 571 2480 615 2528; x_wconf 88' lang='lat' dir='ltr'>eet</span> <span class='ocrx_word' id='word_1_171' title='bbox 626 2469 816 2526; x_wconf 86' lang='lat' dir='ltr'>intrinsecus.</span> 
     </span>
     <span class='ocr_line' id='line_1_32' title="bbox 116 2543 847 2612; baseline -0.003 -14"><span class='ocrx_word' id='word_1_172' title='bbox 116 2545 205 2608; x_wconf 80' lang='lat' dir='ltr'>Quasi</span> <span class='ocrx_word' id='word_1_173' title='bbox 222 2548 402 2601; x_wconf 88' lang='lat' dir='ltr'>umbrarum</span> <span class='ocrx_word' id='word_1_174' title='bbox 419 2545 590 2612; x_wconf 88' lang='lat' dir='ltr'>inclinatur,</span> <span class='ocrx_word' id='word_1_175' title='bbox 606 2543 753 2599; x_wconf 90' lang='lat' dir='ltr'>abductus</span> <span class='ocrx_word' id='word_1_176' title='bbox 768 2557 847 2612; x_wconf 90' lang='lat' dir='ltr'>sum,</span> 
     </span>
     <span class='ocr_line' id='line_1_33' title="bbox 149 2617 543 2689; baseline -0.003 -16"><span class='ocrx_word' id='word_1_177' title='bbox 149 2631 292 2673; x_wconf 78' lang='lat' dir='ltr'>exeussus</span> <span class='ocrx_word' id='word_1_178' title='bbox 305 2618 390 2689; x_wconf 88' lang='lat' dir='ltr'>quasi</span> <span class='ocrx_word' id='word_1_179' title='bbox 407 2617 520 2673; x_wconf 73' lang='lat' dir='ltr'>locusta</span> <span class='ocrx_word' id='word_1_180' title='bbox 536 2634 543 2682; x_wconf 84' lang='lat'>;</span> 
     </span>
     <span class='ocr_line' id='line_1_34' title="bbox 115 2685 676 2758; baseline 0 -16"><span class='ocrx_word' id='word_1_181' title='bbox 115 2686 218 2743; x_wconf 87' lang='lat' dir='ltr'>Genua</span> <span class='ocrx_word' id='word_1_182' title='bbox 233 2704 298 2745; x_wconf 88' lang='lat' dir='ltr'>mea</span> <span class='ocrx_word' id='word_1_183' title='bbox 313 2687 521 2745; x_wconf 85' lang='lat' dir='ltr'>vacillaverunt</span> <span class='ocrx_word' id='word_1_184' title='bbox 535 2685 676 2758; x_wconf 87' lang='lat' dir='ltr'>ejejunio</span> 
     </span>
     <span class='ocr_line' id='line_1_35' title="bbox 149 2726 936 2829; baseline -0.003 -15"><span class='ocrx_word' id='word_1_185' title='bbox 149 2763 177 2814; x_wconf 91' lang='lat' dir='ltr'>et</span> <span class='ocrx_word' id='word_1_186' title='bbox 188 2775 254 2815; x_wconf 89' lang='lat' dir='ltr'>caro</span> <span class='ocrx_word' id='word_1_187' title='bbox 270 2777 336 2817; x_wconf 91' lang='lat' dir='ltr'>men</span> <span class='ocrx_word' id='word_1_188' title='bbox 356 2726 936 2829; x_wconf 81' lang='lat' dir='ltr'>mutata(h‚macilentaiestabsqneoleo.</span> 
     </span>
     <span class='ocr_line' id='line_1_36' title="bbox 113 2829 686 2904; baseline -0.003 -19"><span class='ocrx_word' id='word_1_189' title='bbox 113 2829 147 2885; x_wconf 79' lang='lat' dir='ltr'>Et</span> <span class='ocrx_word' id='word_1_190' title='bbox 161 2847 215 2902; x_wconf 73' lang='lat' dir='ltr'>ego</span> <span class='ocrx_word' id='word_1_191' title='bbox 235 2832 330 2888; x_wconf 88' lang='lat' dir='ltr'>iactus</span> <span class='ocrx_word' id='word_1_192' title='bbox 347 2849 414 2889; x_wconf 90' lang='lat' dir='ltr'>sum</span> <span class='ocrx_word' id='word_1_193' title='bbox 429 2834 605 2904; x_wconf 89' lang='lat' dir='ltr'>opprobium</span> <span class='ocrx_word' id='word_1_194' title='bbox 620 2830 662 2886; x_wconf 92' lang='lat' dir='ltr'>eis</span> <span class='ocrx_word' id='word_1_195' title='bbox 679 2844 686 2883; x_wconf 74' lang='grc' dir='ltr'><em>τ</em></span> 
     </span>
     <span class='ocr_line' id='line_1_37' title="bbox 147 2902 722 2974; baseline -0.002 -18"><span class='ocrx_word' id='word_1_196' title='bbox 147 2902 281 2959; x_wconf 90' lang='lat' dir='ltr'>videntes</span> <span class='ocrx_word' id='word_1_197' title='bbox 296 2920 332 2960; x_wconf 90' lang='lat' dir='ltr'>ne</span> <span class='ocrx_word' id='word_1_198' title='bbox 347 2908 502 2960; x_wconf 90' lang='lat' dir='ltr'>moverunt</span> <span class='ocrx_word' id='word_1_199' title='bbox 520 2904 607 2974; x_wconf 84' lang='lat' dir='ltr'>eaput</span> <span class='ocrx_word' id='word_1_200' title='bbox 622 2916 722 2957; x_wconf 90' lang='lat' dir='ltr'>suum.</span> 
     </span>
     <span class='ocr_line' id='line_1_38' title="bbox 114 2974 660 3044; baseline -0.007 -14"><span class='ocrx_word' id='word_1_201' title='bbox 114 2974 230 3044; x_wconf 78' lang='lat' dir='ltr'>Adjuva</span> <span class='ocrx_word' id='word_1_202' title='bbox 245 2990 302 3040; x_wconf 82' lang='lat' dir='ltr'>me,</span> <span class='ocrx_word' id='word_1_203' title='bbox 317 2975 440 3031; x_wconf 89' lang='lat' dir='ltr'>Domine</span> <span class='ocrx_word' id='word_1_204' title='bbox 457 2979 532 3031; x_wconf 91' lang='lat' dir='ltr'>Dens</span> <span class='ocrx_word' id='word_1_205' title='bbox 552 2990 637 3030; x_wconf 88' lang='lat' dir='ltr'>meus</span> <span class='ocrx_word' id='word_1_206' title='bbox 654 2989 660 3026; x_wconf 91' lang='lat'>:</span> 
     </span>
     <span class='ocr_line' id='line_1_39' title="bbox 147 3042 826 3103; baseline -0.004 -3"><span class='ocrx_word' id='word_1_207' title='bbox 147 3044 228 3101; x_wconf 90' lang='lat' dir='ltr'>salvu</span> <span class='ocrx_word' id='word_1_208' title='bbox 244 3061 289 3100; x_wconf 94' lang='lat' dir='ltr'>me</span> <span class='ocrx_word' id='word_1_209' title='bbox 304 3047 467 3102; x_wconf 89' lang='lat' dir='ltr'>secundum</span> <span class='ocrx_word' id='word_1_210' title='bbox 485 3042 717 3103; x_wconf 88' lang='lat' dir='ltr'>misericordiam</span> <span class='ocrx_word' id='word_1_211' title='bbox 734 3045 826 3098; x_wconf 86' lang='lat' dir='ltr'>tuam·</span> 
     </span>
     <span class='ocr_line' id='line_1_40' title="bbox 112 3114 816 3189; baseline -0.001 -20"><span class='ocrx_word' id='word_1_212' title='bbox 112 3117 146 3169; x_wconf 81' lang='lat' dir='ltr'>ut</span> <span class='ocrx_word' id='word_1_213' title='bbox 157 3118 210 3187; x_wconf 78' lang='lat' dir='ltr'>(At.</span> <span class='ocrx_word' id='word_1_214' title='bbox 231 3118 274 3186; x_wconf 83' lang='lat' dir='ltr'>ut)</span> <span class='ocrx_word' id='word_1_215' title='bbox 290 3118 383 3175; x_wconf 88' lang='lat' dir='ltr'>scient</span> <span class='ocrx_word' id='word_1_216' title='bbox 397 3116 537 3189; x_wconf 88' lang='lat' dir='ltr'>quoniam</span> <span class='ocrx_word' id='word_1_217' title='bbox 549 3133 656 3173; x_wconf 88' lang='lat' dir='ltr'>manus</span> <span class='ocrx_word' id='word_1_218' title='bbox 671 3118 722 3171; x_wconf 89' lang='lat' dir='ltr'>tua</span> <span class='ocrx_word' id='word_1_219' title='bbox 736 3114 816 3170; x_wconf 84' lang='lat' dir='ltr'>haec:</span> 
     </span>
     <span class='ocr_line' id='line_1_41' title="bbox 149 3187 539 3254; baseline 0.005 -14"><span class='ocrx_word' id='word_1_220' title='bbox 149 3192 192 3254; x_wconf 88' lang='lat' dir='ltr'>tu,</span> <span class='ocrx_word' id='word_1_221' title='bbox 205 3187 328 3245; x_wconf 91' lang='lat' dir='ltr'>Domine</span> <span class='ocrx_word' id='word_1_222' title='bbox 356 3188 539 3246; x_wconf 86' lang='lat' dir='ltr'>lecistienm.</span> 
     </span>
     <span class='ocr_line' id='line_1_42' title="bbox 114 3234 637 3329; baseline 0 -15"><span class='ocrx_word' id='word_1_223' title='bbox 114 3257 290 3315; x_wconf 85' lang='lat' dir='ltr'>Maledicsnt</span> <span class='ocrx_word' id='word_1_224' title='bbox 305 3234 358 3329; x_wconf 87' lang='lat' dir='ltr'>ilii,</span> <span class='ocrx_word' id='word_1_225' title='bbox 374 3267 403 3316; x_wconf 90' lang='lat' dir='ltr'>et</span> <span class='ocrx_word' id='word_1_226' title='bbox 417 3266 449 3316; x_wconf 91' lang='lat' dir='ltr'>tu</span> <span class='ocrx_word' id='word_1_227' title='bbox 466 3259 637 3315; x_wconf 88' lang='lat' dir='ltr'>benedices:</span> 
     </span>
     <span class='ocr_line' id='line_1_43' title="bbox 150 3326 939 3400; baseline 0.004 -15"><span class='ocrx_word' id='word_1_228' title='bbox 150 3329 334 3396; x_wconf 90' lang='lat' dir='ltr'>restiterunt,</span> <span class='ocrx_word' id='word_1_229' title='bbox 350 3337 378 3386; x_wconf 91' lang='lat' dir='ltr'>et</span> <span class='ocrx_word' id='word_1_230' title='bbox 401 3332 618 3387; x_wconf 87' lang='lat' dir='ltr'>contundentur</span> <span class='ocrx_word' id='word_1_231' title='bbox 644 3329 685 3400; x_wconf 87' lang='lat' dir='ltr'>(h.</span> <span class='ocrx_word' id='word_1_232' title='bbox 710 3326 892 3398; x_wconf 88' lang='lat' dir='ltr'>restiterunt,</span> <span class='ocrx_word' id='word_1_233' title='bbox 909 3333 939 3387; x_wconf 91' lang='lat' dir='ltr'>et</span> 
     </span>
     <span class='ocr_line' id='line_1_44' title="bbox 149 3398 865 3472; baseline 0 -17"><span class='ocrx_word' id='word_1_234' title='bbox 149 3400 262 3456; x_wconf 85' lang='lat' dir='ltr'>contusi</span> <span class='ocrx_word' id='word_1_235' title='bbox 279 3402 375 3472; x_wconf 88' lang='lat' dir='ltr'>sunt):</span> <span class='ocrx_word' id='word_1_236' title='bbox 397 3418 498 3458; x_wconf 87' lang='lat' dir='ltr'>servus</span> <span class='ocrx_word' id='word_1_237' title='bbox 510 3406 605 3456; x_wconf 86' lang='lat' dir='ltr'>autern</span> <span class='ocrx_word' id='word_1_238' title='bbox 620 3407 692 3455; x_wconf 91' lang='lat' dir='ltr'>tuus</span> <span class='ocrx_word' id='word_1_239' title='bbox 707 3398 865 3455; x_wconf 78' lang='lat' dir='ltr'>letabitur.</span> 
     </span>
     <span class='ocr_line' id='line_1_45' title="bbox 112 3469 745 3536; baseline -0.002 -10"><span class='ocrx_word' id='word_1_240' title='bbox 112 3469 278 3528; x_wconf 87' lang='lat' dir='ltr'>induantur</span> <span class='ocrx_word' id='word_1_241' title='bbox 292 3473 449 3528; x_wconf 89' lang='lat' dir='ltr'>adversarii</span> <span class='ocrx_word' id='word_1_242' title='bbox 466 3473 523 3527; x_wconf 92' lang='lat' dir='ltr'>mei</span> <span class='ocrx_word' id='word_1_243' title='bbox 539 3471 710 3527; x_wconf 86' lang='lat' dir='ltr'>confusione</span> <span class='ocrx_word' id='word_1_244' title='bbox 725 3471 745 3536; x_wconf 74' lang='lat'>⁸,</span> 
     </span>
    </p>
   </div>
   <div class='ocr_carea' id='block_1_5' title="bbox 23 3542 792 3616">
    <p class='ocr_par' dir='ltr' id='par_1_5' title="bbox 23 3542 792 3616">
     <span class='ocr_line' id='line_1_46' title="bbox 23 3542 792 3616; baseline -0.003 -19"><span class='ocrx_word' id='word_1_245' title='bbox 23 3600 26 3605; x_wconf 74' lang='grc'><strong>,</strong></span> <span class='ocrx_word' id='word_1_246' title='bbox 112 3545 142 3597; x_wconf 88' lang='lat' dir='ltr'>et</span> <span class='ocrx_word' id='word_1_247' title='bbox 156 3543 328 3614; x_wconf 88' lang='lat' dir='ltr'>operiantur</span> <span class='ocrx_word' id='word_1_248' title='bbox 343 3544 428 3616; x_wconf 86' lang='lat' dir='ltr'>quasi</span> <span class='ocrx_word' id='word_1_249' title='bbox 441 3542 529 3615; x_wconf 87' lang='lat' dir='ltr'>pallio</span> <span class='ocrx_word' id='word_1_250' title='bbox 542 3542 713 3599; x_wconf 87' lang='lat' dir='ltr'>contusione</span> <span class='ocrx_word' id='word_1_251' title='bbox 729 3556 792 3597; x_wconf 88' lang='lat' dir='ltr'>sue.</span> 
     </span>
    </p>
   </div>
   <div class='ocr_carea' id='block_1_6' title="bbox 111 3613 936 4044">
    <p class='ocr_par' dir='ltr' id='par_1_6' title="bbox 111 3613 936 4044">
     <span class='ocr_line' id='line_1_47' title="bbox 115 3613 829 3673; baseline -0.001 -3"><span class='ocrx_word' id='word_1_252' title='bbox 115 3613 285 3671; x_wconf 83' lang='lat' dir='ltr'>Confitsber</span> <span class='ocrx_word' id='word_1_253' title='bbox 299 3616 426 3673; x_wconf 89' lang='lat' dir='ltr'>Domino</span> <span class='ocrx_word' id='word_1_254' title='bbox 441 3615 630 3671; x_wconf 87' lang='lat' dir='ltr'>vehementer</span> <span class='ocrx_word' id='word_1_255' title='bbox 645 3613 674 3668; x_wconf 93' lang='lat' dir='ltr'>in</span> <span class='ocrx_word' id='word_1_256' title='bbox 691 3629 740 3668; x_wconf 90' lang='lat' dir='ltr'>ere</span> <span class='ocrx_word' id='word_1_257' title='bbox 753 3628 829 3669; x_wconf 90' lang='lat' dir='ltr'>meo.</span> 
     </span>
     <span class='ocr_line' id='line_1_48' title="bbox 149 3683 936 3761; baseline -0.001 -18"><span class='ocrx_word' id='word_1_258' title='bbox 149 3692 179 3743; x_wconf 89' lang='lat' dir='ltr'>et</span> <span class='ocrx_word' id='word_1_259' title='bbox 193 3687 223 3742; x_wconf 93' lang='lat' dir='ltr'>in</span> <span class='ocrx_word' id='word_1_260' title='bbox 239 3689 335 3744; x_wconf 90' lang='lat' dir='ltr'>medio</span> <span class='ocrx_word' id='word_1_261' title='bbox 349 3686 524 3761; x_wconf 90' lang='lat' dir='ltr'>populorum</span> <span class='ocrx_word' id='word_1_262' title='bbox 541 3686 582 3759; x_wconf 78' lang='lat' dir='ltr'>(h.</span> <span class='ocrx_word' id='word_1_263' title='bbox 609 3684 781 3756; x_wconf 89' lang='lat' dir='ltr'>multorum)</span> <span class='ocrx_word' id='word_1_264' title='bbox 809 3683 936 3742; x_wconf 90' lang='lat' dir='ltr'>laudabo</span> 
     </span>
     <span class='ocr_line' id='line_1_49' title="bbox 111 3774 846 3901; baseline -0.001 -15"><span class='ocrx_word' id='word_1_265' title='bbox 111 3774 389 3895; x_wconf 43' lang='lat' dir='ltr'>Queriiiaffl&#39;stabita</span> <span class='ocrx_word' id='word_1_266' title='bbox 404 3829 515 3887; x_wconf 82' lang='lat' dir='ltr'>dextris</span> <span class='ocrx_word' id='word_1_267' title='bbox 529 3828 668 3901; x_wconf 89' lang='lat' dir='ltr'>pauperis</span> <span class='ocrx_word' id='word_1_268' title='bbox 682 3828 724 3899; x_wconf 84' lang='lat' dir='ltr'>(h.</span> <span class='ocrx_word' id='word_1_269' title='bbox 740 3827 846 3899; x_wconf 82' lang='lat' dir='ltr'>egeni).</span> 
     </span>
     <span class='ocr_line' id='line_1_50' title="bbox 148 3899 935 3985; baseline 0 -28"><span class='ocrx_word' id='word_1_270' title='bbox 148 3908 181 3957; x_wconf 92' lang='lat' dir='ltr'>ut</span> <span class='ocrx_word' id='word_1_271' title='bbox 200 3901 293 3985; x_wconf 81' lang='lat' dir='ltr'>salvet</span> <span class='ocrx_word' id='word_1_272' title='bbox 309 3920 325 3958; x_wconf 91' lang='lat' dir='ltr'>a</span> <span class='ocrx_word' id='word_1_273' title='bbox 336 3902 490 3974; x_wconf 84' lang='lat' dir='ltr'>judicibus</span> <span class='ocrx_word' id='word_1_274' title='bbox 502 3902 543 3973; x_wconf 87' lang='lat' dir='ltr'>(h.</span> <span class='ocrx_word' id='word_1_275' title='bbox 562 3900 780 3972; x_wconf 80' lang='lat' dir='ltr'>judicantibus)</span> <span class='ocrx_word' id='word_1_276' title='bbox 802 3899 935 3957; x_wconf 85' lang='lat' dir='ltr'>animum</span> 
     </span>
     <span class='ocr_line' id='line_1_51' title="bbox 183 3990 266 4044; baseline 0.024 -16"><span class='ocrx_word' id='word_1_277' title='bbox 183 3990 266 4044; x_wconf 71' lang='lat' dir='ltr'>epus:</span> 
     </span>
    </p>
   </div>
   <div class='ocr_carea' id='block_1_7' title="bbox 112 4183 937 4463">
    <p class='ocr_par' dir='ltr' id='par_1_7' title="bbox 112 4183 937 4463">
     <span class='ocr_line' id='line_1_52' title="bbox 148 4183 937 4258; baseline -0.001 -17"><span class='ocrx_word' id='word_1_278' title='bbox 148 4186 156 4221; x_wconf 90' lang='lat'><strong>¹</strong></span> <span class='ocrx_word' id='word_1_279' title='bbox 173 4185 260 4242; x_wconf 89' lang='lat' dir='ltr'>iidem</span> <span class='ocrx_word' id='word_1_280' title='bbox 279 4202 349 4241; x_wconf 91' lang='lat' dir='ltr'>mss.</span> <span class='ocrx_word' id='word_1_281' title='bbox 376 4194 549 4258; x_wconf 77' lang='lat' dir='ltr'>puaeronter,</span> <span class='ocrx_word' id='word_1_282' title='bbox 565 4183 609 4240; x_wconf 93' lang='lat' dir='ltr'>vel</span> <span class='ocrx_word' id='word_1_283' title='bbox 631 4186 855 4255; x_wconf 68' lang='lat' dir='ltr'>pertentando</span> <span class='ocrx_word' id='word_1_284' title='bbox 879 4184 937 4240; x_wconf 91' lang='lat' dir='ltr'>im·</span> 
     </span>
     <span class='ocr_line' id='line_1_53' title="bbox 112 4256 937 4384; baseline -0.001 -71"><span class='ocrx_word' id='word_1_285' title='bbox 112 4257 427 4384; x_wconf 46' lang='lat' dir='ltr'>pfespfflnlfotionem,</span> <span class='ocrx_word' id='word_1_286' title='bbox 443 4274 506 4330; x_wconf 81' lang='lat' dir='ltr'>quos</span> <span class='ocrx_word' id='word_1_287' title='bbox 522 4256 781 4329; x_wconf 83' lang='lat' dir='ltr'>propriorliebraee</span> <span class='ocrx_word' id='word_1_288' title='bbox 797 4262 852 4323; x_wconf 89' lang='lat' dir='ltr'>est,</span> <span class='ocrx_word' id='word_1_289' title='bbox 864 4273 937 4329; x_wconf 89' lang='lat' dir='ltr'>sup-</span> 
     </span>
     <span class='ocr_line' id='line_1_54' title="bbox 112 4345 932 4463; baseline 0 -9"><span class='ocrx_word' id='word_1_290' title='bbox 112 4345 312 4455; x_wconf 58' lang='lat' dir='ltr'>piivanraeia</span> <span class='ocrx_word' id='word_1_291' title='bbox 333 4411 411 4462; x_wconf 74' lang='lat' dir='ltr'>minu</span> <span class='ocrx_word' id='word_1_292' title='bbox 425 4400 573 4463; x_wconf 80' lang='lat' dir='ltr'>schemam,</span> <span class='ocrx_word' id='word_1_293' title='bbox 588 4399 616 4454; x_wconf 90' lang='lat' dir='ltr'>id</span> <span class='ocrx_word' id='word_1_294' title='bbox 634 4403 679 4456; x_wconf 90' lang='lat' dir='ltr'>est</span> <span class='ocrx_word' id='word_1_295' title='bbox 703 4414 805 4454; x_wconf 85' lang='lat' dir='ltr'>nomen</span> <span class='ocrx_word' id='word_1_296' title='bbox 828 4413 932 4454; x_wconf 82' lang='lat' dir='ltr'>eornm.</span> 
     </span>
    </p>
   </div>
   <div class='ocr_carea' id='block_1_8' title="bbox 634 198 1306 256">
    <p class='ocr_par' dir='ltr' id='par_1_8' title="bbox 634 198 1306 256">
     <span class='ocr_line' id='line_1_55' title="bbox 634 198 1306 256; baseline 0.001 -3"><span class='ocrx_word' id='word_1_297' title='bbox 634 198 665 255; x_wconf 78' lang='lat' dir='ltr'>S.</span> <span class='ocrx_word' id='word_1_298' title='bbox 686 198 886 254; x_wconf 76' lang='lat' dir='ltr'>ureeonvtss</span> <span class='ocrx_word' id='word_1_299' title='bbox 905 199 1033 254; x_wconf 75' lang='lat' dir='ltr'>owine</span> <span class='ocrx_word' id='word_1_300' title='bbox 1056 200 1306 256; x_wconf 71' lang='lat' dir='ltr'>erementanos.</span> 
     </span>
    </p>
   </div>
   <div class='ocr_carea' id='block_1_9' title="bbox 35 325 652 401">
    <p class='ocr_par' dir='ltr' id='par_1_9' title="bbox 35 325 652 401">
     <span class='ocr_line' id='line_1_56' title="bbox 35 325 652 401; baseline -0.006 -13"><span class='ocrx_word' id='word_1_301' title='bbox 35 336 41 347; x_wconf 97' lang='grc'>’</span> <span class='ocrx_word' id='word_1_302' title='bbox 155 333 182 388; x_wconf 89' lang='lat' dir='ltr'>el</span> <span class='ocrx_word' id='word_1_303' title='bbox 198 327 395 401; x_wconf 68' lang='lat' dir='ltr'>onerantia</span> <span class='ocrx_word' id='word_1_304' title='bbox 411 326 564 400; x_wconf 86' lang='lat' dir='ltr'>parietinis</span> <span class='ocrx_word' id='word_1_305' title='bbox 579 325 652 384; x_wconf 86' lang='lat' dir='ltr'>suis.</span> 
     </span>
    </p>
   </div>
   <div class='ocr_carea' id='block_1_10' title="bbox 1762 206 1830 261">
    <p class='ocr_par' dir='ltr' id='par_1_10' title="bbox 1762 206 1830 261">
     <span class='ocr_line' id='line_1_57' title="bbox 1762 206 1830 261; baseline 0.015 -1"><span class='ocrx_word' id='word_1_306' title='bbox 1762 206 1830 261; x_wconf 76' lang='lat' dir='ltr'>tteu</span> 
     </span>
    </p>
   </div>
   <div class='ocr_carea' id='block_1_11' title="bbox 1177 329 1653 402">
    <p class='ocr_par' dir='ltr' id='par_1_11' title="bbox 1177 329 1653 402">
     <span class='ocr_line' id='line_1_58' title="bbox 1177 329 1653 402; baseline 0.017 -21"><span class='ocrx_word' id='word_1_307' title='bbox 1177 342 1262 383; x_wconf 79' lang='lat' dir='ltr'>navio</span> <span class='ocrx_word' id='word_1_308' title='bbox 1278 345 1422 386; x_wconf 77' lang='lat' dir='ltr'>usnemun</span> <span class='ocrx_word' id='word_1_309' title='bbox 1440 329 1480 402; x_wconf 85' lang='lat' dir='ltr'>(b.</span> <span class='ocrx_word' id='word_1_310' title='bbox 1496 331 1653 401; x_wconf 72' lang='lat' dir='ltr'>neamus).</span> 
     </span>
    </p>
   </div>
   <div class='ocr_carea' id='block_1_12' title="bbox 999 430 1831 923">
    <p class='ocr_par' dir='ltr' id='par_1_12' title="bbox 999 430 1831 923">
     <span class='ocr_line' id='line_1_59' title="bbox 999 430 1831 514; baseline 0.013 -27"><span class='ocrx_word' id='word_1_311' title='bbox 999 430 1166 514; x_wconf 57' lang='lat' dir='ltr'>(CX-ipim</span> <span class='ocrx_word' id='word_1_312' title='bbox 1179 432 1323 491; x_wconf 83' lang='lat' dir='ltr'>Dominus</span> <span class='ocrx_word' id='word_1_313' title='bbox 1336 435 1460 495; x_wconf 91' lang='lat' dir='ltr'>Domino</span> <span class='ocrx_word' id='word_1_314' title='bbox 1476 453 1552 507; x_wconf 87' lang='lat' dir='ltr'>meo,</span> <span class='ocrx_word' id='word_1_315' title='bbox 1582 438 1654 496; x_wconf 90' lang='lat' dir='ltr'>sede</span> <span class='ocrx_word' id='word_1_316' title='bbox 1676 454 1695 497; x_wconf 82' lang='lat' dir='ltr'>e</span> <span class='ocrx_word' id='word_1_317' title='bbox 1721 439 1831 498; x_wconf 79' lang='lat' dir='ltr'>dextris</span> 
     </span>
     <span class='ocr_line' id='line_1_60' title="bbox 999 518 1824 654; baseline 0.012 -25"><span class='ocrx_word' id='word_1_318' title='bbox 999 518 1214 646; x_wconf 54' lang='lat' dir='ltr'>eoiiiionam</span> <span class='ocrx_word' id='word_1_319' title='bbox 1231 575 1367 635; x_wconf 87' lang='lat' dir='ltr'>inimicos</span> <span class='ocrx_word' id='word_1_320' title='bbox 1381 584 1449 636; x_wconf 89' lang='lat' dir='ltr'>tues</span> <span class='ocrx_word' id='word_1_321' title='bbox 1459 579 1621 638; x_wconf 89' lang='lat' dir='ltr'>scabellum</span> <span class='ocrx_word' id='word_1_322' title='bbox 1631 579 1745 654; x_wconf 89' lang='lat' dir='ltr'>pedum</span> <span class='ocrx_word' id='word_1_323' title='bbox 1761 585 1824 640; x_wconf 85' lang='lat' dir='ltr'>tue·</span> 
     </span>
     <span class='ocr_line' id='line_1_61' title="bbox 999 663 1826 792; baseline 0.013 -21"><span class='ocrx_word' id='word_1_324' title='bbox 999 663 1176 791; x_wconf 66' lang='lat' dir='ltr'>Virgiiimih.</span> <span class='ocrx_word' id='word_1_325' title='bbox 1193 718 1343 792; x_wconf 78' lang='lat' dir='ltr'>Baculumt</span> <span class='ocrx_word' id='word_1_326' title='bbox 1357 721 1537 780; x_wconf 83' lang='lat' dir='ltr'>tortitudinis</span> <span class='ocrx_word' id='word_1_327' title='bbox 1551 725 1610 781; x_wconf 81' lang='lat' dir='ltr'>tus</span> <span class='ocrx_word' id='word_1_328' title='bbox 1631 723 1750 781; x_wconf 89' lang='lat' dir='ltr'>emittet</span> <span class='ocrx_word' id='word_1_329' title='bbox 1773 696 1826 782; x_wconf 89' lang='lat' dir='ltr'>De·</span> 
     </span>
     <span class='ocr_line' id='line_1_62' title="bbox 1070 791 1328 848; baseline 0.016 -5"><span class='ocrx_word' id='word_1_330' title='bbox 1070 791 1172 846; x_wconf 91' lang='lat' dir='ltr'>minus</span> <span class='ocrx_word' id='word_1_331' title='bbox 1190 806 1226 846; x_wconf 83' lang='lat' dir='ltr'>ex</span> <span class='ocrx_word' id='word_1_332' title='bbox 1240 791 1328 848; x_wconf 89' lang='lat' dir='ltr'>Sion:</span> 
     </span>
     <span class='ocr_line' id='line_1_63' title="bbox 1034 861 1698 923; baseline 0.012 -8"><span class='ocrx_word' id='word_1_333' title='bbox 1034 861 1187 917; x_wconf 92' lang='lat' dir='ltr'>dominare</span> <span class='ocrx_word' id='word_1_334' title='bbox 1202 862 1231 916; x_wconf 88' lang='lat' dir='ltr'>iu</span> <span class='ocrx_word' id='word_1_335' title='bbox 1248 864 1343 919; x_wconf 92' lang='lat' dir='ltr'>medio</span> <span class='ocrx_word' id='word_1_336' title='bbox 1358 863 1547 922; x_wconf 88' lang='lat' dir='ltr'>inimicorum</span> <span class='ocrx_word' id='word_1_337' title='bbox 1562 870 1698 923; x_wconf 89' lang='lat' dir='ltr'>tuorum.</span> 
     </span>
    </p>
   </div>
   <div class='ocr_carea' id='block_1_13' title="bbox 998 949 1823 1313">
    <p class='ocr_par' dir='ltr' id='par_1_13' title="bbox 998 949 1823 1098">
     <span class='ocr_line' id='line_1_64' title="bbox 998 949 1823 1033; baseline 0.011 -28"><span class='ocrx_word' id='word_1_338' title='bbox 998 949 1102 1033; x_wconf 85' lang='lat' dir='ltr'>Populi</span> <span class='ocrx_word' id='word_1_339' title='bbox 1117 949 1160 1007; x_wconf 91' lang='lat' dir='ltr'>tui</span> <span class='ocrx_word' id='word_1_340' title='bbox 1172 952 1323 1021; x_wconf 88' lang='lat' dir='ltr'>spontanei</span> <span class='ocrx_word' id='word_1_341' title='bbox 1334 952 1457 1009; x_wconf 86' lang='lat' dir='ltr'>aruntio</span> <span class='ocrx_word' id='word_1_342' title='bbox 1468 955 1515 1010; x_wconf 91' lang='lat' dir='ltr'>die</span> <span class='ocrx_word' id='word_1_343' title='bbox 1528 954 1716 1012; x_wconf 84' lang='lat' dir='ltr'>tortitudinis</span> <span class='ocrx_word' id='word_1_344' title='bbox 1732 959 1788 1013; x_wconf 79' lang='lat' dir='ltr'>tus</span> <span class='ocrx_word' id='word_1_345' title='bbox 1802 957 1823 1015; x_wconf 72' lang='grc' dir='ltr'>*ι</span> 
     </span>
     <span class='ocr_line' id='line_1_65' title="bbox 1034 1022 1671 1098; baseline 0.011 -22"><span class='ocrx_word' id='word_1_346' title='bbox 1034 1038 1065 1076; x_wconf 87' lang='lat' dir='ltr'>rn</span> <span class='ocrx_word' id='word_1_347' title='bbox 1082 1022 1232 1079; x_wconf 92' lang='lat' dir='ltr'>montibus</span> <span class='ocrx_word' id='word_1_348' title='bbox 1247 1024 1289 1095; x_wconf 91' lang='lat' dir='ltr'>(h.</span> <span class='ocrx_word' id='word_1_349' title='bbox 1306 1023 1528 1098; x_wconf 85' lang='lat' dir='ltr'>splendoribus)</span> <span class='ocrx_word' id='word_1_350' title='bbox 1544 1027 1671 1084; x_wconf 86' lang='lat' dir='ltr'>sanctis.</span> 
     </span>
    </p>

    <p class='ocr_par' dir='ltr' id='par_1_14' title="bbox 998 1092 1437 1224">
     <span class='ocr_line' id='line_1_66' title="bbox 998 1092 1437 1158; baseline 0.007 -9"><span class='ocrx_word' id='word_1_351' title='bbox 998 1093 1087 1158; x_wconf 81' lang='lat' dir='ltr'>Quasi</span> <span class='ocrx_word' id='word_1_352' title='bbox 1103 1094 1140 1149; x_wconf 91' lang='lat' dir='ltr'>de</span> <span class='ocrx_word' id='word_1_353' title='bbox 1154 1092 1242 1151; x_wconf 90' lang='lat' dir='ltr'>vulva</span> <span class='ocrx_word' id='word_1_354' title='bbox 1255 1095 1365 1153; x_wconf 86' lang='lat' dir='ltr'>orietur</span> <span class='ocrx_word' id='word_1_355' title='bbox 1383 1097 1437 1153; x_wconf 90' lang='lat' dir='ltr'>tibi</span> 
     </span>
     <span class='ocr_line' id='line_1_67' title="bbox 1033 1165 1384 1224; baseline 0.011 -4"><span class='ocrx_word' id='word_1_356' title='bbox 1033 1180 1080 1220; x_wconf 91' lang='lat' dir='ltr'>ros</span> <span class='ocrx_word' id='word_1_357' title='bbox 1096 1165 1301 1223; x_wconf 81' lang='lat' dir='ltr'>adolescentie</span> <span class='ocrx_word' id='word_1_358' title='bbox 1315 1172 1384 1224; x_wconf 75' lang='lat' dir='ltr'>tuae.</span> 
     </span>
    </p>

    <p class='ocr_par' dir='ltr' id='par_1_15' title="bbox 998 1236 1663 1313">
     <span class='ocr_line' id='line_1_68' title="bbox 998 1236 1663 1313; baseline 0.005 -20"><span class='ocrx_word' id='word_1_359' title='bbox 998 1236 1114 1293; x_wconf 78' lang='lat' dir='ltr'>iuravit</span> <span class='ocrx_word' id='word_1_360' title='bbox 1128 1241 1282 1307; x_wconf 86' lang='lat' dir='ltr'>Dominus,</span> <span class='ocrx_word' id='word_1_361' title='bbox 1299 1242 1329 1295; x_wconf 83' lang='lat' dir='ltr'>et</span> <span class='ocrx_word' id='word_1_362' title='bbox 1342 1255 1400 1296; x_wconf 92' lang='lat' dir='ltr'>nou</span> <span class='ocrx_word' id='word_1_363' title='bbox 1417 1239 1568 1313; x_wconf 72' lang='lat' dir='ltr'>penitebit</span> <span class='ocrx_word' id='word_1_364' title='bbox 1582 1257 1663 1297; x_wconf 90' lang='lat' dir='ltr'>eum.</span> 
     </span>
    </p>
   </div>
   <div class='ocr_carea' id='block_1_14' title="bbox 1034 1311 1823 1439">
    <p class='ocr_par' dir='ltr' id='par_1_16' title="bbox 1034 1311 1823 1439">
     <span class='ocr_line' id='line_1_69' title="bbox 1034 1311 1823 1437; baseline 0.01 -73"><span class='ocrx_word' id='word_1_365' title='bbox 1034 1311 1262 1437; x_wconf 43' lang='lat' dir='ltr'>tuffislszeerilios</span> <span class='ocrx_word' id='word_1_366' title='bbox 1276 1311 1307 1367; x_wconf 91' lang='lat' dir='ltr'>iu</span> <span class='ocrx_word' id='word_1_367' title='bbox 1323 1318 1480 1378; x_wconf 80' lang='lat' dir='ltr'>eternum,</span> <span class='ocrx_word' id='word_1_368' title='bbox 1499 1314 1667 1370; x_wconf 90' lang='lat' dir='ltr'>secundum</span> <span class='ocrx_word' id='word_1_369' title='bbox 1697 1313 1823 1372; x_wconf 88' lang='lat' dir='ltr'>ordinem</span> 
     </span>
     <span class='ocr_line' id='line_1_70' title="bbox 1100 1396 1275 1439; baseline 0.017 -3"><span class='ocrx_word' id='word_1_370' title='bbox 1100 1396 1143 1436; x_wconf 90' lang='lat' dir='ltr'>ec</span> <span class='ocrx_word' id='word_1_371' title='bbox 1169 1398 1210 1439; x_wconf 81' lang='lat' dir='ltr'>ise</span> <span class='ocrx_word' id='word_1_372' title='bbox 1233 1399 1275 1439; x_wconf 89' lang='lat' dir='ltr'>ec.</span> 
     </span>
    </p>
   </div>
   <div class='ocr_carea' id='block_1_15' title="bbox 995 1451 1822 1958">
    <p class='ocr_par' dir='ltr' id='par_1_17' title="bbox 995 1451 1822 1958">
     <span class='ocr_line' id='line_1_71' title="bbox 997 1451 1821 1539; baseline 0.006 -32"><span class='ocrx_word' id='word_1_373' title='bbox 997 1451 1141 1508; x_wconf 88' lang='lat' dir='ltr'>Dominus</span> <span class='ocrx_word' id='word_1_374' title='bbox 1156 1454 1356 1538; x_wconf 30' lang='lat' dir='ltr'>rad-dexteram</span> <span class='ocrx_word' id='word_1_375' title='bbox 1372 1457 1454 1537; x_wconf 84' lang='lat' dir='ltr'>tuam</span> <span class='ocrx_word' id='word_1_376' title='bbox 1469 1453 1528 1539; x_wconf 62' lang='lat' dir='ltr'>idi.</span> <span class='ocrx_word' id='word_1_377' title='bbox 1545 1472 1563 1512; x_wconf 87' lang='lat' dir='ltr'>a</span> <span class='ocrx_word' id='word_1_378' title='bbox 1583 1455 1737 1513; x_wconf 81' lang='lat' dir='ltr'>dexteram</span> <span class='ocrx_word' id='word_1_379' title='bbox 1757 1459 1821 1528; x_wconf 86' lang='lat' dir='ltr'>tua).</span> 
     </span>
     <span class='ocr_line' id='line_1_72' title="bbox 997 1526 1822 1673; baseline 0.01 -23"><span class='ocrx_word' id='word_1_380' title='bbox 997 1592 1013 1650; x_wconf 83' lang='lat' dir='ltr'>J</span> <span class='ocrx_word' id='word_1_381' title='bbox 1018 1529 1185 1652; x_wconf 55' lang='lat' dir='ltr'>uilicriiitsiri</span> <span class='ocrx_word' id='word_1_382' title='bbox 1197 1526 1603 1671; x_wconf 46' lang='lat' dir='ltr'>lgueiiiibiiiiimiiiapilualvsitmiifl</span> <span class='ocrx_word' id='word_1_383' title='bbox 1625 1598 1822 1673; x_wconf 81' lang='lat' dir='ltr'>cadaveribus)</span> 
     </span>
     <span class='ocr_line' id='line_1_73' title="bbox 1030 1666 1540 1813; baseline 0.008 -20"><span class='ocrx_word' id='word_1_384' title='bbox 1030 1666 1174 1811; x_wconf 65' lang='lat' dir='ltr'>peiiirltiii</span> <span class='ocrx_word' id='word_1_385' title='bbox 1186 1743 1276 1813; x_wconf 81' lang='lat' dir='ltr'>eaput</span> <span class='ocrx_word' id='word_1_386' title='bbox 1292 1740 1322 1796; x_wconf 91' lang='lat' dir='ltr'>in</span> <span class='ocrx_word' id='word_1_387' title='bbox 1338 1743 1419 1797; x_wconf 86' lang='lat' dir='ltr'>terre</span> <span class='ocrx_word' id='word_1_388' title='bbox 1436 1740 1540 1798; x_wconf 85' lang='lat' dir='ltr'>multa.</span> 
     </span>
     <span class='ocr_line' id='line_1_74' title="bbox 995 1810 1400 1869; baseline 0.005 -3"><span class='ocrx_word' id='word_1_389' title='bbox 995 1810 1173 1868; x_wconf 88' lang='lat' dir='ltr'>Deterrente</span> <span class='ocrx_word' id='word_1_390' title='bbox 1188 1812 1219 1867; x_wconf 93' lang='lat' dir='ltr'>in</span> <span class='ocrx_word' id='word_1_391' title='bbox 1235 1811 1281 1867; x_wconf 90' lang='lat' dir='ltr'>via</span> <span class='ocrx_word' id='word_1_392' title='bbox 1299 1812 1400 1869; x_wconf 89' lang='lat' dir='ltr'>bibet:</span> 
     </span>
     <span class='ocr_line' id='line_1_75' title="bbox 1030 1883 1451 1958; baseline -0.005 -19"><span class='ocrx_word' id='word_1_393' title='bbox 1030 1889 1185 1957; x_wconf 89' lang='lat' dir='ltr'>propterea</span> <span class='ocrx_word' id='word_1_394' title='bbox 1198 1883 1338 1941; x_wconf 85' lang='lat' dir='ltr'>exaltabit</span> <span class='ocrx_word' id='word_1_395' title='bbox 1352 1887 1451 1958; x_wconf 86' lang='lat' dir='ltr'>eaput.</span> 
     </span>
    </p>
   </div>
   <div class='ocr_carea' id='block_1_16' title="bbox 994 1970 1809 2045">
    <p class='ocr_par' dir='ltr' id='par_1_18' title="bbox 994 1970 1809 2045">
     <span class='ocr_line' id='line_1_76' title="bbox 994 1970 1809 2045; baseline 0.005 -18"><span class='ocrx_word' id='word_1_396' title='bbox 994 1970 1072 2045; x_wconf 72' lang='lat' dir='ltr'>(cxli</span> <span class='ocrx_word' id='word_1_397' title='bbox 1088 1973 1206 2045; x_wconf 81' lang='lat' dir='ltr'>(Atepb.)</span> <span class='ocrx_word' id='word_1_398' title='bbox 1221 1974 1409 2031; x_wconf 69' lang='lat' dir='ltr'>Cenllteborl</span> <span class='ocrx_word' id='word_1_399' title='bbox 1425 1972 1548 2031; x_wconf 90' lang='lat' dir='ltr'>Domino</span> <span class='ocrx_word' id='word_1_400' title='bbox 1564 1973 1595 2030; x_wconf 89' lang='lat' dir='ltr'>in</span> <span class='ocrx_word' id='word_1_401' title='bbox 1622 1976 1684 2031; x_wconf 90' lang='lat' dir='ltr'>toto</span> <span class='ocrx_word' id='word_1_402' title='bbox 1712 1975 1809 2032; x_wconf 88' lang='lat' dir='ltr'>corde:</span> 
     </span>
    </p>
   </div>
   <div class='ocr_carea' id='block_1_17' title="bbox 992 2061 1810 2574">
    <p class='ocr_par' dir='ltr' id='par_1_19' title="bbox 993 2061 1810 2289">
     <span class='ocr_line' id='line_1_77' title="bbox 993 2061 1810 2145; baseline 0.006 -29"><span class='ocrx_word' id='word_1_403' title='bbox 993 2063 1096 2134; x_wconf 80' lang='lat' dir='ltr'>(Beth.)</span> <span class='ocrx_word' id='word_1_404' title='bbox 1112 2064 1143 2118; x_wconf 89' lang='lat' dir='ltr'>ln</span> <span class='ocrx_word' id='word_1_405' title='bbox 1159 2061 1282 2145; x_wconf 81' lang='lat' dir='ltr'>coneilio</span> <span class='ocrx_word' id='word_1_406' title='bbox 1292 2064 1443 2135; x_wconf 88' lang='lat' dir='ltr'>justorum</span> <span class='ocrx_word' id='word_1_407' title='bbox 1460 2063 1499 2131; x_wconf 79' lang='lat' dir='ltr'>th.</span> <span class='ocrx_word' id='word_1_408' title='bbox 1516 2062 1678 2135; x_wconf 86' lang='lat' dir='ltr'>rectorum)</span> <span class='ocrx_word' id='word_1_409' title='bbox 1708 2069 1737 2121; x_wconf 90' lang='lat' dir='ltr'>ct</span> <span class='ocrx_word' id='word_1_410' title='bbox 1750 2080 1810 2121; x_wconf 90' lang='lat' dir='ltr'>coe·</span> 
     </span>
     <span class='ocr_line' id='line_1_78' title="bbox 994 2139 1607 2289; baseline -0.002 -28"><span class='ocrx_word' id='word_1_411' title='bbox 994 2139 1254 2289; x_wconf 56' lang='lat' dir='ltr'>(ctariiiiaiiigia</span> <span class='ocrx_word' id='word_1_412' title='bbox 1269 2203 1504 2288; x_wconf 79' lang='lat' dir='ltr'>operabamini:</span> <span class='ocrx_word' id='word_1_413' title='bbox 1600 2277 1607 2289; x_wconf 27' lang='grc' dir='ltr'>ι</span> 
     </span>
    </p>

    <p class='ocr_par' dir='ltr' id='par_1_20' title="bbox 1006 2276 1761 2421">
     <span class='ocr_line' id='line_1_79' title="bbox 1006 2276 1761 2348; baseline 0.004 -18"><span class='ocrx_word' id='word_1_414' title='bbox 1006 2276 1126 2336; x_wconf 77' lang='lat' dir='ltr'>deleth.)</span> <span class='ocrx_word' id='word_1_415' title='bbox 1143 2277 1328 2348; x_wconf 82' lang='lat' dir='ltr'>quurrenda</span> <span class='ocrx_word' id='word_1_416' title='bbox 1343 2284 1458 2333; x_wconf 81' lang='lat' dir='ltr'>cunctae</span> <span class='ocrx_word' id='word_1_417' title='bbox 1471 2278 1482 2312; x_wconf 85' lang='lat'>⁸</span> <span class='ocrx_word' id='word_1_418' title='bbox 1497 2276 1668 2334; x_wconf 82' lang='lat' dir='ltr'>volentibus</span> <span class='ocrx_word' id='word_1_419' title='bbox 1684 2294 1761 2335; x_wconf 90' lang='lat' dir='ltr'>eum.</span> 
     </span>
     <span class='ocr_line' id='line_1_80' title="bbox 1009 2348 1512 2421; baseline 0.002 -18"><span class='ocrx_word' id='word_1_420' title='bbox 1009 2349 1069 2419; x_wconf 84' lang='lat' dir='ltr'>ile.)</span> <span class='ocrx_word' id='word_1_421' title='bbox 1081 2348 1177 2404; x_wconf 85' lang='lat' dir='ltr'>Gloria</span> <span class='ocrx_word' id='word_1_422' title='bbox 1192 2353 1222 2404; x_wconf 91' lang='lat' dir='ltr'>et</span> <span class='ocrx_word' id='word_1_423' title='bbox 1234 2349 1321 2404; x_wconf 90' lang='lat' dir='ltr'>decor</span> <span class='ocrx_word' id='word_1_424' title='bbox 1335 2365 1410 2421; x_wconf 92' lang='lat' dir='ltr'>opus</span> <span class='ocrx_word' id='word_1_425' title='bbox 1425 2350 1512 2421; x_wconf 85' lang='lat' dir='ltr'>ejus:</span> 
     </span>
    </p>

    <p class='ocr_par' dir='ltr' id='par_1_21' title="bbox 992 2420 1734 2574">
     <span class='ocr_line' id='line_1_81' title="bbox 1008 2420 1696 2492; baseline 0.009 -21"><span class='ocrx_word' id='word_1_426' title='bbox 1008 2422 1086 2491; x_wconf 78' lang='lat' dir='ltr'>Vno.)</span> <span class='ocrx_word' id='word_1_427' title='bbox 1101 2420 1136 2475; x_wconf 77' lang='lat' dir='ltr'>ut</span> <span class='ocrx_word' id='word_1_428' title='bbox 1146 2421 1264 2490; x_wconf 78' lang='lat' dir='ltr'>justitia</span> <span class='ocrx_word' id='word_1_429' title='bbox 1278 2420 1342 2492; x_wconf 91' lang='lat' dir='ltr'>ejus</span> <span class='ocrx_word' id='word_1_430' title='bbox 1358 2436 1549 2492; x_wconf 88' lang='lat' dir='ltr'>perseverans</span> <span class='ocrx_word' id='word_1_431' title='bbox 1564 2434 1696 2492; x_wconf 84' lang='lat' dir='ltr'>semper.</span> 
     </span>
     <span class='ocr_line' id='line_1_82' title="bbox 992 2490 1734 2574; baseline 0.003 -28"><span class='ocrx_word' id='word_1_432' title='bbox 992 2491 1101 2574; x_wconf 77' lang='lat' dir='ltr'>(lain.)</span> <span class='ocrx_word' id='word_1_433' title='bbox 1119 2491 1287 2547; x_wconf 82' lang='lat' dir='ltr'>Memoriam</span> <span class='ocrx_word' id='word_1_434' title='bbox 1304 2492 1372 2548; x_wconf 84' lang='lat' dir='ltr'>tacit</span> <span class='ocrx_word' id='word_1_435' title='bbox 1388 2490 1570 2548; x_wconf 89' lang='lat' dir='ltr'>mirabilium</span> <span class='ocrx_word' id='word_1_436' title='bbox 1588 2507 1734 2548; x_wconf 84' lang='lat' dir='ltr'>errorum:</span> 
     </span>
    </p>
   </div>
   <div class='ocr_carea' id='block_1_18' title="bbox 990 2578 1808 3083">
    <p class='ocr_par' dir='ltr' id='par_1_22' title="bbox 990 2578 1808 2719">
     <span class='ocr_line' id='line_1_83' title="bbox 991 2578 1808 2653; baseline 0.004 -19"><span class='ocrx_word' id='word_1_437' title='bbox 991 2579 1099 2652; x_wconf 77' lang='lat' dir='ltr'>[Helbl</span> <span class='ocrx_word' id='word_1_438' title='bbox 1110 2578 1243 2635; x_wconf 87' lang='lat' dir='ltr'>Clemens</span> <span class='ocrx_word' id='word_1_439' title='bbox 1257 2584 1286 2636; x_wconf 85' lang='lat' dir='ltr'>et</span> <span class='ocrx_word' id='word_1_440' title='bbox 1302 2580 1468 2636; x_wconf 87' lang='lat' dir='ltr'>misericors</span> <span class='ocrx_word' id='word_1_441' title='bbox 1483 2578 1629 2637; x_wconf 86' lang='lat' dir='ltr'>Dominus</span> <span class='ocrx_word' id='word_1_442' title='bbox 1644 2580 1699 2652; x_wconf 80' lang='lat' dir='ltr'>(tt.</span> <span class='ocrx_word' id='word_1_443' title='bbox 1719 2580 1808 2653; x_wconf 84' lang='lat' dir='ltr'>Deus.)</span> 
     </span>
     <span class='ocr_line' id='line_1_84' title="bbox 990 2650 1562 2719; baseline -0.003 -9"><span class='ocrx_word' id='word_1_444' title='bbox 990 2650 1086 2719; x_wconf 68' lang='lat' dir='ltr'>tratti</span> <span class='ocrx_word' id='word_1_445' title='bbox 1104 2655 1207 2707; x_wconf 79' lang='lat' dir='ltr'>Decem</span> <span class='ocrx_word' id='word_1_446' title='bbox 1222 2651 1304 2706; x_wconf 90' lang='lat' dir='ltr'>dedit</span> <span class='ocrx_word' id='word_1_447' title='bbox 1319 2651 1497 2708; x_wconf 89' lang='lat' dir='ltr'>timentibus</span> <span class='ocrx_word' id='word_1_448' title='bbox 1511 2667 1562 2708; x_wconf 91' lang='lat' dir='ltr'>se:</span> 
     </span>
    </p>

    <p class='ocr_par' dir='ltr' id='par_1_23' title="bbox 992 2722 1808 3083">
     <span class='ocr_line' id='line_1_85' title="bbox 992 2722 1808 2850; baseline 0.001 -72"><span class='ocrx_word' id='word_1_449' title='bbox 992 2722 1200 2850; x_wconf 40' lang='lat' dir='ltr'>[wd&#39;iliiseiiii</span> <span class='ocrx_word' id='word_1_450' title='bbox 1211 2722 1266 2779; x_wconf 87' lang='lat' dir='ltr'>erit</span> <span class='ocrx_word' id='word_1_451' title='bbox 1280 2723 1311 2778; x_wconf 93' lang='lat' dir='ltr'>in</span> <span class='ocrx_word' id='word_1_452' title='bbox 1327 2724 1543 2796; x_wconf 88' lang='lat' dir='ltr'>sempiternum</span> <span class='ocrx_word' id='word_1_453' title='bbox 1558 2722 1602 2796; x_wconf 87' lang='lat' dir='ltr'>(h.</span> <span class='ocrx_word' id='word_1_454' title='bbox 1618 2722 1756 2781; x_wconf 75' lang='lat' dir='ltr'>saeculum</span> <span class='ocrx_word' id='word_1_455' title='bbox 1766 2739 1808 2796; x_wconf 84' lang='lat' dir='ltr'>pn·</span> 
     </span>
     <span class='ocr_line' id='line_1_86' title="bbox 992 2864 1805 2938; baseline 0.002 -19"><span class='ocrx_word' id='word_1_456' title='bbox 992 2865 1100 2938; x_wconf 80' lang='lat' dir='ltr'>(capt.)</span> <span class='ocrx_word' id='word_1_457' title='bbox 1116 2865 1331 2923; x_wconf 79' lang='lat' dir='ltr'>Fortitudinem</span> <span class='ocrx_word' id='word_1_458' title='bbox 1351 2881 1473 2938; x_wconf 89' lang='lat' dir='ltr'>operum</span> <span class='ocrx_word' id='word_1_459' title='bbox 1488 2881 1614 2924; x_wconf 90' lang='lat' dir='ltr'>suerum</span> <span class='ocrx_word' id='word_1_460' title='bbox 1630 2864 1805 2924; x_wconf 87' lang='lat' dir='ltr'>annuntiabit</span> 
     </span>
     <span class='ocr_line' id='line_1_87' title="bbox 994 2937 1681 3083; baseline 0.007 -20"><span class='ocrx_word' id='word_1_461' title='bbox 994 2937 1180 3081; x_wconf 57' lang='lat' dir='ltr'>(rampeiituiit</span> <span class='ocrx_word' id='word_1_462' title='bbox 1190 2954 1301 3066; x_wconf 65' lang='lat' dir='ltr'>iiii’ais</span> <span class='ocrx_word' id='word_1_463' title='bbox 1316 3006 1517 3066; x_wconf 83' lang='lat' dir='ltr'>hereditatem</span> <span class='ocrx_word' id='word_1_464' title='bbox 1533 3010 1681 3083; x_wconf 80' lang='lat' dir='ltr'>gentium.</span> 
     </span>
    </p>
   </div>
   <div class='ocr_carea' id='block_1_19' title="bbox 954 3082 1773 3170">
    <p class='ocr_par' dir='ltr' id='par_1_24' title="bbox 954 3082 1773 3170">
     <span class='ocr_line' id='line_1_88' title="bbox 954 3082 1773 3170; baseline 0.004 -18"><span class='ocrx_word' id='word_1_465' title='bbox 954 3082 975 3151; x_wconf 82' lang='lat' dir='ltr'>C</span> <span class='ocrx_word' id='word_1_466' title='bbox 1006 3097 1093 3166; x_wconf 71' lang='lat' dir='ltr'>Mem.)</span> <span class='ocrx_word' id='word_1_467' title='bbox 1112 3096 1193 3169; x_wconf 91' lang='lat' dir='ltr'>Opus</span> <span class='ocrx_word' id='word_1_468' title='bbox 1210 3114 1352 3154; x_wconf 88' lang='lat' dir='ltr'>manuum</span> <span class='ocrx_word' id='word_1_469' title='bbox 1364 3099 1429 3168; x_wconf 87' lang='lat' dir='ltr'>ejus</span> <span class='ocrx_word' id='word_1_470' title='bbox 1445 3098 1553 3154; x_wconf 89' lang='lat' dir='ltr'>veritas</span> <span class='ocrx_word' id='word_1_471' title='bbox 1568 3103 1599 3156; x_wconf 89' lang='lat' dir='ltr'>et</span> <span class='ocrx_word' id='word_1_472' title='bbox 1609 3098 1773 3170; x_wconf 74' lang='lat' dir='ltr'>judicium:</span> 
     </span>
    </p>
   </div>
   <div class='ocr_carea' id='block_1_20' title="bbox 990 3168 1803 3532">
    <p class='ocr_par' dir='ltr' id='par_1_25' title="bbox 1006 3168 1586 3243">
     <span class='ocr_line' id='line_1_89' title="bbox 1006 3168 1586 3243; baseline 0.003 -19"><span class='ocrx_word' id='word_1_473' title='bbox 1006 3170 1091 3238; x_wconf 71' lang='lat' dir='ltr'>itan.)</span> <span class='ocrx_word' id='word_1_474' title='bbox 1107 3168 1218 3226; x_wconf 80' lang='lat' dir='ltr'>Fidelis</span> <span class='ocrx_word' id='word_1_475' title='bbox 1232 3169 1332 3227; x_wconf 83' lang='lat' dir='ltr'>omnia</span> <span class='ocrx_word' id='word_1_476' title='bbox 1348 3175 1493 3243; x_wconf 74' lang='lat' dir='ltr'>precepta</span> <span class='ocrx_word' id='word_1_477' title='bbox 1507 3171 1586 3242; x_wconf 92' lang='lat' dir='ltr'>ejus.</span> 
     </span>
    </p>

    <p class='ocr_par' dir='ltr' id='par_1_26' title="bbox 993 3241 1803 3468">
     <span class='ocr_line' id='line_1_90' title="bbox 1004 3241 1803 3324; baseline 0.001 -28"><span class='ocrx_word' id='word_1_478' title='bbox 1004 3241 1144 3324; x_wconf 75' lang='lat' dir='ltr'>Semecb.)</span> <span class='ocrx_word' id='word_1_479' title='bbox 1160 3241 1289 3298; x_wconf 75' lang='lat' dir='ltr'>Firmato</span> <span class='ocrx_word' id='word_1_480' title='bbox 1304 3243 1333 3298; x_wconf 91' lang='lat' dir='ltr'>tu</span> <span class='ocrx_word' id='word_1_481' title='bbox 1360 3241 1576 3315; x_wconf 88' lang='lat' dir='ltr'>sempiternum</span> <span class='ocrx_word' id='word_1_482' title='bbox 1596 3241 1640 3315; x_wconf 91' lang='lat' dir='ltr'>(h.</span> <span class='ocrx_word' id='word_1_483' title='bbox 1664 3242 1803 3307; x_wconf 71' lang='lat' dir='ltr'>wculumt</span> 
     </span>
     <span class='ocr_line' id='line_1_91' title="bbox 993 3319 1572 3468; baseline 0.009 -30"><span class='ocrx_word' id='word_1_484' title='bbox 993 3319 1225 3453; x_wconf 61' lang='lat' dir='ltr'>tataiiiiiia&#39;in</span> <span class='ocrx_word' id='word_1_485' title='bbox 1241 3385 1361 3468; x_wconf 77' lang='lat' dir='ltr'>veritate</span> <span class='ocrx_word' id='word_1_486' title='bbox 1379 3384 1572 3468; x_wconf 65' lang='lat' dir='ltr'>strenuitate.</span> 
     </span>
    </p>

    <p class='ocr_par' dir='ltr' id='par_1_27' title="bbox 990 3455 1645 3532">
     <span class='ocr_line' id='line_1_92' title="bbox 990 3455 1645 3532; baseline 0.003 -22"><span class='ocrx_word' id='word_1_487' title='bbox 990 3455 1082 3532; x_wconf 73' lang='lat' dir='ltr'>(Pte.)</span> <span class='ocrx_word' id='word_1_488' title='bbox 1101 3456 1343 3529; x_wconf 83' lang='lat' dir='ltr'>Redempttouem</span> <span class='ocrx_word' id='word_1_489' title='bbox 1356 3461 1438 3512; x_wconf 86' lang='lat' dir='ltr'>mrsrt</span> <span class='ocrx_word' id='word_1_490' title='bbox 1452 3456 1562 3529; x_wconf 90' lang='lat' dir='ltr'>populo</span> <span class='ocrx_word' id='word_1_491' title='bbox 1578 3473 1645 3514; x_wconf 84' lang='lat' dir='ltr'>suo.</span> 
     </span>
    </p>
   </div>
   <div class='ocr_carea' id='block_1_21' title="bbox 991 3544 1802 3672">
    <p class='ocr_par' dir='ltr' id='par_1_28' title="bbox 991 3544 1802 3672">
     <span class='ocr_line' id='line_1_93' title="bbox 991 3544 1802 3619; baseline 0.002 -21"><span class='ocrx_word' id='word_1_492' title='bbox 991 3544 1093 3614; x_wconf 82' lang='lat' dir='ltr'>(Sede.)</span> <span class='ocrx_word' id='word_1_493' title='bbox 1109 3545 1258 3601; x_wconf 86' lang='lat' dir='ltr'>Mandavit</span> <span class='ocrx_word' id='word_1_494' title='bbox 1271 3546 1300 3601; x_wconf 91' lang='lat' dir='ltr'>in</span> <span class='ocrx_word' id='word_1_495' title='bbox 1318 3550 1458 3602; x_wconf 76' lang='lat' dir='ltr'>oeternum</span> <span class='ocrx_word' id='word_1_496' title='bbox 1471 3545 1515 3616; x_wconf 92' lang='lat' dir='ltr'>(h.</span> <span class='ocrx_word' id='word_1_497' title='bbox 1532 3546 1802 3619; x_wconf 74' lang='lat' dir='ltr'>saeculum)partun</span> 
     </span>
     <span class='ocr_line' id='line_1_94' title="bbox 1063 3632 1172 3672; baseline 0.018 -2"><span class='ocrx_word' id='word_1_498' title='bbox 1063 3632 1151 3671; x_wconf 93' lang='lat' dir='ltr'>suum</span> <span class='ocrx_word' id='word_1_499' title='bbox 1164 3633 1172 3672; x_wconf 76' lang='lat' dir='ltr'>t</span> 
     </span>
    </p>
   </div>
   <div class='ocr_carea' id='block_1_22' title="bbox 991 3687 1659 3814">
    <p class='ocr_par' dir='ltr' id='par_1_29' title="bbox 991 3687 1659 3814">
     <span class='ocr_line' id='line_1_95' title="bbox 991 3687 1659 3814; baseline 0.006 -72"><span class='ocrx_word' id='word_1_500' title='bbox 991 3687 1248 3814; x_wconf 22' lang='lat' dir='ltr'>&amp;ampsanctum</span> <span class='ocrx_word' id='word_1_501' title='bbox 1264 3691 1293 3744; x_wconf 87' lang='lat' dir='ltr'>et</span> <span class='ocrx_word' id='word_1_502' title='bbox 1307 3687 1438 3745; x_wconf 88' lang='lat' dir='ltr'>terribile</span> <span class='ocrx_word' id='word_1_503' title='bbox 1456 3690 1659 3761; x_wconf 77' lang='lat' dir='ltr'>nomenoius.</span> 
     </span>
    </p>
   </div>
   <div class='ocr_carea' id='block_1_23' title="bbox 989 3759 1800 4048">
    <p class='ocr_par' dir='ltr' id='par_1_30' title="bbox 989 3759 1800 4048">
     <span class='ocr_line' id='line_1_96' title="bbox 990 3759 1714 3832; baseline 0.004 -17"><span class='ocrx_word' id='word_1_504' title='bbox 990 3761 1072 3830; x_wconf 81' lang='lat' dir='ltr'>(lies.)</span> <span class='ocrx_word' id='word_1_505' title='bbox 1111 3759 1268 3832; x_wconf 89' lang='lat' dir='ltr'>rincipium</span> <span class='ocrx_word' id='word_1_506' title='bbox 1295 3759 1446 3832; x_wconf 78' lang='lat' dir='ltr'>sapientie</span> <span class='ocrx_word' id='word_1_507' title='bbox 1469 3761 1560 3816; x_wconf 90' lang='lat' dir='ltr'>timor</span> <span class='ocrx_word' id='word_1_508' title='bbox 1586 3762 1714 3827; x_wconf 86' lang='lat' dir='ltr'>Domini,</span> 
     </span>
     <span class='ocr_line' id='line_1_97' title="bbox 989 3829 1800 3904; baseline 0.001 -19"><span class='ocrx_word' id='word_1_509' title='bbox 989 3830 1075 3899; x_wconf 73' lang='lat' dir='ltr'>(Sita.)</span> <span class='ocrx_word' id='word_1_510' title='bbox 1092 3831 1227 3889; x_wconf 87' lang='lat' dir='ltr'>Doctrina</span> <span class='ocrx_word' id='word_1_511' title='bbox 1242 3831 1284 3903; x_wconf 83' lang='lat' dir='ltr'>[h.</span> <span class='ocrx_word' id='word_1_512' title='bbox 1295 3831 1433 3904; x_wconf 88' lang='lat' dir='ltr'>eruditio)</span> <span class='ocrx_word' id='word_1_513' title='bbox 1451 3831 1528 3888; x_wconf 89' lang='lat' dir='ltr'>hena</span> <span class='ocrx_word' id='word_1_514' title='bbox 1542 3833 1660 3890; x_wconf 84' lang='lat' dir='ltr'>cunetis</span> <span class='ocrx_word' id='word_1_515' title='bbox 1688 3829 1800 3891; x_wconf 86' lang='lat' dir='ltr'>iacienti-</span> 
     </span>
     <span class='ocr_line' id='line_1_98' title="bbox 990 3903 1583 4048; baseline 0.005 -20"><span class='ocrx_word' id='word_1_516' title='bbox 990 3903 1190 4045; x_wconf 62' lang='lat' dir='ltr'>(ritaiiiiiia</span> <span class='ocrx_word' id='word_1_517' title='bbox 1205 3974 1270 4045; x_wconf 87' lang='lat' dir='ltr'>ejus</span> <span class='ocrx_word' id='word_1_518' title='bbox 1287 3978 1453 4048; x_wconf 76' lang='lat' dir='ltr'>perseverat</span> <span class='ocrx_word' id='word_1_519' title='bbox 1458 3975 1583 4048; x_wconf 82' lang='lat' dir='ltr'>jugiter.</span> 
     </span>
    </p>
   </div>
   <div class='ocr_carea' id='block_1_24' title="bbox 989 4186 1798 4476">
    <p class='ocr_par' dir='ltr' id='par_1_31' title="bbox 989 4186 1798 4476">
     <span class='ocr_line' id='line_1_99' title="bbox 990 4186 1795 4261; baseline 0 -20"><span class='ocrx_word' id='word_1_520' title='bbox 990 4186 1131 4242; x_wconf 71' lang='lat' dir='ltr'>ueterum</span> <span class='ocrx_word' id='word_1_521' title='bbox 1147 4186 1245 4243; x_wconf 88' lang='lat' dir='ltr'>Canen</span> <span class='ocrx_word' id='word_1_522' title='bbox 1261 4187 1433 4244; x_wconf 88' lang='lat' dir='ltr'>Carcasson.</span> <span class='ocrx_word' id='word_1_523' title='bbox 1447 4187 1517 4258; x_wconf 73' lang='lat' dir='ltr'>lenit</span> <span class='ocrx_word' id='word_1_524' title='bbox 1531 4194 1753 4261; x_wconf 86' lang='lat' dir='ltr'>cousequenter,</span> <span class='ocrx_word' id='word_1_525' title='bbox 1775 4188 1795 4242; x_wconf 91' lang='lat' dir='ltr'>in</span> 
     </span>
     <span class='ocr_line' id='line_1_100' title="bbox 989 4258 1798 4330; baseline 0.004 -18"><span class='ocrx_word' id='word_1_526' title='bbox 989 4258 1128 4313; x_wconf 80' lang='lat' dir='ltr'>montibus</span> <span class='ocrx_word' id='word_1_527' title='bbox 1142 4261 1253 4314; x_wconf 85' lang='lat' dir='ltr'>sanctis.</span> <span class='ocrx_word' id='word_1_528' title='bbox 1269 4259 1348 4314; x_wconf 88' lang='lat' dir='ltr'>Idem</span> <span class='ocrx_word' id='word_1_529' title='bbox 1361 4258 1484 4330; x_wconf 88' lang='lat' dir='ltr'>insuper</span> <span class='ocrx_word' id='word_1_530' title='bbox 1495 4276 1563 4316; x_wconf 89' lang='lat' dir='ltr'>oum</span> <span class='ocrx_word' id='word_1_531' title='bbox 1580 4277 1637 4319; x_wconf 91' lang='lat' dir='ltr'>ms.</span> <span class='ocrx_word' id='word_1_532' title='bbox 1654 4265 1683 4316; x_wconf 82' lang='grc'>8.</span> <span class='ocrx_word' id='word_1_533' title='bbox 1706 4261 1798 4316; x_wconf 83' lang='lat' dir='ltr'>Micha-</span> 
     </span>
     <span class='ocr_line' id='line_1_101' title="bbox 990 4328 1795 4404; baseline -0.001 -19"><span class='ocrx_word' id='word_1_534' title='bbox 990 4328 1044 4385; x_wconf 89' lang='lat' dir='ltr'>elis</span> <span class='ocrx_word' id='word_1_535' title='bbox 1064 4330 1174 4386; x_wconf 89' lang='lat' dir='ltr'>omittit</span> <span class='ocrx_word' id='word_1_536' title='bbox 1190 4329 1366 4402; x_wconf 89' lang='lat' dir='ltr'>perticulam</span> <span class='ocrx_word' id='word_1_537' title='bbox 1387 4332 1476 4401; x_wconf 60' lang='lat' dir='ltr'>onim,</span> <span class='ocrx_word' id='word_1_538' title='bbox 1492 4347 1557 4404; x_wconf 77' lang='lat' dir='ltr'>quaa</span> <span class='ocrx_word' id='word_1_539' title='bbox 1580 4337 1679 4389; x_wconf 81' lang='lat' dir='ltr'>tamam</span> <span class='ocrx_word' id='word_1_540' title='bbox 1703 4333 1795 4403; x_wconf 88' lang='lat' dir='ltr'>scripta</span> 
     </span>
     <span class='ocr_line' id='line_1_102' title="bbox 990 4401 1798 4476; baseline 0.009 -20"><span class='ocrx_word' id='word_1_541' title='bbox 990 4401 1135 4468; x_wconf 63' lang='lat' dir='ltr'>repleritur</span> <span class='ocrx_word' id='word_1_542' title='bbox 1150 4402 1180 4457; x_wconf 90' lang='lat' dir='ltr'>in</span> <span class='ocrx_word' id='word_1_543' title='bbox 1195 4401 1262 4457; x_wconf 91' lang='lat' dir='ltr'>aliis</span> <span class='ocrx_word' id='word_1_544' title='bbox 1277 4402 1416 4458; x_wconf 84' lang='lat' dir='ltr'>omnibus</span> <span class='ocrx_word' id='word_1_545' title='bbox 1436 4418 1511 4458; x_wconf 85' lang='lat' dir='ltr'>mse.</span> <span class='ocrx_word' id='word_1_546' title='bbox 1546 4404 1694 4476; x_wconf 85' lang='lat' dir='ltr'>editisque</span> <span class='ocrx_word' id='word_1_547' title='bbox 1718 4403 1798 4462; x_wconf 79' lang='lat' dir='ltr'>libris.</span> 
     </span>
    </p>
   </div>
   <div class='ocr_carea' id='block_1_25' title="bbox 111 4464 1797 4548">
    <p class='ocr_par' dir='ltr' id='par_1_32' title="bbox 111 4464 1797 4548">
     <span class='ocr_line' id='line_1_103' title="bbox 111 4464 1797 4548; baseline 0.002 -25"><span class='ocrx_word' id='word_1_548' title='bbox 111 4468 192 4533; x_wconf 87' lang='lat' dir='ltr'>Qood</span> <span class='ocrx_word' id='word_1_549' title='bbox 205 4471 312 4540; x_wconf 72' lang='lat' dir='ltr'>legitur</span> <span class='ocrx_word' id='word_1_550' title='bbox 327 4474 414 4528; x_wconf 89' lang='lat' dir='ltr'>etiam</span> <span class='ocrx_word' id='word_1_551' title='bbox 429 4473 456 4527; x_wconf 90' lang='lat' dir='ltr'>in</span> <span class='ocrx_word' id='word_1_552' title='bbox 468 4473 584 4529; x_wconf 81' lang='lat' dir='ltr'>Canens</span> <span class='ocrx_word' id='word_1_553' title='bbox 598 4469 835 4539; x_wconf 83' lang='lat' dir='ltr'>carcassonensi,</span> <span class='ocrx_word' id='word_1_554' title='bbox 851 4475 880 4526; x_wconf 91' lang='lat' dir='ltr'>et</span> <span class='ocrx_word' id='word_1_555' title='bbox 903 4472 932 4527; x_wconf 93' lang='lat' dir='ltr'>in</span> <span class='ocrx_word' id='word_1_556' title='bbox 950 4464 972 4527; x_wconf 84' lang='lat' dir='ltr'>D</span> <span class='ocrx_word' id='word_1_557' title='bbox 990 4474 1027 4528; x_wconf 93' lang='lat' dir='ltr'>De</span> <span class='ocrx_word' id='word_1_558' title='bbox 1042 4473 1307 4530; x_wconf 87' lang='lat' dir='ltr'>San-Germanensi</span> <span class='ocrx_word' id='word_1_559' title='bbox 1322 4473 1437 4530; x_wconf 87' lang='lat' dir='ltr'>Cauene</span> <span class='ocrx_word' id='word_1_560' title='bbox 1453 4473 1526 4529; x_wconf 92' lang='lat' dir='ltr'>nihil</span> <span class='ocrx_word' id='word_1_561' title='bbox 1538 4474 1680 4548; x_wconf 85' lang='lat' dir='ltr'>deinceps</span> <span class='ocrx_word' id='word_1_562' title='bbox 1690 4478 1797 4531; x_wconf 88' lang='lat' dir='ltr'>dicetur.</span> 
     </span>
    </p>
   </div>
   <div class='ocr_carea' id='block_1_26' title="bbox 105 4540 934 5756">
    <p class='ocr_par' dir='ltr' id='par_1_33' title="bbox 111 4540 933 4673">
     <span class='ocr_line' id='line_1_104' title="bbox 111 4540 933 4616; baseline 0.005 -20"><span class='ocrx_word' id='word_1_563' title='bbox 111 4540 261 4598; x_wconf 87' lang='lat' dir='ltr'>codicibus</span> <span class='ocrx_word' id='word_1_564' title='bbox 277 4560 350 4600; x_wconf 79' lang='lat' dir='ltr'>mes.</span> <span class='ocrx_word' id='word_1_565' title='bbox 367 4562 430 4616; x_wconf 86' lang='lat' dir='ltr'>quae</span> <span class='ocrx_word' id='word_1_566' title='bbox 450 4543 571 4601; x_wconf 89' lang='lat' dir='ltr'>scholiis</span> <span class='ocrx_word' id='word_1_567' title='bbox 594 4542 809 4616; x_wconf 85' lang='lat' dir='ltr'>marginalibus</span> <span class='ocrx_word' id='word_1_568' title='bbox 831 4542 933 4600; x_wconf 86' lang='lat' dir='ltr'>vitiata</span> 
     </span>
     <span class='ocr_line' id='line_1_105' title="bbox 112 4613 469 4673; baseline 0.003 -5"><span class='ocrx_word' id='word_1_569' title='bbox 112 4613 469 4673; x_wconf 79' lang='lat' dir='ltr'>deprehendimusllianr.</span> 
     </span>
    </p>

    <p class='ocr_par' dir='ltr' id='par_1_34' title="bbox 110 4684 932 4827">
     <span class='ocr_line' id='line_1_106' title="bbox 146 4684 932 4756; baseline 0.004 -18"><span class='ocrx_word' id='word_1_570' title='bbox 146 4684 256 4739; x_wconf 68' lang='lat' dir='ltr'>tectus</span> <span class='ocrx_word' id='word_1_571' title='bbox 271 4686 511 4742; x_wconf 62' lang='lat' dir='ltr'>tlarcassonensis</span> <span class='ocrx_word' id='word_1_572' title='bbox 526 4686 624 4742; x_wconf 89' lang='lat' dir='ltr'>Cenon</span> <span class='ocrx_word' id='word_1_573' title='bbox 642 4704 648 4742; x_wconf 95' lang='lat'><strong>:</strong></span> <span class='ocrx_word' id='word_1_574' title='bbox 667 4685 789 4752; x_wconf 83' lang='lat' dir='ltr'>Domine,</span> <span class='ocrx_word' id='word_1_575' title='bbox 807 4685 932 4756; x_wconf 83' lang='lat' dir='ltr'>Domine,</span> 
     </span>
     <span class='ocr_line' id='line_1_107' title="bbox 110 4758 491 4827; baseline 0.005 -16"><span class='ocrx_word' id='word_1_576' title='bbox 110 4771 163 4827; x_wconf 91' lang='lat' dir='ltr'>pro</span> <span class='ocrx_word' id='word_1_577' title='bbox 175 4758 288 4812; x_wconf 80' lang='lat' dir='ltr'>Donrine</span> <span class='ocrx_word' id='word_1_578' title='bbox 302 4759 381 4813; x_wconf 80' lang='lat' dir='ltr'>Deus.</span> <span class='ocrx_word' id='word_1_579' title='bbox 399 4760 491 4813; x_wconf 79' lang='lat' dir='ltr'>liner.</span> 
     </span>
    </p>

    <p class='ocr_par' dir='ltr' id='par_1_35' title="bbox 113 4828 932 4968">
     <span class='ocr_line' id='line_1_108' title="bbox 146 4828 932 4899; baseline 0 -17"><span class='ocrx_word' id='word_1_580' title='bbox 146 4857 180 4870; x_wconf 86' lang='lat'><em>-</em></span> <span class='ocrx_word' id='word_1_581' title='bbox 193 4828 313 4882; x_wconf 83' lang='lat' dir='ltr'>Cisterc.</span> <span class='ocrx_word' id='word_1_582' title='bbox 331 4846 385 4883; x_wconf 84' lang='lat' dir='ltr'>ms.</span> <span class='ocrx_word' id='word_1_583' title='bbox 404 4831 517 4884; x_wconf 88' lang='lat' dir='ltr'>inverso</span> <span class='ocrx_word' id='word_1_584' title='bbox 533 4830 635 4884; x_wconf 89' lang='lat' dir='ltr'>ordine</span> <span class='ocrx_word' id='word_1_585' title='bbox 653 4830 731 4898; x_wconf 80' lang='lat' dir='ltr'>Dens,</span> <span class='ocrx_word' id='word_1_586' title='bbox 749 4829 932 4899; x_wconf 74' lang='lat' dir='ltr'>Dumnissus,</span> 
     </span>
     <span class='ocr_line' id='line_1_109' title="bbox 113 4900 537 4968; baseline 0.007 -14"><span class='ocrx_word' id='word_1_587' title='bbox 113 4905 168 4957; x_wconf 89' lang='lat' dir='ltr'>etc.</span> <span class='ocrx_word' id='word_1_588' title='bbox 183 4900 214 4955; x_wconf 90' lang='lat' dir='ltr'>ln</span> <span class='ocrx_word' id='word_1_589' title='bbox 231 4901 358 4968; x_wconf 79' lang='lat' dir='ltr'>Hehrres,</span> <span class='ocrx_word' id='word_1_590' title='bbox 374 4911 440 4962; x_wconf 66' lang='lat' dir='ltr'>usn</span> <span class='ocrx_word' id='word_1_591' title='bbox 459 4911 537 4961; x_wconf 74' lang='lat' dir='ltr'>nint.</span> 
     </span>
    </p>

    <p class='ocr_par' dir='ltr' id='par_1_36' title="bbox 110 4971 932 5116">
     <span class='ocr_line' id='line_1_110' title="bbox 144 4971 932 5043; baseline 0.001 -17"><span class='ocrx_word' id='word_1_592' title='bbox 144 4972 349 5028; x_wconf 73' lang='lat' dir='ltr'>‘Additidem</span> <span class='ocrx_word' id='word_1_593' title='bbox 364 4989 420 5028; x_wconf 89' lang='lat' dir='ltr'>ms.</span> <span class='ocrx_word' id='word_1_594' title='bbox 449 4990 509 5042; x_wconf 80' lang='lat' dir='ltr'>san,</span> <span class='ocrx_word' id='word_1_595' title='bbox 532 4977 561 5028; x_wconf 89' lang='lat' dir='ltr'>et</span> <span class='ocrx_word' id='word_1_596' title='bbox 586 4988 652 5026; x_wconf 86' lang='lat' dir='ltr'>mox</span> <span class='ocrx_word' id='word_1_597' title='bbox 680 4971 853 5038; x_wconf 77' lang='lat' dir='ltr'>indumento,</span> <span class='ocrx_word' id='word_1_598' title='bbox 880 4987 932 5043; x_wconf 90' lang='lat' dir='ltr'>pre</span> 
     </span>
     <span class='ocr_line' id='line_1_111' title="bbox 110 5043 303 5116; baseline 0.005 -19"><span class='ocrx_word' id='word_1_599' title='bbox 110 5045 207 5116; x_wconf 85' lang='lat' dir='ltr'>pollio,</span> <span class='ocrx_word' id='word_1_600' title='bbox 223 5043 303 5116; x_wconf 83' lang='lat' dir='ltr'>legit.</span> 
     </span>
    </p>

    <p class='ocr_par' dir='ltr' id='par_1_37' title="bbox 110 5114 932 5312">
     <span class='ocr_line' id='line_1_112' title="bbox 144 5114 932 5185; baseline -0.001 -14"><span class='ocrx_word' id='word_1_601' title='bbox 144 5116 248 5172; x_wconf 73' lang='lat' dir='ltr'>&#39;Idem</span> <span class='ocrx_word' id='word_1_602' title='bbox 261 5132 329 5183; x_wconf 79' lang='lat' dir='ltr'>ma,</span> <span class='ocrx_word' id='word_1_603' title='bbox 346 5115 470 5171; x_wconf 84' lang='lat' dir='ltr'>animum</span> <span class='ocrx_word' id='word_1_604' title='bbox 485 5131 584 5179; x_wconf 85' lang='lat' dir='ltr'>meam,</span> <span class='ocrx_word' id='word_1_605' title='bbox 599 5114 685 5185; x_wconf 83' lang='lat' dir='ltr'>juxta</span> <span class='ocrx_word' id='word_1_606' title='bbox 713 5119 840 5171; x_wconf 91' lang='lat' dir='ltr'>veterem</span> <span class='ocrx_word' id='word_1_607' title='bbox 868 5130 932 5171; x_wconf 88' lang='lat' dir='ltr'>var·</span> 
     </span>
     <span class='ocr_line' id='line_1_113' title="bbox 110 5186 861 5312; baseline -0.003 -72"><span class='ocrx_word' id='word_1_608' title='bbox 110 5186 224 5243; x_wconf 88' lang='lat' dir='ltr'>sionem</span> <span class='ocrx_word' id='word_1_609' title='bbox 240 5193 268 5242; x_wconf 92' lang='lat' dir='ltr'>et</span> <span class='ocrx_word' id='word_1_610' title='bbox 283 5189 393 5251; x_wconf 71' lang='lat' dir='ltr'>Graece,</span> <span class='ocrx_word' id='word_1_611' title='bbox 407 5186 457 5255; x_wconf 79' lang='grc' dir='ltr'>τήν</span> <span class='ocrx_word' id='word_1_612' title='bbox 473 5187 566 5312; x_wconf 38' lang='lat' dir='ltr'>popinis</span> <span class='ocrx_word' id='word_1_613' title='bbox 583 5205 664 5267; x_wconf 39' lang='lat' dir='ltr'>pou..</span> <span class='ocrx_word' id='word_1_614' title='bbox 855 5255 861 5267; x_wconf 41' lang='lat'><strong>·</strong></span> 
     </span>
    </p>

    <p class='ocr_par' dir='ltr' id='par_1_38' title="bbox 105 5256 934 5756">
     <span class='ocr_line' id='line_1_114' title="bbox 144 5256 933 5315; baseline -0.005 -1"><span class='ocrx_word' id='word_1_615' title='bbox 144 5259 223 5314; x_wconf 75' lang='lat' dir='ltr'>lTin</span> <span class='ocrx_word' id='word_1_616' title='bbox 238 5260 312 5315; x_wconf 90' lang='lat' dir='ltr'>duos</span> <span class='ocrx_word' id='word_1_617' title='bbox 328 5260 441 5315; x_wconf 86' lang='lat' dir='ltr'>similes</span> <span class='ocrx_word' id='word_1_618' title='bbox 458 5260 486 5312; x_wconf 90' lang='lat' dir='ltr'>in</span> <span class='ocrx_word' id='word_1_619' title='bbox 536 5273 569 5312; x_wconf 89' lang='lat' dir='ltr'>oc</span> <span class='ocrx_word' id='word_1_620' title='bbox 590 5256 734 5313; x_wconf 80' lang='lat' dir='ltr'>versiculo</span> <span class='ocrx_word' id='word_1_621' title='bbox 764 5257 933 5313; x_wconf 81' lang='lat' dir='ltr'>invenimus</span> 
     </span>
     <span class='ocr_line' id='line_1_115' title="bbox 107 5327 934 5399; baseline -0.005 -13"><span class='ocrx_word' id='word_1_622' title='bbox 107 5330 223 5387; x_wconf 89' lang='lat' dir='ltr'>codices</span> <span class='ocrx_word' id='word_1_623' title='bbox 239 5347 311 5387; x_wconf 85' lang='lat' dir='ltr'>mss.</span> <span class='ocrx_word' id='word_1_624' title='bbox 327 5335 424 5386; x_wconf 87' lang='lat' dir='ltr'>Canon</span> <span class='ocrx_word' id='word_1_625' title='bbox 441 5329 637 5386; x_wconf 81' lang='lat' dir='ltr'>blemmianus</span> <span class='ocrx_word' id='word_1_626' title='bbox 654 5331 697 5385; x_wconf 90' lang='lat' dir='ltr'>sic</span> <span class='ocrx_word' id='word_1_627' title='bbox 718 5328 812 5399; x_wconf 75' lang='lat' dir='ltr'>legit:</span> <span class='ocrx_word' id='word_1_628' title='bbox 835 5327 934 5399; x_wconf 82' lang='lat' dir='ltr'>Populi</span> 
     </span>
     <span class='ocr_line' id='line_1_116' title="bbox 107 5400 932 5475; baseline -0.004 -19"><span class='ocrx_word' id='word_1_629' title='bbox 107 5404 263 5475; x_wconf 82' lang='lat' dir='ltr'>tnijodicea</span> <span class='ocrx_word' id='word_1_630' title='bbox 277 5408 368 5462; x_wconf 80' lang='lat' dir='ltr'>erunt.</span> <span class='ocrx_word' id='word_1_631' title='bbox 381 5405 411 5456; x_wconf 85' lang='lat' dir='ltr'>in</span> <span class='ocrx_word' id='word_1_632' title='bbox 433 5402 479 5457; x_wconf 83' lang='lat' dir='ltr'>die</span> <span class='ocrx_word' id='word_1_633' title='bbox 501 5400 674 5472; x_wconf 73' lang='lat' dir='ltr'>fortitudinia</span> <span class='ocrx_word' id='word_1_634' title='bbox 694 5408 761 5457; x_wconf 79' lang='lat' dir='ltr'>tuae.</span> <span class='ocrx_word' id='word_1_635' title='bbox 772 5403 932 5457; x_wconf 86' lang='lat' dir='ltr'>Carcasso-</span> 
     </span>
     <span class='ocr_line' id='line_1_117' title="bbox 105 5470 933 5546; baseline -0.004 -17"><span class='ocrx_word' id='word_1_636' title='bbox 105 5474 207 5530; x_wconf 89' lang='lat' dir='ltr'>nensis</span> <span class='ocrx_word' id='word_1_637' title='bbox 246 5473 444 5546; x_wconf 83' lang='lat' dir='ltr'>vero:Popuii</span> <span class='ocrx_word' id='word_1_638' title='bbox 469 5474 614 5539; x_wconf 76' lang='lat' dir='ltr'>spontanei</span> <span class='ocrx_word' id='word_1_639' title='bbox 633 5473 664 5527; x_wconf 90' lang='lat' dir='ltr'>in</span> <span class='ocrx_word' id='word_1_640' title='bbox 692 5472 737 5527; x_wconf 84' lang='lat' dir='ltr'>die</span> <span class='ocrx_word' id='word_1_641' title='bbox 761 5470 933 5542; x_wconf 72' lang='lat' dir='ltr'>fortdardinis</span> 
     </span>
     <span class='ocr_line' id='line_1_118' title="bbox 106 5543 931 5615; baseline -0.005 -14"><span class='ocrx_word' id='word_1_642' title='bbox 106 5549 173 5601; x_wconf 76' lang='lat' dir='ltr'>toa.</span> <span class='ocrx_word' id='word_1_643' title='bbox 204 5545 374 5602; x_wconf 87' lang='lat' dir='ltr'>Corbciens.</span> <span class='ocrx_word' id='word_1_644' title='bbox 412 5562 445 5600; x_wconf 90' lang='lat' dir='ltr'>ac</span> <span class='ocrx_word' id='word_1_645' title='bbox 474 5545 545 5615; x_wconf 83' lang='lat' dir='ltr'>lteg.</span> <span class='ocrx_word' id='word_1_646' title='bbox 567 5560 635 5598; x_wconf 87' lang='lat' dir='ltr'>ross.</span> <span class='ocrx_word' id='word_1_647' title='bbox 661 5543 760 5613; x_wconf 83' lang='lat' dir='ltr'>Populi</span> <span class='ocrx_word' id='word_1_648' title='bbox 783 5543 825 5598; x_wconf 85' lang='lat' dir='ltr'>tui</span> <span class='ocrx_word' id='word_1_649' title='bbox 850 5543 931 5597; x_wconf 83' lang='lat' dir='ltr'>duces</span> 
     </span>
     <span class='ocr_line' id='line_1_119' title="bbox 106 5614 934 5686; baseline 0 -17"><span class='ocrx_word' id='word_1_650' title='bbox 106 5622 249 5686; x_wconf 69' lang='lat' dir='ltr'>montanai</span> <span class='ocrx_word' id='word_1_651' title='bbox 264 5621 354 5683; x_wconf 83' lang='lat' dir='ltr'>erent,</span> <span class='ocrx_word' id='word_1_652' title='bbox 371 5621 426 5673; x_wconf 82' lang='lat' dir='ltr'>etc.</span> <span class='ocrx_word' id='word_1_653' title='bbox 455 5616 550 5670; x_wconf 89' lang='lat' dir='ltr'>Codex</span> <span class='ocrx_word' id='word_1_654' title='bbox 574 5615 604 5680; x_wconf 91' lang='lat' dir='ltr'>S,</span> <span class='ocrx_word' id='word_1_655' title='bbox 632 5614 802 5671; x_wconf 85' lang='lat' dir='ltr'>Michaelis:</span> <span class='ocrx_word' id='word_1_656' title='bbox 832 5615 934 5686; x_wconf 80' lang='lat' dir='ltr'>Populi</span> 
     </span>
     <span class='ocr_line' id='line_1_120' title="bbox 107 5685 933 5756; baseline 0.002 -16"><span class='ocrx_word' id='word_1_657' title='bbox 107 5685 150 5740; x_wconf 86' lang='lat' dir='ltr'>tui</span> <span class='ocrx_word' id='word_1_658' title='bbox 173 5686 251 5743; x_wconf 82' lang='lat' dir='ltr'>duces</span> <span class='ocrx_word' id='word_1_659' title='bbox 271 5689 302 5743; x_wconf 86' lang='lat' dir='ltr'>in</span> <span class='ocrx_word' id='word_1_660' title='bbox 316 5689 372 5756; x_wconf 86' lang='lat' dir='ltr'>die,</span> <span class='ocrx_word' id='word_1_661' title='bbox 388 5694 442 5744; x_wconf 90' lang='lat' dir='ltr'>ete.</span> <span class='ocrx_word' id='word_1_662' title='bbox 469 5686 661 5743; x_wconf 88' lang='lat' dir='ltr'>Serbouicum</span> <span class='ocrx_word' id='word_1_663' title='bbox 686 5686 778 5742; x_wconf 83' lang='lat' dir='ltr'>secuti</span> <span class='ocrx_word' id='word_1_664' title='bbox 817 5702 933 5753; x_wconf 90' lang='lat' dir='ltr'>sumus,</span> 
     </span>
    </p>
   </div>
   <div class='ocr_carea' id='block_1_27' title="bbox 107 5753 931 5831">
    <p class='ocr_par' dir='ltr' id='par_1_39' title="bbox 107 5753 931 5831">
     <span class='ocr_line' id='line_1_121' title="bbox 107 5753 931 5831; baseline 0.004 -22"><span class='ocrx_word' id='word_1_665' title='bbox 107 5753 290 5830; x_wconf 86' lang='lat' dir='ltr'>quieveram</span> <span class='ocrx_word' id='word_1_666' title='bbox 307 5759 556 5818; x_wconf 88' lang='lat' dir='ltr'>retinerevidetur</span> <span class='ocrx_word' id='word_1_667' title='bbox 574 5757 728 5817; x_wconf 89' lang='lat' dir='ltr'>lectionem</span> <span class='ocrx_word' id='word_1_668' title='bbox 753 5756 931 5831; x_wconf 77' lang='lat' dir='ltr'>Hieronymi,</span> 
     </span>
    </p>
   </div>
   <div class='ocr_carea' id='block_1_28' title="bbox 986 4545 1799 5765">
    <p class='ocr_par' dir='ltr' id='par_1_40' title="bbox 986 4545 1797 4903">
     <span class='ocr_line' id='line_1_122' title="bbox 987 4545 1797 4692; baseline 0.002 -23"><span class='ocrx_word' id='word_1_669' title='bbox 987 4545 1057 4615; x_wconf 63' lang='lat'>‘¹⁰³⁸</span> <span class='ocrx_word' id='word_1_670' title='bbox 1081 4546 1204 4672; x_wconf 79' lang='lat' dir='ltr'>tlltl:</span> <span class='ocrx_word' id='word_1_671' title='bbox 1219 4545 1498 4673; x_wconf 68' lang='lat' dir='ltr'>tttttttttt</span> <span class='ocrx_word' id='word_1_672' title='bbox 1510 4545 1797 4692; x_wconf 61' lang='lat' dir='ltr'>,narrantur</span> 
     </span>
     <span class='ocr_line' id='line_1_123' title="bbox 986 4664 1797 4760; baseline 0 -18"><span class='ocrx_word' id='word_1_673' title='bbox 986 4690 1150 4758; x_wconf 81' lang='lat' dir='ltr'>spontanei:</span> <span class='ocrx_word' id='word_1_674' title='bbox 1166 4687 1225 4755; x_wconf 79' lang='lat' dir='ltr'>alii,</span> <span class='ocrx_word' id='word_1_675' title='bbox 1242 4689 1324 4743; x_wconf 76' lang='lat' dir='ltr'>eluces</span> <span class='ocrx_word' id='word_1_676' title='bbox 1333 4692 1477 4759; x_wconf 80' lang='lat' dir='ltr'>spontanei</span> <span class='ocrx_word' id='word_1_677' title='bbox 1491 4704 1501 4749; x_wconf 78' lang='lat'>‚⁸</span> <span class='ocrx_word' id='word_1_678' title='bbox 1516 4706 1592 4760; x_wconf 88' lang='lat' dir='ltr'>quas</span> <span class='ocrx_word' id='word_1_679' title='bbox 1620 4690 1708 4746; x_wconf 85' lang='lat' dir='ltr'>etlam</span> <span class='ocrx_word' id='word_1_680' title='bbox 1734 4664 1797 4747; x_wconf 75' lang='lat' dir='ltr'>Mar·</span> 
     </span>
     <span class='ocr_line' id='line_1_124' title="bbox 987 4758 1796 4834; baseline 0.001 -21"><span class='ocrx_word' id='word_1_681' title='bbox 987 4762 1058 4815; x_wconf 89' lang='lat' dir='ltr'>tlan.</span> <span class='ocrx_word' id='word_1_682' title='bbox 1073 4760 1102 4816; x_wconf 90' lang='lat' dir='ltr'>in</span> <span class='ocrx_word' id='word_1_683' title='bbox 1118 4759 1179 4814; x_wconf 90' lang='lat' dir='ltr'>suis</span> <span class='ocrx_word' id='word_1_684' title='bbox 1196 4775 1266 4815; x_wconf 90' lang='lat' dir='ltr'>mss.</span> <span class='ocrx_word' id='word_1_685' title='bbox 1279 4760 1427 4815; x_wconf 88' lang='lat' dir='ltr'>variantes</span> <span class='ocrx_word' id='word_1_686' title='bbox 1443 4758 1585 4817; x_wconf 88' lang='lat' dir='ltr'>lectiones</span> <span class='ocrx_word' id='word_1_687' title='bbox 1611 4764 1727 4834; x_wconf 84' lang='lat' dir='ltr'>reperit.</span> <span class='ocrx_word' id='word_1_688' title='bbox 1755 4766 1796 4816; x_wconf 85' lang='lat' dir='ltr'>lla·</span> 
     </span>
     <span class='ocr_line' id='line_1_125' title="bbox 987 4830 1730 4903; baseline 0.008 -18"><span class='ocrx_word' id='word_1_689' title='bbox 987 4830 1081 4885; x_wconf 81' lang='lat' dir='ltr'>hraeus</span> <span class='ocrx_word' id='word_1_690' title='bbox 1094 4831 1273 4896; x_wconf 87' lang='lat' dir='ltr'>adverbum,</span> <span class='ocrx_word' id='word_1_691' title='bbox 1291 4832 1410 4903; x_wconf 77' lang='lat' dir='ltr'>Populus</span> <span class='ocrx_word' id='word_1_692' title='bbox 1421 4831 1474 4886; x_wconf 78' lang='lat' dir='ltr'>tilii</span> <span class='ocrx_word' id='word_1_693' title='bbox 1488 4841 1663 4903; x_wconf 78' lang='lat' dir='ltr'>spontaneos,</span> <span class='ocrx_word' id='word_1_694' title='bbox 1675 4840 1730 4891; x_wconf 88' lang='lat' dir='ltr'>etc.</span> 
     </span>
    </p>

    <p class='ocr_par' dir='ltr' id='par_1_41' title="bbox 986 4902 1797 5318">
     <span class='ocr_line' id='line_1_126' title="bbox 1020 4902 1797 4976; baseline -0.003 -19"><span class='ocrx_word' id='word_1_695' title='bbox 1020 4903 1030 4937; x_wconf 73' lang='lat'>²</span> <span class='ocrx_word' id='word_1_696' title='bbox 1047 4903 1215 4959; x_wconf 84' lang='lat' dir='ltr'>dcroeticho</span> <span class='ocrx_word' id='word_1_697' title='bbox 1232 4903 1278 4958; x_wconf 91' lang='lat' dir='ltr'>hic</span> <span class='ocrx_word' id='word_1_698' title='bbox 1294 4908 1323 4959; x_wconf 88' lang='lat' dir='ltr'>ct</span> <span class='ocrx_word' id='word_1_699' title='bbox 1338 4903 1523 4974; x_wconf 88' lang='lat' dir='ltr'>subsequens</span> <span class='ocrx_word' id='word_1_700' title='bbox 1541 4904 1674 4976; x_wconf 89' lang='lat' dir='ltr'>psalmus</span> <span class='ocrx_word' id='word_1_701' title='bbox 1689 4902 1797 4962; x_wconf 79' lang='lat' dir='ltr'>artificio</span> 
     </span>
     <span class='ocr_line' id='line_1_127' title="bbox 986 4974 1795 5048; baseline 0.002 -19"><span class='ocrx_word' id='word_1_702' title='bbox 986 4978 1132 5038; x_wconf 86' lang='lat' dir='ltr'>constant,</span> <span class='ocrx_word' id='word_1_703' title='bbox 1151 4981 1323 5030; x_wconf 86' lang='lat' dir='ltr'>nontamen</span> <span class='ocrx_word' id='word_1_704' title='bbox 1343 4979 1375 5031; x_wconf 90' lang='lat' dir='ltr'>ut</span> <span class='ocrx_word' id='word_1_705' title='bbox 1398 4974 1525 5048; x_wconf 65' lang='lat' dir='ltr'>singulis</span> <span class='ocrx_word' id='word_1_706' title='bbox 1549 4978 1719 5047; x_wconf 88' lang='lat' dir='ltr'>versieulis,</span> <span class='ocrx_word' id='word_1_707' title='bbox 1757 4975 1795 5031; x_wconf 88' lang='lat' dir='ltr'>sed</span> 
     </span>
     <span class='ocr_line' id='line_1_128' title="bbox 986 5044 1796 5122; baseline 0 -22"><span class='ocrx_word' id='word_1_708' title='bbox 986 5045 1112 5115; x_wconf 71' lang='lat' dir='ltr'>singulis</span> <span class='ocrx_word' id='word_1_709' title='bbox 1127 5045 1324 5102; x_wconf 86' lang='lat' dir='ltr'>hemistichiis</span> <span class='ocrx_word' id='word_1_710' title='bbox 1348 5045 1465 5118; x_wconf 82' lang='lat' dir='ltr'>singula</span> <span class='ocrx_word' id='word_1_711' title='bbox 1492 5063 1526 5102; x_wconf 85' lang='lat' dir='ltr'>ex</span> <span class='ocrx_word' id='word_1_712' title='bbox 1541 5048 1647 5106; x_wconf 86' lang='lat' dir='ltr'>ordine</span> <span class='ocrx_word' id='word_1_713' title='bbox 1661 5044 1796 5122; x_wconf 80' lang='lat' dir='ltr'>alphabeti</span> 
     </span>
     <span class='ocr_line' id='line_1_129' title="bbox 987 5115 1797 5191; baseline 0 -19"><span class='ocrx_word' id='word_1_714' title='bbox 987 5115 1132 5173; x_wconf 83' lang='lat' dir='ltr'>elementa</span> <span class='ocrx_word' id='word_1_715' title='bbox 1147 5122 1376 5191; x_wconf 74' lang='lat' dir='ltr'>praeponantur:</span> <span class='ocrx_word' id='word_1_716' title='bbox 1395 5134 1460 5189; x_wconf 80' lang='lat' dir='ltr'>que</span> <span class='ocrx_word' id='word_1_717' title='bbox 1487 5124 1517 5175; x_wconf 86' lang='lat' dir='ltr'>et</span> <span class='ocrx_word' id='word_1_718' title='bbox 1533 5134 1587 5175; x_wconf 88' lang='lat' dir='ltr'>nes</span> <span class='ocrx_word' id='word_1_719' title='bbox 1605 5120 1636 5176; x_wconf 91' lang='lat' dir='ltr'>in</span> <span class='ocrx_word' id='word_1_720' title='bbox 1653 5120 1719 5177; x_wconf 90' lang='lat' dir='ltr'>libri</span> <span class='ocrx_word' id='word_1_721' title='bbox 1745 5119 1797 5176; x_wconf 81' lang='lat' dir='ltr'>alin</span> 
     </span>
     <span class='ocr_line' id='line_1_130' title="bbox 987 5190 1794 5261; baseline 0.001 -19"><span class='ocrx_word' id='word_1_722' title='bbox 987 5195 1158 5260; x_wconf 75' lang='lat' dir='ltr'>prenotata,</span> <span class='ocrx_word' id='word_1_723' title='bbox 1175 5194 1240 5261; x_wconf 91' lang='lat' dir='ltr'>pest</span> <span class='ocrx_word' id='word_1_724' title='bbox 1259 5190 1463 5246; x_wconf 73' lang='lat' dir='ltr'>Martiannum</span> <span class='ocrx_word' id='word_1_725' title='bbox 1482 5205 1516 5246; x_wconf 86' lang='lat' dir='ltr'>ex</span> <span class='ocrx_word' id='word_1_726' title='bbox 1537 5197 1708 5249; x_wconf 88' lang='lat' dir='ltr'>nestrorum</span> <span class='ocrx_word' id='word_1_727' title='bbox 1733 5190 1794 5248; x_wconf 89' lang='lat' dir='ltr'>oedi-</span> 
     </span>
     <span class='ocr_line' id='line_1_131' title="bbox 986 5261 1314 5318; baseline -0.006 -2"><span class='ocrx_word' id='word_1_728' title='bbox 986 5276 1054 5316; x_wconf 88' lang='lat' dir='ltr'>cum</span> <span class='ocrx_word' id='word_1_729' title='bbox 1070 5261 1127 5317; x_wconf 90' lang='lat' dir='ltr'>lide</span> <span class='ocrx_word' id='word_1_730' title='bbox 1142 5263 1314 5318; x_wconf 85' lang='lat' dir='ltr'>retinemus.</span> 
     </span>
    </p>

    <p class='ocr_par' dir='ltr' id='par_1_42' title="bbox 987 5330 1797 5612">
     <span class='ocr_line' id='line_1_132' title="bbox 1022 5330 1794 5405; baseline 0.001 -17"><span class='ocrx_word' id='word_1_731' title='bbox 1022 5333 1032 5367; x_wconf 83' lang='lat'>⁸</span> <span class='ocrx_word' id='word_1_732' title='bbox 1048 5335 1092 5388; x_wconf 88' lang='lat' dir='ltr'>lta</span> <span class='ocrx_word' id='word_1_733' title='bbox 1102 5333 1229 5390; x_wconf 86' lang='lat' dir='ltr'>Ganouis</span> <span class='ocrx_word' id='word_1_734' title='bbox 1241 5330 1419 5403; x_wconf 83' lang='lat' dir='ltr'>exeurplaria</span> <span class='ocrx_word' id='word_1_735' title='bbox 1433 5348 1500 5388; x_wconf 92' lang='lat' dir='ltr'>oum</span> <span class='ocrx_word' id='word_1_736' title='bbox 1531 5332 1646 5405; x_wconf 87' lang='lat' dir='ltr'>aliquot</span> <span class='ocrx_word' id='word_1_737' title='bbox 1660 5335 1712 5391; x_wconf 82' lang='lat' dir='ltr'>elii</span> <span class='ocrx_word' id='word_1_738' title='bbox 1739 5349 1794 5390; x_wconf 78' lang='lat' dir='ltr'>mss.</span> 
     </span>
     <span class='ocr_line' id='line_1_133' title="bbox 987 5403 1796 5479; baseline 0.001 -21"><span class='ocrx_word' id='word_1_739' title='bbox 987 5403 1064 5459; x_wconf 82' lang='lat' dir='ltr'>Dditi</span> <span class='ocrx_word' id='word_1_740' title='bbox 1082 5409 1178 5460; x_wconf 86' lang='lat' dir='ltr'>autern</span> <span class='ocrx_word' id='word_1_741' title='bbox 1195 5421 1228 5461; x_wconf 91' lang='lat' dir='ltr'>ae</span> <span class='ocrx_word' id='word_1_742' title='bbox 1241 5421 1314 5461; x_wconf 90' lang='lat' dir='ltr'>mss.</span> <span class='ocrx_word' id='word_1_743' title='bbox 1331 5420 1419 5474; x_wconf 87' lang='lat' dir='ltr'>quam</span> <span class='ocrx_word' id='word_1_744' title='bbox 1445 5404 1561 5475; x_wconf 89' lang='lat' dir='ltr'>plures:</span> <span class='ocrx_word' id='word_1_745' title='bbox 1590 5407 1764 5479; x_wconf 70' lang='lat' dir='ltr'>Ecquirendo</span> <span class='ocrx_word' id='word_1_746' title='bbox 1776 5408 1796 5459; x_wconf 79' lang='lat' dir='ltr'>in</span> 
     </span>
     <span class='ocr_line' id='line_1_134' title="bbox 987 5474 1797 5542; baseline 0.004 -11"><span class='ocrx_word' id='word_1_747' title='bbox 987 5477 1094 5531; x_wconf 75' lang='lat' dir='ltr'>soractis</span> <span class='ocrx_word' id='word_1_748' title='bbox 1108 5476 1299 5533; x_wconf 74' lang='lat' dir='ltr'>ostentantes</span> <span class='ocrx_word' id='word_1_749' title='bbox 1311 5478 1381 5532; x_wconf 77' lang='lat' dir='ltr'>saia.</span> <span class='ocrx_word' id='word_1_750' title='bbox 1398 5474 1497 5542; x_wconf 78' lang='lat' dir='ltr'>fleur..</span> <span class='ocrx_word' id='word_1_751' title='bbox 1527 5477 1635 5536; x_wconf 68' lang='lat' dir='ltr'>connis</span> <span class='ocrx_word' id='word_1_752' title='bbox 1662 5480 1797 5536; x_wconf 61' lang='lat' dir='ltr'>notatos</span> 
     </span>
     <span class='ocr_line' id='line_1_135' title="bbox 987 5545 1403 5612; baseline 0 -10"><span class='ocrx_word' id='word_1_753' title='bbox 987 5562 1034 5612; x_wconf 85' lang='lat' dir='ltr'>en,</span> <span class='ocrx_word' id='word_1_754' title='bbox 1046 5545 1075 5601; x_wconf 93' lang='lat' dir='ltr'>id</span> <span class='ocrx_word' id='word_1_755' title='bbox 1092 5555 1137 5604; x_wconf 89' lang='lat' dir='ltr'>est</span> <span class='ocrx_word' id='word_1_756' title='bbox 1150 5547 1292 5604; x_wconf 83' lang='lat' dir='ltr'>mandato.</span> <span class='ocrx_word' id='word_1_757' title='bbox 1309 5547 1403 5605; x_wconf 79' lang='lat' dir='ltr'>Mser.</span> 
     </span>
    </p>

    <p class='ocr_par' dir='ltr' id='par_1_43' title="bbox 987 5618 1799 5765">
     <span class='ocr_line' id='line_1_136' title="bbox 1022 5618 1799 5697; baseline 0.003 -23"><span class='ocrx_word' id='word_1_758' title='bbox 1022 5648 1057 5658; x_wconf 95' lang='lat'>—</span> <span class='ocrx_word' id='word_1_759' title='bbox 1073 5618 1273 5676; x_wconf 81' lang='lat' dir='ltr'>Cisterciensis</span> <span class='ocrx_word' id='word_1_760' title='bbox 1288 5635 1357 5686; x_wconf 80' lang='lat' dir='ltr'>ms,</span> <span class='ocrx_word' id='word_1_761' title='bbox 1368 5619 1526 5690; x_wconf 64' lang='lat' dir='ltr'>senatrice,</span> <span class='ocrx_word' id='word_1_762' title='bbox 1536 5622 1566 5676; x_wconf 85' lang='lat' dir='ltr'>et</span> <span class='ocrx_word' id='word_1_763' title='bbox 1581 5635 1652 5678; x_wconf 90' lang='lat' dir='ltr'>eum</span> <span class='ocrx_word' id='word_1_764' title='bbox 1668 5621 1799 5697; x_wconf 75' lang='lat' dir='ltr'>plerisque</span> 
     </span>
     <span class='ocr_line' id='line_1_137' title="bbox 987 5688 1700 5765; baseline 0.004 -21"><span class='ocrx_word' id='word_1_765' title='bbox 987 5688 1063 5753; x_wconf 86' lang='lat' dir='ltr'>aliis.</span> <span class='ocrx_word' id='word_1_766' title='bbox 1080 5693 1111 5747; x_wconf 84' lang='lat' dir='ltr'>in</span> <span class='ocrx_word' id='word_1_767' title='bbox 1125 5694 1230 5749; x_wconf 82' lang='lat' dir='ltr'>cunctis</span> <span class='ocrx_word' id='word_1_768' title='bbox 1249 5691 1434 5750; x_wconf 81' lang='lat' dir='ltr'>retentantes</span> <span class='ocrx_word' id='word_1_769' title='bbox 1449 5690 1509 5748; x_wconf 80' lang='lat' dir='ltr'>seir</span> <span class='ocrx_word' id='word_1_770' title='bbox 1525 5710 1534 5761; x_wconf 80' lang='lat'>3</span> <span class='ocrx_word' id='word_1_771' title='bbox 1550 5691 1615 5760; x_wconf 88' lang='lat' dir='ltr'>alii,</span> <span class='ocrx_word' id='word_1_772' title='bbox 1630 5696 1700 5765; x_wconf 67' lang='lat' dir='ltr'>epira</span> 
     </span>
    </p>
   </div>
   <div class='ocr_carea' id='block_1_29' title="bbox 0 0 1940 6120">
    <p class='ocr_par' dir='ltr' id='par_1_44' title="bbox 0 0 1940 6120">
     <span class='ocr_line' id='line_1_138' title="bbox 0 0 1940 6120; baseline 0 0"><span class='ocrx_word' id='word_1_773' title='bbox 0 0 1940 6120; x_wconf 95' lang='lat' dir='ltr'> </span> 
     </span>
    </p>
   </div>
  </div>
 </body>
</html>
