3870 6120
92 148 95 153 ’
122 173 192 231 seia
496 214 505 237 .
639 176 670 231 s.
690 175 892 232 msaoavnar
909 175 1037 233 n1v1aa
1053 174 1300 233 aremoraaca.
1758 172 1830 233 teau

157 306 186 358 et
200 299 261 357 vita
276 316 341 357 man
356 298 440 373 quasi
457 315 514 356 non
530 298 569 354 sil
584 298 615 354 ln
631 306 787 371 conspectu
805 303 859 357 tuo
875 315 882 356 :
951 303 980 370 Α
1067 299 1184 356 cordiae
1197 299 1239 372 (h.
1255 299 1400 372 pletales).
1418 305 1488 359 tuas
1503 318 1521 359 e
1536 316 1584 358 me
1602 314 1610 358 :

156 374 256 429 omnia
284 375 361 479 en¹im
391 371 503 427 vanitas
533 371 630 427 amnis
646 370 733 427 homo
758 370 936 429 subsistens.
1035 370 1237 428 misericordia
1250 378 1302 429 tue
1316 377 1344 429 et
1357 373 1462 431 veritas
1477 383 1526 431 tua
1537 373 1655 447 jugiter
1669 373 1827 431 servabunt

195 450 311 499 Saurea
334 485 340 498 .
1038 458 1094 498 me.

122 518 249 573 Tantum
268 516 296 570 in
313 513 441 587 imagine
457 514 590 570 ambulat
605 514 693 571 homo
708 515 749 587 (h.
765 515 832 587 vir),
1000 512 1264 572 Circumdederunt
1279 515 1357 572 enim
1375 516 1525 589 maenala,
1548 533 1678 591 quorum
1709 531 1769 573 nen
1787 521 1825 574 est

159 592 314 659 congregat
325 599 352 642 ct
362 587 478 657 ignorat
488 585 534 642 cui
546 586 715 658 dimittatlh.
729 587 944 662 congregat)oa.
1074 603 1225 653 numerus,

122 659 206 716 Nunc
221 674 289 728 ergo
303 659 374 729 quid
390 664 537 730 exspecto,
553 657 699 713 Domine?
1037 659 1323 731 comprehenderunt
1337 674 1383 714 me
1394 658 1565 733 iniquitates
1582 676 1668 727 mese,

158 731 334 802 praestolatio
356 745 418 785 mea
434 734 464 785 tu
481 748 512 785 ae
526 731 567 798 (b.
584 730 620 785 ad
638 734 665 785 te
681 730 737 799 est)
1036 734 1066 785 et
1082 747 1138 785 nen
1156 730 1236 801 potui
1251 730 1349 785 videre
1366 746 1373 786 :

119 802 159 858 lb
176 801 315 858 omnibus
331 801 537 874 iniquitatibus
566 802 609 873 (h.
625 802 789 873 erroribus)
816 801 890 858 meis
908 800 946 857 li·
1001 804 1104 859 Plures
1121 802 1298 869 factasunt,
1315 818 1404 872 quam
1421 801 1518 875 caplili
1533 803 1642 877 capitis
1658 802 1732 871 mei,

196 874 266 928 hera
282 889 328 928 me
346 889 353 929 :
1037 879 1066 928 et
1080 889 1130 928 cor
1145 889 1243 928 meum
1259 873 1418 945 dereliquit
1433 891 1490 930 me.

156 946 348 1017 opprobrium
364 944 456 1000 stulto
474 960 510 999 nc
525 960 617 1016 ponas
634 960 691 1000 me.
1002 946 1118 1002 Placeat
1131 944 1192 1013 tibi,
1210 944 1342 1013 Domine,
1360 950 1393 1000 ut
1408 945 1514 1001 liberes
1531 963 1579 1002 me
1597 963 1605 1002 τ

117 1016 268 1085 Obmutui‚
286 1032 344 1071 non
361 1016 460 1087 aperui
474 1017 484 1049 ¹
499 1018 553 1085 (Al.
577 1016 719 1088 aperiam)
737 1033 769 1073 os
784 1032 883 1072 mcum
903 1030 911 1070 ι
1037 1017 1170 1086 Domino,
1185 1016 1220 1071 ad
1236 1016 1438 1085 adjuvandum
1454 1033 1500 1072 me
1515 1018 1635 1074 leelina.

155 1088 226 1160 quia
242 1092 272 1142 tu
289 1088 393 1143 lecisti.
1001 1088 1229 1146 contundantur
1244 1093 1272 1143 et
1287 1094 1474 1145 revereantur
1489 1088 1582 1145 simut

117 1158 198 1215 Tolle
213 1176 230 1213 a
246 1175 292 1213 ma
309 1158 411 1230 plagas
427 1159 466 1231 (h.
484 1158 593 1230 lepras)
609 1163 678 1215 tuas
695 1177 702 1216 ε
1038 1164 1200 1230 querentes
1215 1158 1345 1214 animam
1363 1176 1470 1227 meam,
1486 1168 1517 1215 ut
1533 1160 1671 1216 auferant
1686 1175 1761 1216 carn,

155 1249 172 1286 a
187 1231 372 1286 contentione
389 1247 497 1287 manus
509 1237 565 1287 tuae
580 1247 634 1302 ego
649 1234 844 1304 consumptus
866 1247 945 1287 sum.
1002 1232 1214 1289 Convertamur
1229 1234 1401 1300 retrorsum,
1416 1237 1445 1288 et
1461 1232 1692 1288 contundantur.

118 1307 151 1359 In
173 1302 431 1374 increpationibus.
1038 1302 1089 1374 qui
1104 1301 1206 1357 volunt
1217 1300 1297 1357 mala
1312 1301 1395 1370 mihi,

152 1391 204 1446 pro
219 1375 376 1457 iniquitate
391 1374 444 1445 (ll.
463 1379 581 1447 propter
596 1373 799 1447 iniquitatem)
810 1374 943 1447 corripu·
1002 1379 1125 1430 Pereunt
1140 1378 1205 1445 post
1218 1373 1420 1431 contusionem
1435 1391 1521 1431 suam
1537 1392 1545 1432 ι

190 1446 236 1501 isli
255 1461 373 1500 virum:
1038 1445 1088 1519 qui
1101 1445 1202 1500 dicunt
1218 1444 1291 1499 mihi
1303 1445 1375 1502 vabl
1394 1445 1469 1500 vahl

117 1517 153 1572 Et
169 1518 294 1585 posuisti
310 1517 395 1588 quasi
411 1517 520 1572 tineam
535 1515 744 1571 desiderabilia
757 1516 822 1587 ejus
840 1534 847 1573 :
1002 1518 1165 1584 Gaudeant,
1181 1515 1356 1572 etlaetentur
1369 1516 1399 1571 in
1415 1521 1443 1572 te

154 1595 356 1645 verumtamen
373 1588 486 1645 vanitas
502 1589 599 1643 omnis
615 1587 714 1644 home.
731 1594 856 1644 Sauras.
1038 1589 1207 1660 omnesqui
1223 1593 1360 1660 querunt
1376 1594 1404 1644 te
1421 1607 1428 1643 :

117 1661 193 1716 Audi
210 1660 371 1716 orationem
388 1677 495 1729 nicona,
512 1659 644 1727 Domine,
961 1675 985 1740 Β
1002 1659 1106 1718 Dicant
1116 1661 1237 1731 jugiter,
1253 1660 1460 1731 magnificetur
1474 1659 1629 1716 Dominus.

153 1732 345 1789 etclamoram
356 1732 565 1787 merivircxaudl
576 1731 616 1799 lh.
633 1730 755 1786 auribus
774 1728 898 1803 percipe)
917 1744 924 1783 :
1037 1732 1086 1803 qui
1103 1731 1231 1802 diligunt
1246 1733 1376 1786 salutare
1391 1736 1488 1786 tuum.

115 1804 158 1858 lid
175 1803 333 1878 lacrymam
354 1820 446 1859 rrienm
463 1821 499 1858 ne
515 1803 721 1870 obsurdescas,
999 1804 1058 1874 Ego
1073 1807 1171 1857 autem
1187 1819 1252 1857 sum
1268 1819 1380 1874 egenus
1395 1808 1424 1858 el
1440 1819 1568 1875 pauper;

153 1877 222 1946 quia
237 1877 348 1932 aduena
363 1892 416 1947 ego
433 1891 499 1931 sum
516 1875 594 1945 apud
608 1879 646 1938 te,
1036 1876 1177 1930 Dominus
1193 1873 1338 1930 sollicitus
1353 1873 1409 1930 erit
1420 1891 1471 1946 pro
1487 1891 1533 1929 me
1551 1889 1558 1928 :

153 1949 325 2020 peregrinus
341 1949 419 2003 sicut
435 1962 539 2002 onincs
551 1950 649 2017 patrea
665 1944 735 2000 mei.
1000 1946 1148 2002 Auxilium
1166 1963 1264 2001 meum
1282 1952 1311 2001 et
1326 1946 1455 2001 salutare
1471 1961 1569 2001 mcum
1586 1948 1630 2010 tu,

116 2021 206 2075 Parce
223 2019 306 2084 mibi,
325 2026 355 2072 ul
372 2020 495 2085 rideam,
1035 2023 1111 2074 Deus
1127 2033 1222 2085 rocus,
1240 2035 1275 2073 ne
1291 2018 1445 2074 moreris⁸.

152 2097 310 2163 antequam
328 2091 443 2158 vadam,
461 2095 489 2145 et
506 2105 563 2143 non
580 2087 736 2143 subsitam.

1103 2147 1217 2187 vrorcni
1233 2146 1378 2187 cisarcen
1401 2131 1442 2191 th.
1460 2128 1717 2203 psalmus)nav1n.

249 2240 382 2296 vrcroar8
397 2255 480 2293 navio
496 2253 641 2294 cesarnoni
658 2237 699 2310 (h.
717 2235 806 2308 Paul.)
998 2228 1093 2301 (XLI.)
1109 2228 1215 2283 Beatus
1230 2229 1281 2298 qui
1298 2228 1408 2300 cogitat
1422 2228 1457 2284 de
1474 2242 1602 2354 paupere
1620 2241 1627 2282 :

1032 2302 1062 2357 in
1074 2300 1121 2355 die
1136 2299 1213 2354 mato
1225 2299 1363 2355 liberabit
1375 2299 1430 2371 (At.
1443 2317 1473 2356 aa
1487 2299 1656 2370 vabit)eum
1671 2297 1804 2353 Dominus.

115 2373 198 2445 (XL.)
212 2371 390 2441 Respectans
406 2368 558 2441 expectavi
575 2368 732 2424 Dominum
752 2385 759 2425 ε
1032 2373 1173 2427 Dominus
1187 2372 1332 2426 custiodct
1348 2387 1415 2427 eum
1433 2376 1461 2427 ct
1475 2370 1712 2426 vivificabiteam
1729 2385 1735 2423 :

152 2451 182 2501 et
196 2444 355 2499 inclinatus
370 2449 415 2499 cst
437 2443 472 2497 nd
499 2458 555 2507 nic,
585 2447 614 2497 et
643 2441 754 2497 audivit
779 2439 937 2499 clamorem
1031 2448 1060 2499 et
1074 2444 1178 2498 heatus
1191 2443 1246 2497 erit
1259 2442 1288 2497 ln
1306 2448 1398 2510 terra,

189 2531 297 2571 meunt.
1028 2519 1057 2570 ct
1073 2531 1131 2569 non
1146 2515 1243 2569 tradet
1253 2514 1307 2585 (At.
1324 2515 1437 2586 tradat)
1462 2529 1529 2570 eum
1557 2513 1665 2569 animae
1687 2511 1804 2567 inimico·

115 2588 149 2644 Et
163 2587 264 2642 eduxit
280 2602 326 2641 me
341 2586 377 2641 dc
392 2585 454 2640 lacu
473 2584 586 2640 sonitus
599 2585 617 2652 ⁸,
632 2584 667 2639 de
683 2583 744 2639 lule
761 2584 834 2641 coeni
851 2602 858 2641 :
1048 2602 1113 2641 rum
1130 2601 1263 2641 sucrum.

149 2663 178 2713 et
190 2657 294 2714 statuit
309 2673 399 2729 super
414 2660 524 2728 petram
542 2657 631 2729 pedes
648 2672 739 2725 meos,
994 2656 1137 2714 Dominus
1151 2656 1325 2712 confortavit
1339 2672 1406 2713 cum
1423 2656 1451 2710 in
1467 2655 1542 2711 lecto
1558 2655 1739 2711 infirmitatis
1756 2670 1762 2709 :

150 2729 289 2787 stabilivit
304 2745 406 2802 gressu
424 2745 514 2784 nicos.
1028 2733 1119 2784 toturn
1133 2733 1258 2784 stratum
1275 2730 1338 2798 eJus
1351 2728 1463 2785 vertisti
1479 2727 1712 2808 in'aegrotatione
1726 2741 1781 2782 aua.

10 2872 13 2877 Ι
114 2802 149 2858 nt
165 2801 247 2857 dedit
263 2801 293 2857 in
309 2818 358 2857 ore
375 2816 438 2855 mec
453 2800 601 2855 canticum
619 2816 739 2870 novum,
992 2799 1051 2872 Ego
1067 2800 1137 2867 dixi,
1164 2800 1298 2867 Domine,
1314 2800 1453 2856 miserere
1466 2813 1534 2866 aner,

150 2870 267 2929 laudem
283 2879 341 2929 Deo
362 2877 470 2927 nostro.
1027 2888 1100 2927 sana
1115 2871 1244 2926 animam
1263 2887 1369 2939 nicam,
1386 2871 1522 2941 quoniam
1541 2870 1658 2941 peccavi
1672 2869 1735 2925 tibi.

113 2944 263 3002 Videbunt
279 2944 374 3013 multi,
395 2949 424 3000 et
440 2942 595 3008 timebunt,
609 2946 637 2997 et
657 2941 817 3013 sperabunt
832 2940 861 2996 ln
878 2941 934 2999 Do·
990 2943 1105 2998 Inimici
1117 2942 1173 2998 mei
1185 2942 1404 3015 loquenturlllt.
1416 2941 1587 3013 loquuntur)
1604 2940 1715 2998 malurn
1727 2939 1799 2996 mihi:

189 3019 280 3071 mino.
951 3015 972 3083 c
1027 3015 1143 3086 quando
1161 3018 1311 3083 moriatur,
1328 3013 1434 3086 peribit
1449 3029 1554 3070 nomen
1571 3014 1648 3083 ejus.

114 3088 221 3144 Bnatus
232 3088 276 3143 vir
286 3087 335 3158 qui
344 3085 443 3158 posuit
455 3086 609 3141 Dominum
622 3084 828 3140 confidentiam
838 3100 933 3150 suam,
991 3086 1026 3141 Et
1040 3087 1064 3141 ai
1080 3091 1191 3141 venerit
1208 3089 1239 3140 ut
1255 3086 1350 3140 rideat
1361 3086 1382 3154 ⁸,
1398 3102 1472 3140 vana
1484 3085 1620 3155 loquetur
1635 3101 1642 3138 ε

149 3165 178 3214 at
197 3175 255 3213 non
285 3164 330 3213 cst
358 3158 499 3212 adt-ersus
525 3159 559 3211 ad
583 3157 736 3227 superbias
753 3170 935 3228 pompasque
1025 3173 1075 3213 cor
1090 3160 1154 3224 ejus
1171 3157 1356 3228 congregabit
1372 3156 1560 3228 iniquitatem
1578 3156 1649 3226 sibi,

147 3231 293 3286 mendacii
310 3229 364 3311 (ll.
383 3230 560 3293 mendaces).
1025 3230 1176 3301 egrediens
1194 3230 1270 3284 lurae
1286 3227 1428 3284 detrahet.

111 3300 203 3358 ltlulla
228 3300 322 3357 tacisti
352 3300 536 3367 tu,D0minc
564 3298 642 3355 Deus
671 3314 766 3368 meus,
788 3296 935 3354 mirabilia
988 3301 1079 3355 Simul
1097 3297 1795 3356 adversummemurmurabantomneeodientcs

183 3377 246 3441 tua,
1027 3389 1070 3427 me
1085 3376 1188 3427 contra
1203 3388 1250 3426 me
1271 3371 1326 3442 (ll.
1352 3379 1407 3427 luc.
1425 3372 1482 3442 me)
1507 3371 1679 3443 cogitabunt
1702 3369 1793 3425 malum

146 3447 175 3499 ct
189 3443 383 3515 cogitationes
399 3445 466 3497 tuas
482 3458 534 3513 pro
550 3440 647 3496 nobis.
1062 3442 1143 3498 mihi.

111 3514 174 3571 Non
191 3515 305 3570 invenio
318 3514 451 3568 ordinem
467 3528 563 3568 cortun
582 3517 609 3566 tc
627 3528 633 3566 :
987 3514 1113 3570 Verbum
1130 3513 1170 3585 (h.
1188 3511 1303 3584 Belial.)
1318 3512 1427 3569 diaboli
1442 3509 1643 3567 iulundebant
1657 3511 1713 3567 sibi
1729 3528 1736 3566 :

147 3588 171 3642 si
188 3601 322 3642 narrarra
337 3584 467 3653 volucro,
488 3588 516 3638 et
532 3598 698 3645 numerare.
1023 3587 1074 3660 qui
1090 3584 1228 3641 dormivit
1244 3601 1301 3640 non
1317 3585 1405 3639 addet
1420 3588 1452 3639 ut
1473 3587 1618 3653 resurgat.

147 3659 231 3730 plura
247 3663 317 3713 sunt
332 3673 421 3728 quam
438 3660 469 3711 ut
485 3656 595 3709 narrari
609 3657 729 3725 queant.
987 3657 1082 3714 Sedet
1098 3656 1184 3712 homo
1195 3656 1334 3726 pacificus
1346 3653 1635 3726 meus:inquobabui
1646 3653 1790 3711 fiduciam:

108 3728 235 3785 Victima
249 3737 277 3785 et
292 3728 439 3784 oblatione
455 3743 512 3782 non
528 3726 642 3798 Indiges
656 3725 698 3796 (h.
715 3742 773 3781 non
788 3724 931 3796 voluisti),
1022 3730 1071 3801 qui
1089 3728 1287 3784 manducabat
1303 3743 1407 3798 panem
1424 3742 1535 3793 mcum,

144 3818 232 3858 aures
248 3800 348 3857 fodisti
370 3799 442 3854 mihi
458 3816 465 3854 ε
1021 3800 1129 3855 lavabit
1144 3808 1245 3854 centra
1261 3815 1307 3854 me
1322 3798 1463 3870 plantam.
1626 3842 1630 3850 ,

142 3873 368 3929 baulacaustum
383 3878 411 3927 et
427 3889 477 3943 pro
494 3876 611 3945 peccato
628 3888 684 3928 non
702 3871 812 3942 petisti,
985 3873 1029 3928 Tu
1046 3879 1157 3931 autem,
1174 3869 1306 3936 Dareine,
1321 3871 1459 3925 miserere
1496 3867 1553 3924 mai
1570 3883 1577 3923 :
1596 3871 1625 3923 et
1655 3868 1716 3924 leva
1742 3881 1787 3935 nte,

107 3944 190 4001 Tunc
204 3945 275 4012 dial,
296 3943 418 4000 etvenio
436 3960 442 3998 :
1021 3949 1049 3998 et
1065 3944 1184 3998 reddam
1202 3941 1269 3997 eis:

143 4016 173 4073 in
189 4015 338 4072 volumina
352 4014 419 4071 libri
435 4014 575 4083 scriptum
592 4018 637 4069 est
651 4014 686 4069 de
701 4029 757 4068 me.
985 4014 1016 4071 ln
1033 4015 1087 4069 hoc
1100 4012 1201 4069 coaevi
1218 4012 1295 4083 quod
1311 4012 1383 4067 velis
1395 4027 1441 4067 me
1458 4028 1465 4066 ι

107 4088 144 4146 Ut
160 4091 283 4144 lacerem
301 4086 443 4159 placitum
469 4086 521 4142 tibi
550 4086 604 4155 (lt.
621 4086 729 4157 tuum),
748 4084 826 4140 Deus
842 4098 929 4139 meus
1021 4086 1091 4157 quia
1106 4101 1162 4140 non
1180 4084 1334 4139 insultabit
1347 4083 1485 4138 inimicus
1500 4097 1584 4138 meua
1600 4080 1685 4137 mibi.

179 4159 266 4226 volui,
984 4158 1041 4226 Ege
1057 4154 1200 4212 antemio
1217 4154 1404 4226 simplicitate
1420 4170 1485 4210 mea
1499 4155 1618 4224 adjutus
1634 4168 1700 4210 snm
1716 4154 1775 4213 ata,

134 4236 162 4287 ct
172 4232 265 4305 legem
275 4236 354 4286 tuam
365 4230 394 4284 iu
408 4228 503 4285 medio
515 4229 625 4284 ventris
640 4228 693 4298 (lt.
708 4227 815 4298 cordis)
831 4224 899 4281 mei.
1020 4233 1047 4284 et
1061 4233 1173 4283 statues
1189 4243 1235 4281 me
1250 4231 1318 4282 ante
1335 4226 1437 4281 taciem
1467 4230 1550 4282 tuam
1578 4224 1609 4279 ln
1631 4229 1788 4296 perpetuum

105 4303 283 4358 Annuntiavi
294 4302 438 4372 justitiam
454 4300 483 4354 in
501 4300 629 4355 Ecclesia
643 4299 746 4355 muita.
1054 4299 1095 4372 (h.
1112 4298 1274 4366 saecolum).

143 4390 208 4429 eece
220 4373 297 4429 labia
310 4390 374 4429 mea
386 4389 442 4427 non
455 4371 614 4442 prohibebo
626 4388 632 4426 :
643 4370 777 4438 Domine,
793 4372 824 4424 tu
837 4370 926 4426 nosti.
944 4380 966 4445 1)
984 4371 1158 4427 Benedictus
1174 4370 1321 4425 Dominus
1336 4367 1414 4423 Deus
1430 4366 1519 4422 Israel

105 4441 254 4498 Justitiam
271 4448 350 4499 luam
368 4461 425 4499 nnn
442 4443 582 4498 abscondi
600 4443 628 4497 in
645 4443 741 4498 medio
752 4440 848 4497 cordis
859 4441 926 4509 mei,
1018 4441 1166 4509 aseculc,
1179 4447 1207 4497 et
1222 4440 1357 4513 usquein
1374 4440 1527 4505 saeculum,
1538 4453 1624 4494 aman
1639 4442 1668 4493 et
1680 4451 1769 4493 amen.

142 4513 230 4569 fidem
248 4521 329 4569 tuam
346 4520 375 4571 et
387 4514 515 4571 salutare
531 4520 614 4569 tuum
631 4514 713 4569 dixi:
1470 4554 1475 4565 .

143 4600 200 4639 non
217 4586 356 4640 abscondi
375 4587 605 4642 misericordiam
622 4590 714 4651 tuam,
1017 4558 1144 4614 victoniI
1155 4572 1323 4613 nocrrssruo
1336 4555 1376 4625 (h.
1394 4554 1762 4624 erudrtc)r1croaancona.

142 4659 171 4710 et
186 4655 335 4710 veritatem
348 4661 428 4712 tuam
446 4658 473 4712 ln
493 4656 622 4713 Ecclesia
638 4656 741 4712 multa.
982 4656 1091 4727 (XLII.)
1120 4654 1201 4710 Sicut
1227 4651 1326 4710 areola
1360 4656 1522 4724 praeparata
1550 4651 1585 4707 ad
1615 4650 1792 4723 irrigationes

106 4725 150 4783 Tu
167 4725 300 4792 Domine,
316 4743 372 4783 non
390 4727 544 4799 prohibeas
555 4729 609 4801 (lt.
623 4725 802 4800 prohibebis)
814 4724 929 4782 miseri·
1053 4743 1197 4798 aquarum
1214 4742 1221 4781 :

143 4870 152 4905 ¹
167 4866 284 4940 Regina
302 4885 356 4924 ms.
378 4870 491 4927 l'aailaa
505 4870 585 4927 homo
599 4879 684 4926 sluaa.
702 4868 878 4940 Diapontmc.
981 4868 1118 4924 Erasmus
1132 4872 1159 4923 et
1174 4866 1324 4923 Marianus
1340 4865 1369 4920 in
1385 4864 1438 4920 hec
1456 4863 1595 4937 psalterio
1612 4860 1793 4935 llieronyrai3

141 4939 200 4996 ¹In
218 4940 315 4995 tuturo
343 4944 474 5011 tempore
502 4943 603 5015 legunt
632 4940 701 4998 editi
726 4940 805 5011 libri,
828 4945 927 4997 etms.
981 4939 1117 5010 quamvis
1132 4940 1161 4995 S.
1180 4943 1284 4994 Ductor
1299 4937 1328 4992 in
1345 4936 1431 5008 epist.
1448 4935 1483 4991 ad
1500 4935 1656 4990 sumniam
1681 4938 1709 4990 et
1736 4933 1793 4989 se·

106 5010 285 5071 Serbonicua
314 5027 322 5066 ι
351 5012 493 5081 obmutui,
522 5030 576 5069 uon
601 5016 723 5087 aperiam
751 5028 783 5068 os
826 5027 927 5068 meum.
980 5011 1069 5100 telam
1089 5026 1224 5092 expressa
1246 5003 1796 5130 ¹⁰9⁰)ffiftbstastsstetlfftfglflssssfuiQ

106 5088 277 5214 ¹1A⁸Rlwterarm
293 5169 364 5209 mse.
381 5167 418 5207 no
428 5152 492 5233 etri,
509 5158 566 5209 Pro
579 5154 706 5221 victoria,
722 5154 800 5225 quod
814 5155 842 5211 et
856 5153 928 5209 ints·
979 5083 1058 5209 ἓξὲξ
1068 5098 1326 5225 35353201333
1332 5096 1526 5206 ιξίιιῖεῗσῖρεέἓῗ
1540 5076 1733 5231 isitiiereuh’ofcd¹
1743 5078 1796 5202 lorge

108 5229 172 5285 rius
187 5231 354 5306 constanter
374 5223 404 5278 in
428 5223 607 5304 reliquorum
636 5225 816 5307 psalmorum
832 5225 928 5307 litatis
979 5223 1059 5279 idem
1087 5229 1141 5292 ast,
1173 5223 1230 5280 nisi
1259 5221 1344 5278 lallat
1369 5237 1422 5278 nos
1450 5220 1656 5292 op1n10,quod
1681 5228 1795 5275 anunm.

108 5301 235 5356 retinent
246 5314 297 5370 pro
314 5296 423 5353 Victori.
440 5294 513 5350 Vide
526 5311 590 5366 qua
600 5297 635 5351 ad
647 5311 779 5368 proxime
791 5311 926 5367 superro-
979 5297 1073 5351 Mean.

108 5388 170 5427 rem
188 5371 283 5427 loeurn
298 5368 486 5424 adnotamus.
1015 5395 1051 5406 -
1061 5365 1158 5422 Nostri
1176 5380 1248 5421 mas.
1260 5363 1423 5448 pluresque
1434 5361 1484 5418 alii
1495 5361 1573 5442 apud
1589 5361 1726 5418 Martien.
1741 5365 1795 5441 tou

143 5442 351 5498 ‘cisterciens
369 5455 437 5506 ms,
452 5439 487 5495 rte
504 5435 568 5491 lacu
579 5438 693 5507 lemnae,
710 5453 761 5510 pre
777 5434 928 5494 lacusens'-
980 5434 1050 5490 editi
1067 5453 1185 5509 quoque
1200 5435 1268 5492 llbra
1281 5433 1375 5490 visitet
1391 5450 1442 5505 pro
1472 5434 1568 5489 eadent
1595 5432 1709 5505 tegunt.
1733 5431 1765 5485 Vr
1773 5431 1796 5483 le

109 5517 164 5569 tus.
981 5521 1044 5589 qua
1066 5509 1095 5563 in
1122 5511 1208 5580 epist.
1227 5507 1264 5562 ad
1281 5506 1424 5563 Sennium
1439 5508 1469 5560 et
1483 5502 1695 5561 Fretelamhae
1709 5502 1798 5560 delec-

142 5584 199 5641 ⁸In
209 5581 402 5655 Reginems„
417 5597 452 5638 nc
466 5578 592 5636 mereris.
608 5576 697 5635 Juxta
710 5579 798 5635 Hebr.
814 5589 889 5639 nutt-
980 5579 1060 5633 tione
1074 5580 1276 5636 observamus.

141 5655 262 5711 'canon
278 5652 533 5719 carcassonensis,
548 5666 582 5708 an
597 5650 698 5722 plures
721 5666 792 5707 msa.
818 5649 866 5705 bio
885 5648 927 5705 le·
1015 5649 1025 5684 ⁷
1042 5648 1151 5707 Omnes
1167 5666 1239 5706 mss.
1255 5648 1370 5705 codices
1381 5650 1488 5720 preter
1505 5644 1635 5728 (tanente
1658 5643 1798 5719 exempla·

105 5729 191 5805 gunt,
216 5730 250 5786 st
276 5727 317 5785 rto
342 5725 449 5785 cenent
472 5727 505 5784 ut
531 5720 727 5797 ubisoncensi
743 5719 837 5779 secuti
851 5721 923 5778 sant
979 5716 1023 5779 ris
1038 5717 1149 5781 babent
1165 5722 1195 5779 in
1210 5719 1297 5783 tituto
1313 5719 1380 5789 isto,
1398 5723 1430 5778 ut
1456 5717 1485 5776 ln
1516 5716 1585 5777 aliia
1608 5719 1733 5796 septas,
1756 5727 1796 5795 pu
