3870 6120
80 299 138 357 301
818 303 927 359 mette
944 303 1067 361 uxum.
1743 316 1798 375 302

76 444 148 505 qua
162 427 285 486 interra
299 428 449 498 deorsum,
481 442 534 484 neo
557 443 660 484 eorum
690 442 753 498 quae
783 429 853 482 sunt
885 424 916 480 in
931 428 1797 514 Aenimlevaveriaoultrumtunm[l'atq.tee.toumlsupar

79 518 172 592 equis
184 517 240 574 sub
254 520 344 574 terre
368 519 432 572 lton
457 515 595 573 adorabis
618 531 663 586 ea,
690 530 786 588 neque
817 514 914 582 eules,
971 529 1050 581 eum,
1066 517 1224 587 polluetur.
1240 523 1304 579 Non
1316 526 1456 583 ascendes
1467 543 1519 600 per
1538 529 1796 600 gradueudaltare

77 624 136 682 ego
150 608 231 664 enim
242 622 308 663 aum
324 605 469 664 Dominus
486 606 563 662 Deua
579 608 650 661 tune
674 602 769 671 tortis,
794 602 914 674 zelotes,
970 619 1080 672 meum,
1097 621 1134 662 ne
1149 609 1293 668 reveletur
1307 613 1458 685 turpitudo
1473 619 1525 672 tna
1540 616 1581 687 [b.
1595 633 1685 691 super
1698 618 1796 692 illudi.

76 695 206 754 visitare
220 693 412 768 iniquitatem
427 698 546 767 patrum
561 693 592 749 in
603 692 691 759 lilios,
708 691 871 749 intertium
886 696 916 748 et
1007 698 1045 769 [(1.
1062 698 1116 765 liL,
1134 698 1199 771 Cep.
1214 701 1302 774 xiil]
1324 707 1391 760 lieo
1410 709 1480 761 aunt
1491 704 1606 777 judioiu
1634 723 1700 781 que
1727 724 1796 782 pro·

77 789 220 858 quartam
235 782 457 857 generationem
471 797 572 838 eorum
588 781 639 854 qui
654 781 780 838 oderunt
801 796 848 836 me
862 795 870 835 z
886 783 916 836 et
969 800 1061 858 panea
1072 784 1125 843 eie.
1138 787 1168 844 Si
1183 789 1291 847 emeris
1305 807 1422 849 servum
1438 793 1604 863 llebreum,
1627 812 1678 853 sex
1706 799 1794 855 annia

77 873 191 931 iaciens
208 871 445 930 misericordiam
456 869 486 927 in
498 870 592 927 millia
605 868 846 943 hisquidiligunt
857 884 914 939 me,
970 876 1076 931 serviet
1091 875 1164 933 tibi:
1189 879 1218 934 ln
1243 880 1368 952 septimo
1398 883 1563 955 egredietur
1588 883 1663 941 liber
1688 885 1793 958 gratis.

78 968 112 1021 et
124 963 301 1020 eustodiunt
312 964 459 1034 praeapte
475 975 550 1017 meu.
566 960 605 1030 [3.
629 961 729 1030 Prae]
745 959 806 1016 Non
832 974 914 1014 aaeu·
969 964 1042 1020 Cum
1057 965 1136 1039 quali
1151 971 1232 1024 veste
1246 968 1409 1041 intraverit,
1425 987 1491 1027 eum
1510 971 1560 1027 tali
1576 978 1679 1031 exeet:
1695 974 1720 1031 ai
1743 975 1795 1032 ba·

80 1067 146 1109 mes
160 1068 270 1109 nomen
285 1049 404 1108 Domini
421 1049 471 1107 Dei
486 1048 527 1106 tul
542 1049 572 1105 in
596 1064 725 1118 vanum3
755 1064 808 1105 nee
835 1046 914 1105 enim
969 1053 1042 1110 bene
1058 1071 1188 1123 uxorem,
1204 1059 1233 1112 et
1244 1072 1316 1114 uxor
1331 1058 1498 1131 egredietur
1512 1059 1612 1118 aimul.
1625 1061 1674 1118 Sin
1691 1066 1793 1119 autem

77 1141 206 1201 hebebit
220 1143 370 1200 insontem
386 1141 530 1198 Dominus
545 1156 614 1198 euru
643 1141 693 1212 qui
721 1139 915 1212 assumpserit
969 1142 1108 1200 dominus
1123 1144 1237 1201 dederit
1250 1145 1293 1201 illi
1309 1161 1439 1215 uxorem,
1455 1152 1484 1203 et
1496 1151 1609 1221 peperit
1622 1148 1699 1208 filies
1709 1155 1738 1208 et
1759 1151 1794 1206 d·

78 1247 188 1289 nomeu
202 1231 321 1288 Domini
332 1230 384 1286 Dei
399 1228 446 1288 sui
462 1231 582 1286 trustra.
602 1228 631 1301 [t
645 1230 746 1299 true]
758 1227 914 1296 Memento,
968 1231 1023 1288 liae
1039 1232 1146 1289 mulier
1161 1238 1190 1291 et
1204 1234 1289 1291 liberi
1312 1236 1377 1308 ejue
1391 1242 1479 1293 erunt
1507 1237 1618 1294 domini
1642 1239 1700 1307 eui,
1730 1240 1795 1313 ipse
1877 1228 1881 1241 '

76 1325 114 1377 ut
130 1321 212 1378 diem
228 1318 543 1378 Sabbatieanotidoea.
559 1315 912 1390 Sexdiebusoperaberis,
968 1336 1036 1376 vero
1046 1320 1137 1377 exibit
1151 1338 1218 1378 eum
1233 1323 1339 1380 vestitu
1361 1341 1425 1382 suo.
1455 1327 1536 1392 Quod
1562 1327 1587 1382 si
1603 1326 1709 1383 dixerit
1735 1342 1794 1386 aer·
1835 1372 1839 1379 .

76 1422 108 1467 et
136 1409 232 1467 iacies
257 1407 358 1465 omnia
383 1410 547 1481 operatua.
573 1405 705 1479 Septimo
743 1410 842 1462 eutem
868 1404 914 1461 die
968 1423 1020 1466 vus
1035 1409 1129 1483 Diligo
1143 1411 1296 1468 dominum
1311 1428 1408 1470 meum
1425 1418 1453 1471 et
1472 1429 1592 1471 uxorem
1618 1433 1652 1473 ue
1673 1415 1793 1487 liberos,

77 1498 247 1554 Sebbatum
263 1495 379 1554 Domini
394 1495 445 1553 Dei
460 1495 524 1552 tui:
543 1511 600 1551 non
616 1494 706 1553 ineies
723 1494 753 1550 in
768 1509 802 1552 eo
826 1509 914 1552 omne
968 1511 1027 1556 non
1041 1500 1176 1572 egrediar
1186 1502 1280 1574 liber;
1295 1504 1398 1562 ederet
1411 1521 1477 1561 eum
1502 1505 1641 1564 dominus
1668 1507 1738 1574 diis,
1766 1511 1796 1565 et

78 1602 170 1659 opus,
186 1591 232 1656 tn,
247 1590 278 1644 et
291 1585 372 1642 fliius
388 1589 459 1642 tuus
474 1589 505 1642 et
520 1583 582 1639 illia
595 1588 659 1651 tua,
673 1599 775 1641 servus
789 1587 857 1639 tuna
885 1586 914 1639 et
968 1588 1164 1662 applicabitur
1179 1591 1215 1647 ad
1239 1591 1350 1649 ostium
1377 1597 1405 1650 et
1433 1599 1543 1666 poetes,
1574 1595 1795 1669 perforabitque

77 1673 191 1732 aneilla
205 1680 269 1744 tua,
281 1674 451 1747 jumentum
466 1678 564 1742 tuum,
590 1676 620 1729 et
648 1672 770 1743 advena,
787 1671 838 1744 qui
868 1675 914 1729 est
967 1693 1066 1734 eurem
1082 1679 1147 1749 elue
1162 1680 1279 1747 eubule,
1293 1685 1323 1738 et
1341 1681 1397 1738 erit
1412 1682 1438 1739 ei
1449 1699 1552 1740 servus
1572 1683 1601 1740 in
1619 1684 1760 1742 saeulum
1771 1684 1794 1744 ¹.

79 1763 161 1821 intra
177 1768 280 1838 portae
293 1767 371 1821 tuas.
387 1762 445 1819 Sex
458 1761 538 1819 enim
552 1761 658 1819 diebus
674 1760 742 1818 feeit
769 1760 913 1818 Dominua
929 1810 954 1878 B
969 1766 1011 1837 [(1.
1024 1767 1093 1822 llll.
1110 1768 1119 1839 ]
1136 1768 1171 1824 Ε(
1183 1768 1207 1824 si
1222 1769 1388 1826 vendiderit
1402 1770 1493 1826 filiam
1508 1773 1571 1844 ejm
1585 1772 1615 1828 in
1641 1773 1795 1843 tumulum,

79 1854 206 1922 eoelum,
223 1859 254 1910 et
268 1856 387 1920 terram,
402 1855 432 1908 et
451 1866 543 1921 mure,
557 1854 587 1906 et
600 1850 700 1907 omnia
723 1865 789 1922 qum
816 1850 846 1906 in
872 1849 915 1908 eie
969 1872 1027 1912 nen
1042 1856 1208 1928 egredietur
1222 1858 1300 1915 sieut
1326 1857 1438 1915 aneilla
1462 1860 1541 1918 exire
1566 1866 1791 1919 eeneneverunt.

78 1947 166 2013 sunt,
182 1945 212 1999 et
228 1940 371 2014 requievit
385 1940 416 1998 in
428 1940 615 2013 dieseptimo
628 1958 635 1997 z
649 1939 758 1996 ideireo
768 1938 918 1996 benedixit
966 1944 996 2000 ei
1012 1945 1197 2017 displieuerit
1212 1945 1306 2003 oeulis
1316 1946 1430 2003 domini
1444 1949 1502 2016 eui,
1514 1948 1562 2004 eui
1573 1949 1682 2006 tradita
1692 1949 1793 2022 luerit,

79 2028 446 2089 DominusdiemSabbati
459 2027 915 2100 etsanetifloaviteum.[5Praec.l
966 2033 1095 2089 dimittet
1111 2049 1177 2090 eam
1194 2053 1201 2091 ς
1219 2035 1327 2108 populo
1342 2039 1441 2092 autem
1457 2037 1553 2093 alieno
1563 2037 1706 2094 vendendi
1734 2055 1792 2095 non

79 2121 201 2178 Honore
219 2123 333 2193 patrem
348 2122 433 2174 tuum
449 2120 478 2174 et
493 2121 617 2175 matrem
633 2121 727 2186 tuam,
744 2116 831 2173 uteie
852 2116 917 2174 lon·
967 2121 1088 2179 hebebit
1101 2128 1288 2195 potestatem,
1304 2123 1330 2182 si
1344 2125 1487 2197 apreverit
1511 2140 1587 2183 eum.
1614 2127 1665 2183 Sin
1694 2131 1793 2185 autem

82 2225 202 2283 gruem
218 2212 444 2280 superterram,
460 2222 548 2277 quam
573 2205 718 2263 Dominus
741 2210 821 2262 Deus
846 2209 917 2263 tuus
967 2210 1028 2268 illie
1042 2227 1095 2269 auo
1110 2212 1298 2285 desponderit
1321 2215 1496 2286 eam,juxte
1524 2229 1636 2271 morem
1665 2215 1793 2273 filiarum

83 2298 174 2354 dabit
187 2296 254 2352 tibi.
270 2296 300 2368 [6
314 2295 359 2367 Ρ.]
373 2295 436 2352 Non
452 2295 579 2351 oooides.
595 2294 624 2366 [7
638 2295 682 2366 Ρ.]
698 2294 761 2351 Non
788 2294 917 2351 moeobu·
967 2298 1054 2354 laoiet
1066 2297 1122 2358 illi.
1138 2300 1220 2366 Quod
1236 2301 1261 2356 ei
1277 2299 1400 2357 alteram
1415 2301 1441 2358 ei
1457 2305 1611 2375 eooeperit,
1631 2301 1796 2375 providebit

80 2388 175 2445 berle
191 2386 231 2460 [8.
247 2385 291 2457 Ρ.]
305 2390 369 2442 Non
384 2384 496 2441 lurtum
508 2383 605 2440 laoiee.
616 2383 644 2453 [9
659 2383 702 2455 Ρ.]
712 2382 775 2439 Νοιι
786 2382 916 2455 loqueris
969 2386 1071 2458 puelle
1087 2388 1455 2461 nuptias,etveat1menta,
1470 2395 1498 2447 et
1510 2390 1637 2463 pretium
1647 2390 1795 2464 pudicitie

81 2481 190 2534 eontra
232 2474 402 2547 proximum
438 2477 524 2530 tunm
562 2470 671 2528 taleam
699 2471 915 2530 testimonium.
968 2490 1026 2530 non
1051 2476 1180 2548 negabit.
1195 2477 1224 2532 Si
1247 2477 1373 2534 triaiete
1402 2495 1460 2535 non
1489 2478 1600 2547 feeerit,
1631 2479 1796 2553 egredietur
1911 2508 1915 2513 ·

83 2567 142 2640 [lo.
157 2565 204 2638 Ρ.]
220 2564 283 2621 Non
299 2562 489 2636 ooneuplsoes
505 2563 627 2620 domum
640 2562 764 2635 proximi
780 2563 834 2631 tui,
863 2579 917 2620 nee
967 2563 1060 2636 gretie
1088 2565 1202 2636 absque
1216 2566 1351 2638 pecunie.
1368 2567 1410 2639 [G.
1426 2569 1526 2640 thl.]
1543 2568 1596 2633 Oui
1613 2569 1795 2641 pereueserit

83 2653 277 2714 desiderabis
291 2669 413 2710 uxorem
429 2654 505 2724 elue,
521 2667 581 2709 non
597 2667 728 2723 servom,-
742 2669 800 2709 non
824 2651 917 2710 aneil-
968 2652 1117 2710 hominem
1133 2653 1234 2711 volens
1258 2654 1402 2725 deridere,
1431 2661 1526 2714 morte
1554 2658 1709 2715 moriatur.
1738 2657 1795 2724 oui

83 2744 158 2817 lem,
174 2760 234 2801 non
258 2742 375 2812 bovem,
403 2757 462 2798 non
490 2740 618 2811 minum,
644 2756 698 2798 neo
725 2740 825 2798 omnin
852 2757 917 2812 que
968 2745 1066 2798 autem
1082 2758 1141 2798 non
1157 2747 1202 2800 eet
1217 2741 1386 2812 insidiatue,
1411 2745 1462 2801 aed
1476 2749 1553 2801 Deus
1568 2745 1656 2802 illum
1671 2745 1796 2802 tradidit

83 2834 262 2893 iiliuesunt.
278 2829 495 2904 [cmviii]
511 2832 641 2887 cunutus
662 2832 760 2887 autem
787 2830 916 2903 populus
967 2830 998 2885 in
1015 2846 1120 2887 manue
1131 2831 1214 2902 ejus;
1229 2832 1406 2889 constituam
1421 2833 1476 2889 tibi
1491 2832 1589 2889 laeum
1606 2849 1665 2907 qun
1694 2834 1796 2906 lugere

83 2923 208 2983 sidebst
219 2937 317 2991 voum,
330 2923 360 2977 et
374 2919 538 2992 lampades,
557 2922 586 2975 et
613 2918 744 2976 sonitum
773 2919 915 2990 heroine,
966 2918 1080 2975 debeat.
1110 2919 1152 2991 [G.
1179 2919 1291 2993 libili]
1320 2920 1349 2977 ei
1378 2921 1446 2994 quie
1475 2921 1621 2979 industrie
1654 2920 1796 2979 occiderit

85 3016 279 3085 manumque
293 3007 659 3080 fumantemtetperteriti
671 3024 705 3065 ao
729 3024 916 3081 pavoreoon·
967 3007 1133 3081 proximum
1150 3025 1248 3081 suum,
1264 3014 1293 3067 et
1309 3027 1360 3083 per
1383 3009 1518 3080 inuidiae,
1549 3011 1585 3068 ab
1614 3009 1701 3068 uitari
1727 3026 1793 3068 meo

85 3095 718 3171 auuiatsteruntprooui,dieenteeldesi:
736 3097 866 3172 Loquere
883 3101 915 3155 tu
967 3096 1074 3155 evelles
1098 3113 1178 3169 enm,
1204 3102 1236 3154 nt
1259 3099 1409 3156 morietur.
1437 3099 1480 3172 [C.
1511 3099 1620 3173 xliv]
1657 3099 1712 3166 Qui
1728 3115 1793 3172 per·
1884 3076 1906 3135 ’-

83 3187 410 3259 uobis,etandiemus:
427 3202 486 3242 non
504 3174 1220 3258 loquaturnobisDominue,Geueseritpatrem
1246 3191 1380 3243 euumet
1408 3191 1533 3243 matrem
1559 3191 1652 3244 morte
1682 3187 1793 3245 moria·
1903 3206 1908 3215 ·

84 3280 212 3337 aelorte
226 3273 913 3348 medemur.utaitlloseaadpopulumzlto-
967 3278 1025 3330 tur.
1056 3275 1098 3347 [(1.
1136 3275 1227 3346 litt]
1265 3274 1319 3339 Qui
1349 3275 1462 3332 iuretue
1499 3276 1587 3333 tuerit
1629 3276 1790 3346 bominem,

84 3369 134 3425 lite
149 3367 269 3437 timere,
287 3368 321 3423 ut
333 3363 414 3423 enim
429 3363 567 3437 pmbaret
590 3379 640 3419 ves
669 3363 748 3420 venit
771 3368 857 3433 Dens,
877 3368 917 3443 et
970 3367 999 3420 et
1013 3364 1178 3420 vendiderit
1192 3364 1431 3434 eum,oonviatue
1444 3382 1525 3422 noxe
1535 3369 1628 3423 morte
1639 3365 1793 3423 moriatur.

85 3462 230 3514 atterrat
242 3453 326 3513 illius
340 3457 420 3511 esest
442 3452 472 3511 in
490 3452 586 3520 vobie,
612 3459 642 3509 et
656 3469 716 3509 non
744 3453 915 3525 peeouretis.
970 3453 1010 3524 [(1.
1026 3453 1204 3524 xtvl.]Qni
1234 3452 1419 3510 maledixerit
1449 3456 1524 3527 patri
1558 3472 1613 3512 euo
1637 3459 1666 3513 et
1696 3456 1795 3523 matri,

86 3546 235 3619 Stetitque
250 3542 379 3617 populus
402 3541 439 3598 de
460 3539 557 3614 longe.
576 3541 620 3612 [Τ.
637 3542 697 3609 llll,
724 3540 756 3597 (1.
784 3541 913 3615 ΧΧΧΙΧ.[
969 3549 1060 3598 morte
1072 3540 1226 3599 moriatur.
1245 3543 1288 3614 [(1.
1306 3541 1461 3615 th'll.]Si
1476 3543 1561 3599 rixati
1583 3543 1704 3600 inerunt
1728 3543 1794 3611 viri,

86 3636 185 3693 Moses
201 3639 302 3690 autem
318 3631 442 3690 eaeessit
469 3630 506 3687 ad
530 3629 685 3703 ealiginem
702 3629 741 3699 ‚in
768 3647 827 3703 qua
852 3636 914 3688 erat
968 3636 997 3688 et
1012 3632 1191 3704 percusserit
1219 3630 1294 3687 alter
1321 3631 1487 3704 proximum
1512 3648 1600 3689 enum
1624 3633 1721 3706 lapide
1748 3632 1793 3689 vel

88 3730 177 3782 usus.
194 3721 276 3780 Dixit
289 3725 430 3794 preterea
443 3719 588 3777 Dominus
602 3720 638 3776 ad
655 3725 751 3776 Mosen
765 3735 772 3775 ι
788 3719 854 3776 ileo
869 3720 913 3776 di·
968 3736 1078 3793 pugno,
1094 3725 1123 3777 et
1138 3720 1187 3776 ille
1201 3725 1336 3777 mortuas
1351 3737 1409 3777 non
1431 3720 1530 3793 inerit,
1546 3722 1596 3778 ead
1619 3721 1748 3793 jaeuerit
1761 3723 1791 3777 in

86 3811 224 3871 sesilliis
237 3807 551 3868 lemeitllosvidiatis
565 3807 643 3881 quod
656 3809 691 3864 de
705 3808 777 3865 ooeln
797 3808 913 3866 loeutus
968 3808 1093 3867 leetuln:
1110 3809 1135 3866 ei
1151 3810 1321 3875 surrexerit,
1337 3809 1572 3866 elembulaverit
1598 3810 1668 3866 ioris
1697 3826 1788 3882 euper

86 3902 145 3959 eim
170 3899 267 3958 robis.
297 3898 361 3955 Non
376 3896 490 3955 iacietis
505 3912 621 3955 meeum
637 3897 646 3933 ¹
663 3897 912 3971 demergentem,
967 3898 1103 3956 baculum
1121 3914 1220 3967 soum,
1234 3898 1376 3956 innoeena
1386 3898 1442 3955 erit
1455 3899 1506 3971 qni
1519 3897 1716 3971 pereueeerit:
1746 3899 1790 3955 ita

87 4005 143 4047 nee
158 3989 231 4046 deos
245 4002 352 4044 aureas
367 3984 480 4043 isaietie
494 3983 584 4044 vebia
600 3984 700 4044 ditare
714 3986 750 4044 de
776 3990 855 4043 terra
870 3987 912 4042 la·
967 3992 1066 4045 tumen
1082 3993 1116 4044 nt
1129 4003 1233 4060 operae
1248 3989 1313 4060 ejus
1327 3991 1356 4044 et
1370 3987 1520 4061 impensas
1533 3987 1563 4043 in
1589 3987 1719 4044 medicos
1742 4003 1790 4044 re-

87 4078 178 4136 eietie
194 4075 281 4144 mibi,
300 4078 330 4132 et
343 4073 471 4132 oderatis
485 4090 620 4148 supereo
635 4072 809 4132 holocausta
823 4080 912 4149 etpa·
967 4076 1081 4133 atituat.
1098 4075 1140 4147 [G.
1158 4075 1295 4148 Xthll.]
1311 4075 1366 4142 Qui
1380 4076 1559 4149 perenaeerit
1570 4092 1685 4132 servum
1701 4093 1789 4134 suum

83 4168 175 4226 eldea
186 4169 297 4235 vestra,
311 4178 380 4220 oves
399 4168 512 4220 veetres
526 4168 555 4219 et
569 4162 670 4233 bovae,
683 4163 714 4221 in
742 4163 822 4221 omni
848 4167 913 4221 looo
967 4164 1011 4223 vel
1026 4164 1163 4221 ancillam
1178 4164 1270 4235 virga,
1284 4168 1315 4221 et
1329 4167 1464 4221 mortuus
1480 4164 1568 4221 inerit
1582 4172 1593 4206 ⁸
1606 4166 1637 4221 in
1653 4165 1791 4223 munibus

81 4258 116 4313 in
128 4270 192 4328 quo
203 4252 345 4310 memoria
359 4250 446 4309 luerit
459 4251 588 4309 neminie
604 4251 672 4321 mei,
687 4253 801 4310 veniam
814 4254 849 4310 ad
874 4260 914 4322 te,
968 4255 1044 4326 ejue,
1059 4252 1192 4309 oriminis
1202 4269 1270 4310 reue
1285 4254 1349 4308 erit.
1369 4252 1420 4309 Sin
1437 4256 1537 4310 autem
1554 4270 1613 4310 uno
1628 4254 1675 4311 die
1690 4271 1792 4328 soper-

79 4341 302 4403 etbsnedioam
321 4339 784 4413 tibiouodeisitarelepideum
813 4342 915 4401 leceris
967 4342 1072 4399 vixerit
1087 4340 1129 4397 rel
1146 4342 1272 4412 dunbne,
1289 4358 1346 4399 non
1363 4341 1528 4412 subjacebit
1543 4359 1644 4414 poena,
1661 4344 1731 4417 quia
1745 4360 1795 4417 pe·

77 4430 176 4501 mibi,
191 4447 250 4489 non
273 4428 431 4487 edificabie
453 4428 527 4486 illud
543 4431 578 4486 de
592 4430 680 4488 sentia
695 4429 864 4504 lapidibus:
891 4433 916 4489 ei
931 4420 1059 4501 Daunia
1078 4429 1158 4486 illiue
1173 4435 1226 4487 eat.
1252 4430 1293 4503 [(1.
1315 4430 1425 4503 libili]
1440 4430 1468 4486 Si
1492 4432 1578 4488 rixati
1593 4433 1701 4489 fuerint
1727 4432 1793 4505 viri,

120 4694 419 4757 trarttealamcam
431 4694 515 4753 abest
533 4692 795 4753 ineditie:exatat
818 4701 916 4754 tamen
970 4695 1271 4768 eervo,eulueltliem
1301 4697 1331 4752 in
1357 4696 1498 4754 lamulam
1529 4698 1627 4755 vendit
1655 4697 1797 4756 domiuus

76 4776 115 4833 ira
133 4771 223 4827 reete
236 4767 388 4838 liebreieo,
404 4781 516 4824 oenone
530 4766 616 4823 ltebr.
640 4767 723 4824 verit
739 4778 767 4824 et
790 4767 821 4824 in
849 4768 917 4826 aliie
972 4768 1199 4826 eerviconlerat
1214 4769 1263 4840 qni
1274 4767 1652 4838 voluerit,buneeditinnem
1664 4776 1797 4828 nostram

76 4859 168 4903 mse.
182 4839 270 4897 aodd.
285 4837 398 4896 Latinis
413 4836 629 4910 antiquioribue
643 4855 677 4896 ae
688 4838 819 4896 melioria
829 4845 916 4898 note.
971 4857 1038 4896 eum
1059 4845 1145 4896 antea
1155 4839 1283 4913 vulgatis
1297 4839 1527 4913 exemplaribus.
1543 4842 1638 4900 Menr.

76 4912 239 4975 hundam
252 4910 380 4983 reperiee
394 4908 551 4967 leotionem
562 4910 640 4983 apud
666 4910 861 4982 Augustiuuxn
886 4912 917 4969 in
1008 4910 1181 4968 -Urbinas
1196 4928 1254 4967 me.
1269 4926 1362 4967 seruas
1377 4928 1464 4979 usique
1484 4912 1515 4968 ia
1542 4917 1686 4972 amentum.
1721 4912 1798 4968 Tum

76 4984 224 5061 Speculo,
238 4982 288 5039 ubi
302 4981 631 5053 Scripturereeitantur
639 4982 723 5053 juxta
751 4981 919 5039 translatio·
972 4983 1196 5049 eumPeletino,
1222 4982 1408 5052 Memmieno,
1436 4987 1523 5056 utque
1548 4986 1648 5056 editie,
1677 4983 1710 5042 Si
1736 4983 1801 5055 quis

76 5071 164 5121 nem
179 5053 312 5113 honam
327 5053 358 5109 S.
374 5051 555 5127 Hieronymi,
569 5069 659 5127 quam
676 5052 725 5110 ille
738 5069 772 5113 ex
796 5055 919 5112 Hebraeo
972 5053 1129 5112 vendiderit
1142 5055 1231 5125 filiam
1245 5071 1323 5111 soem
1338 5054 1369 5110 ie
1381 5056 1528 5125 [amatam.

80 5126 186 5192 nobis
202 5123 304 5183 edidit.
319 5124 414 5181 mar.
1009 5126 1020 5160 ⁸
1035 5126 1116 5181 llunu
1133 5126 1228 5181 loeurn
1243 5126 1429 5183 restituimus
1444 5127 1479 5183 ad
1495 5127 1581 5183 tidem
1607 5123 1716 5198 Specuti
1730 5138 1800 5179 san·

122 5194 435 5264 -llnnsPalatin,e
458 5193 565 5253 nostris
590 5210 662 5253 mse.
690 5210 790 5252 vocem
814 5211 921 5254 mecam
975 5195 1014 5253 eti
1028 5196 1196 5281 Augustini,
1210 5197 1239 5252 in
1266 5196 1477 5282 qnonlegimne
1494 5198 1586 5281 ¹utin
1615 5197 1746 5280 Hebron,
1775 5197 1802 5252 et

80 5271 296 5411 {affligit
308 5352 403 5397 aenon
418 5337 504 5395 llebr.
518 5352 577 5394 ver.
590 5341 620 5394 et
630 5353 702 5420 mea.
726 5336 811 5421 alter·
833 5339 922 5422 oodrx
974 5268 1471 5422 ΐὲοὶίνῗξῗειιιῐῖνθῖιῖιξ’[ῗιιιῒίιῧι.ἵιῖῗε
1482 5269 1549 5325 mm
1563 5268 1669 5420 legunt·
1679 5284 1709 5323 m
1734 5263 1802 5338 plu·

82 5415 122 5473 8.
141 5410 285 5469 mani
306 5426 326 5467 a
351 5408 447 5467 Pratie
470 5425 500 5468 a.
526 5409 553 5465 3.
575 5412 664 5466 Porro
686 5424 715 5463 ιιι
743 5409 923 5468 adornatus
1011 5412 1142 5468 -ldem
1159 5428 1231 5467 mes.
1248 5412 1379 5483 editaque
1401 5410 1481 5478 libri,
1510 5418 1535 5465 et
1565 5409 1803 5480 mortaatueriet

86 5487 145 5545 eet
157 5482 282 5541 omnino
296 5496 413 5550 nasus,
428 5496 462 5538 ae
475 5479 546 5538 ordo
570 5480 746 5546 verborum
761 5479 830 5552 quia
846 5482 876 5539 in
886 5482 924 5541 iia
977 5482 1154 5554 impressum
1161 5481 1316 5541 lectionem
1326 5498 1361 5538 ex
1370 5480 1525 5554 Augustini
1532 5479 1648 5552 Speculo
1664 5480 1805 5544 Martiae.

82 5553 235 5688 ffinerala
248 5556 426 5628 pruoeptum
440 5558 487 5610 eet
501 5552 538 5610 de
550 5550 683 5625 quolibet
711 5550 842 5620 homine,
872 5552 923 5626 qul
978 5555 1100 5627 aceepit.

123 5641 190 5687 sam
203 5640 291 5687 suam
303 5622 467 5685 vendiderit
481 5623 547 5682 :bia
561 5627 661 5682 autem
678 5636 786 5680 aeneus
813 5627 859 5682 eet
888 5624 924 5682 de
