3878 6150
126 306 177 367 aas
412 270 415 275 ’
810 308 1170 365 uauaussuuuure.
1779 311 1834 369 aso

122 437 191 492 suut
204 438 304 492 auum
320 435 437 494 assium
451 436 505 494 tilii
519 441 592 509 tres,
607 440 638 495 ot
651 435 721 494 titiis
745 452 805 493 una
829 433 948 491 nomine
963 435 991 503 A
1005 432 1135 491 adoravit
1150 451 1240 508 super
1256 435 1359 492 taciem
1375 439 1458 493 terrie
1474 452 1571 494 coram
1593 451 1637 509 eo,
1663 436 1831 496 osculatus·

121 523 261 596 Thamar,
276 523 421 600 elegantis
436 526 537 584 torma
553 527 574 596 ¹,
592 526 761 599 munitque
776 522 949 582 absalomiu
1004 536 1061 593 que
1076 528 1121 579 est
1137 541 1186 580 rex
1200 525 1351 581 Abantem.

119 613 285 671 Jerusalem
302 614 419 672 duobus
435 615 569 681 anuis,at
584 616 688 672 lactem
706 615 782 687 regis
795 630 852 669 uon
866 612 948 667 vidit.
1040 611 1117 685 [Cap.
1132 612 1202 685 XV.]
1215 614 1383 687 igiturpoet
1395 614 1455 671 buc
1467 615 1534 672 terit
1544 615 1600 670 eibi
1612 615 1751 673 absalom
1763 633 1830 674 cur·

120 702 164 776 [Τ.
179 702 291 773 cxlvi
305 703 386 761 Misit
399 704 500 777 itaqua
515 705 551 762 ad
567 704 650 775 duab,
676 709 709 761 ut
734 704 862 761 mitteret
881 716 948 757 eum
1003 718 1080 768 rum,
1093 706 1121 757 et
1131 702 1254 774 equites,
1266 710 1294 759 et
1306 703 1524 776 quinquaginta
1534 704 1612 761 viros
1624 704 1674 777 qui
1685 708 1829 778 precede·

121 792 158 848 ad
173 808 285 865 regem,
301 794 353 866 qui
367 793 461 850 noluit
473 794 574 851 venire
586 795 623 851 ad
640 810 718 850 eum.
745 793 876 864 Cumque
900 805 947 846 se·
1003 796 1067 846 rent
1078 806 1144 846 erim
1157 792 1198 860 [h.
1216 796 1283 848 sote
1294 808 1360 848 rum
1373 794 1546 866 currerentl.
1563 795 1596 850 ut
1609 811 1828 852 manacousur·

116 880 215 936 cnudo
230 880 373 951 misisset,
388 886 417 939 et
432 882 482 940 ille
493 883 638 940 uoluisset
653 881 751 939 venire
766 883 801 938 ad
828 896 895 937 eum
922 879 945 946 ’,
1002 894 1075 949 gens
1087 880 1334 944 Abeutom,stabat
1345 881 1592 952 J'nntaintroitum
1607 883 1734 954 porteto
1749 883 1827 956 viat,
1883 914 1886 919 ·

115 968 188 1026 dixit
199 970 294 1026 seruis
308 970 372 1027 suis
390 987 398 1026 ι
414 970 503 1028 Scitis
520 988 624 1044 agrum
640 971 712 1028 Joab
732 972 818 1044 juxta
842 984 946 1042 agrum
1001 977 1026 1025 et
1043 985 1160 1024 omnem
1176 970 1284 1040 virum,
1297 971 1346 1042 qui
1360 969 1488 1026 habebnt
1502 972 1654 1045 negotium
1670 976 1702 1028 ut
1715 973 1827 1030 veniret

117 1072 231 1125 meum,
246 1058 403 1116 habentem
429 1075 556 1117 messem
583 1059 704 1130 bordri;
731 1060 771 1117 ite
792 1059 892 1132 igitur,
916 1061 947 1114 et
1001 1058 1035 1114 ad
1053 1059 1129 1131 regis
1142 1059 1431 1129 iudiciuin‚rocabat
1447 1061 1581 1117 tbsalom
1597 1063 1632 1118 ad
1650 1067 1731 1134 se,ct
1745 1063 1825 1121 dice·

116 1147 288 1205 succendite
302 1164 369 1205 sum
387 1148 460 1222 igni.
476 1150 693 1207 succenderent
709 1165 778 1222 ergo
792 1148 864 1205 servi
889 1148 945 1203 Ab·
1000 1148 1051 1203 bat
1066 1165 1072 1202 :
1091 1149 1130 1205 De
1141 1165 1200 1223 qus
1213 1149 1330 1204 civitate
1341 1165 1372 1205 es
1384 1153 1415 1205 tu
1425 1150 1439 1206 l
1449 1150 1501 1215 Qui
1515 1151 1694 1223 respondeus
1706 1151 1823 1208 aiebat:

118 1237 213 1294 salom
239 1243 368 1311 segetem
404 1237 446 1311 [b.
472 1241 589 1313 agrum]
624 1239 682 1312 igni
708 1241 728 1294 ⁸.
755 1238 945 1310 Surrexitque
999 1240 1202 1296 Exuuatribu
1221 1238 1698 1317 lsraeleqosum[b.uuuhabetl
1722 1258 1825 1301 servus

113 1326 198 1392 duab,
209 1330 238 1383 et
252 1325 331 1383 scuit
345 1327 381 1383 ad
396 1325 535 1383 Abenlom
552 1326 581 1383 in
596 1328 717 1385 domum
733 1328 840 1398 ejne,et
850 1326 942 1382 dixit:
997 1331 1078 1386 tuus.
1096 1328 1361 1402 Respondebatque
1374 1330 1400 1386 ei
1412 1329 1550 1387 Absalom
1568 1347 1575 1385 :
1593 1330 1741 1387 Videntur
1751 1332 1824 1389 mibi

115 1417 212 1480 Quare
224 1416 443 1473 succenderunt
457 1416 531 1472 servi
556 1415 600 1472 lui
628 1420 756 1489 segetem
782 1430 875 1471 meam
900 1414 941 1484 [b.
997 1433 1151 1475 sermones
1166 1418 1209 1474 tui
1224 1418 1292 1474 boni
1309 1422 1336 1473 et
1349 1419 1434 1490 lusti.
1450 1419 1506 1475 Sed
1522 1436 1577 1476 ncu
1594 1420 1703 1494 estqui
1723 1424 1752 1478 te
1771 1438 1823 1478 au·

115 1519 220 1578 agrum
237 1511 349 1576 meum}
363 1503 483 1577 iguitdt
494 1505 648 1579 respoudit
661 1504 797 1562 absalom
810 1505 846 1561 ad
857 1503 941 1561 Joab:
997 1506 1060 1562 diet
1074 1507 1253 1562 constitutus
1268 1525 1285 1563 a
1299 1507 1559 1580 regebicebatqnc
1573 1510 1711 1566 Absutom
1728 1528 1735 1564 :
1751 1509 1823 1576 Quis

115 1592 182 1650 Misi
198 1594 236 1649 ad
251 1598 279 1649 te
294 1593 463 1657 obsecrans,
481 1598 513 1649 ut
527 1595 640 1651 venires
656 1595 692 1651 ud
709 1610 765 1663 ms,
790 1599 819 1650 et
843 1593 941 1650 mitte·
996 1611 1043 1652 me
1065 1597 1224 1652 constituat
1244 1596 1375 1669 judicem
1401 1613 1492 1669 suprr
1514 1602 1634 1664 terram,
1660 1603 1693 1655 ut
1713 1600 1749 1655 ad
1774 1616 1822 1658 me

114 1698 175 1740 rem
191 1687 223 1739 te
236 1683 271 1739 ad
289 1698 399 1755 regem,
413 1688 442 1740 et
455 1689 517 1757 [me.
532 1691 574 1762 ut]
589 1684 699 1741 diceres
715 1684 741 1740 ei
752 1700 758 1739 :
769 1684 863 1749 Quare
876 1681 941 1739 veui
994 1684 1112 1741 venant
1128 1701 1230 1741 omnes
1246 1686 1296 1758 qui
1309 1684 1419 1741 hubent
1434 1686 1595 1759 negotium,
1608 1691 1637 1742 ct
1650 1688 1730 1759 lusto
1741 1688 1822 1760 judi·

112 1771 148 1829 da
160 1769 294 1829 ussaw
310 1771 415 1828 melius
430 1772 502 1828 mibi
517 1776 580 1829 erat
594 1772 635 1828 ibi
650 1789 733 1842 esse,
749 1773 869 1829 obsecro
897 1788 940 1828 ar·
994 1773 1080 1828 cem?
1095 1774 1150 1829 Sed
1167 1779 1195 1829 et
1208 1789 1275 1830 cum
1292 1775 1443 1830 accederet
1458 1775 1494 1829 ed
1511 1791 1577 1830 auru
1594 1775 1681 1831 homo
1694 1776 1736 1849 [b.
1763 1776 1819 1851 vir]

112 1876 161 1934 gu.
176 1865 211 1918 ut
226 1859 337 1917 rideam
355 1861 457 1918 taciem
475 1861 550 1934 regis
566 1862 607 1934 [b.
623 1866 651 1919 et
667 1878 744 1918 nuuc
756 1862 872 1919 rideam
895 1862 940 1919 ia·
994 1865 1025 1917 ut
1040 1861 1182 1917 salutaret
1202 1860 1295 1928 illum,
1322 1863 1496 1918 extendebat
1520 1879 1640 1919 menum
1669 1880 1764 1933 suam,
1789 1871 1819 1923 at

113 1949 187 2006 ciem
204 1949 294 2023 ragis]
311 1966 318 2006 :
336 1950 454 2024 quodsi
473 1966 586 2007 memor
608 1955 655 2008 eet
676 1951 843 2024 iniquitatis
869 1966 938 2006 mee
994 1950 1228 2023 apprehendens,
1246 1950 1435 2006 osculabatur
1447 1966 1526 2007 rum.
1544 1952 1738 2026 Faciebatque
1762 1954 1818 2012 boo

115 2038 157 2111 [b.
184 2054 244 2096 acu
270 2037 356 2095 liutet
383 2048 475 2107 meet,
506 2038 660 2095 interliciat
695 2056 751 2096 me.
785 2043 939 2111 ingressus
993 2037 1073 2094 omni
1091 2036 1244 2108 lsrael‚qui
1259 2039 1393 2093 veniebat
1408 2039 1444 2093 ad
1456 2039 1648 2110 judiciumprt
1665 2040 1818 2098 audiretur

111 2126 187 2185 Joab
201 2127 238 2183 ed
256 2142 366 2201 regem,
380 2127 527 2183 nuntiavit
547 2127 574 2184 ei
598 2132 776 2201 vocatusque
800 2127 938 2185 Absalom
992 2131 1127 2200 arege,et
1138 2126 1314 2183 sollicitabat
1325 2128 1413 2183 corda
1423 2127 1552 2184 virorum
1566 2129 1664 2184 lsrael.
1676 2130 1815 2201 [TGXVJ

112 2216 280 2273 iutraritad
303 2215 453 2289 regem1b.
475 2220 509 2274 lu
525 2221 630 2273 terrum
646 2217 682 2272 nd
696 2219 782 2290 tumes
797 2217 895 2290 regist,
911 2220 940 2273 et
994 2216 1266 2289 Postquudreginta
1277 2221 1375 2273 autem
1392 2234 1484 2274 annos
1500 2218 1521 2288 ⁸,
1538 2217 1612 2274 dixu
1626 2218 1763 2276 Abealom
1780 2222 1815 2277 ad

146 2318 369 2377 ¹Memorabilis
379 2319 462 2377 locus
473 2326 591 2393 propter
601 2322 836 2379 additamentum
848 2323 938 2395 quod·
993 2339 1041 2380 ces
1053 2322 1244 2379 corbeienses
1259 2322 1451 2379 vetustissimi
1465 2328 1494 2380 et
1509 2324 1625 2397 optime
1641 2330 1715 2382 uota
1737 2326 1815 2399 lege-

112 2391 177 2447 dsm
205 2391 277 2448 Lxx
301 2392 423 2464 interpr.
449 2393 498 2465 qui
525 2397 591 2465 post
613 2393 673 2449 buc
695 2394 785 2449 verba
805 2394 939 2465 elegantis
994 2394 1704 2469 hantolimpostqucdruqiolcaarumcrrnos,quod
1718 2414 1818 2454 emen·

111 2463 413 2536 {omeubjuugnut
427 2470 641 2537 cousequenter
657 2482 663 2521 :
681 2466 742 2521 llaec
756 2468 810 2534 suit
826 2465 856 2521 iu
876 2482 937 2521 mc·
992 2467 1109 2522 datores
1125 2470 1279 2522 mutarunt
1300 2468 1330 2521 in
1354 2478 1488 2539 quatuor,
1512 2469 1557 2521 vet
1582 2470 1611 2523 in
1635 2469 1702 2524 iluna
1726 2470 1816 2528 etiam

111 2534 246 2593 mmonro
260 2535 378 2592 ltcbocm
387 2536 443 2605 fitia·
452 2536 626 2606 Salomonis,
637 2541 662 2592 et
672 2536 779 2608 pecarii
789 2537 816 2592 ei
827 2536 936 2593 Atiam.
991 2555 1077 2594 curos
1106 2539 1213 2608 Regius
1228 2539 1327 2604 codex,
1342 2554 1369 2593 u.
1381 2540 1462 2607 3563,
1474 2544 1502 2594 et
1517 2540 1610 2610 Major
1624 2540 1653 2595 S.
1665 2540 1815 2610 Germani,

111 2610 149 2663 lta
162 2623 284 2679 quoque
298 2605 437 2679 leguntur
452 2608 480 2662 in
494 2607 609 2680 aliquot
622 2625 691 2664 ruse.
708 2609 859 2665 codicibus
885 2608 936 2664 ba·
992 2626 1021 2664 n.
1037 2611 1064 2676 3,
1081 2616 1149 2665 ente
1162 2610 1398 2665 emendationem
1413 2613 1536 2682 quinque
1551 2626 1647 2673 ultrice,
1665 2628 1741 2668 nuuc
1761 2630 1817 2669 au·

112 2678 191 2743 tinia,
209 2683 239 2734 et
252 2677 314 2734 inte
335 2695 367 2733 ra
382 2683 541 2751 supersunt
555 2678 651 2736 adhuc
666 2679 825 2736 incubone
846 2680 935 2735 Hebr.
991 2686 1050 2736 tom
1065 2690 1182 2751 quotuor
1197 2681 1314 2738 hebent.
1332 2685 1363 2735 tn
1380 2680 1449 2737 Can.
1468 2682 1551 2737 llrbr.
1564 2682 1683 2751 vectura
1697 2693 1817 2755 quotuor

110 2748 255 2809 raritatis.
270 2694 502 2805 setftransverss
517 2749 594 2806 linea
609 2751 783 2822 iugulantur
797 2756 936 2834 tanquam
990 2751 1034 2807 vel
1049 2753 1171 2877 priapus
1195 2752 1295 2836 primia
1320 2768 1437 2819 manua,
1454 2752 1649 2834 'quodragiotc
1670 2756 1815 2826 posterior

111 2822 290 2890 adulterius,
306 2826 393 2892 atque
408 2823 499 2878 ascita
519 2822 555 2878 de
577 2822 685 2878 Grecis
708 2822 935 2895 exemplaubus.
992 2826 1067 2879 tecit.
1083 2827 1120 2877 Co
1136 2824 1267 2878 bertinus
1284 2840 1312 2877 n.
1330 2824 1391 2892 t8l,
1408 2828 1509 2879 reticet
1524 2824 1560 2879 ab
1576 2825 1669 2891 initio,
1686 2825 1810 2896 quadra·

109 2898 252 2950 (interum
262 2894 293 2949 iu
305 2892 351 2948 bis
363 2894 460 2949 verbis
470 2894 670 2949 inextricabile
680 2897 795 2965 pondus
806 2893 936 2966 exsurgit
988 2898 1067 2965 picto
1081 2914 1091 2950 .·
1107 2896 1157 2950 sad
1173 2895 1338 2951 Anicieusis
1353 2898 1422 2950 item
1437 2895 1621 2951 Gotbertiuus
1634 2912 1701 2952 cum
1717 2898 1813 2955 tribus

110 2980 222 3037 nupero
246 2963 354 3020 vindici
379 2963 629 3036 interpretationis
653 2965 757 3022 Graecia
781 2968 935 3021 Saniorum
990 2966 1056 3023 aliis
1072 2966 1179 3023 nostrie
1192 2966 1221 3022 S.
1247 2966 1384 3022 Germani
1408 2985 1424 3021 a
1447 2966 1550 3035 Pratis,
1573 2974 1692 3038 quotuor
1714 2967 1813 3040 babet,

110 3035 329 3110 Septuaginta:
346 3036 727 3162 neminspectadiligenter
751 3037 862 3110 [legum
887 3037 933 3092 bi·
990 3054 1047 3094 nou
1071 3037 1266 3110 qitcdrcpiutu.
1294 3042 1378 3094 Porro
1403 3037 1562 3093 Bibliornm
1589 3042 1726 3096 Romanae
1749 3057 1813 3097 cor·

111 3106 473 3191 doriseupputatiequed
495 3108 598 3190 salomi
606 3108 932 3192 patrist'baruarannis,
991 3108 1132 3164 rectiones
1147 3109 1448 3191 docent'abjiciendos
1463 3126 1602 3165 numeros
1613 3116 1640 3164 et
1653 3120 1773 3183 quotuor
1785 3117 1815 3170 el

110 3179 277 3237 belomonte
292 3194 419 3250 quoque,
435 3179 587 3242 Habeam,
603 3186 632 3235 at
649 3180 726 3236 Abte
746 3181 832 3249 juxta
853 3196 935 3236 com·
950 3175 972 3241 G
990 3184 1110 3253 quinque
1124 3186 1152 3236 ot
1167 3197 1225 3248 ees,
1242 3181 1309 3236 ticet
1323 3188 1441 3251 qiratuor
1452 3197 1510 3235 non
1527 3187 1624 3237 careat
1640 3198 1693 3236 sna
1709 3184 1814 3253 preiba-

114 3250 300 3324 putationem
316 3250 450 3321 ejusdem
472 3250 596 3306 vindicis
613 3267 646 3306 ec
658 3254 836 3309 restitutum's
859 3253 935 3308 anti·
992 3253 1115 3315 bilitate.
1131 3253 1248 3308 addest
1263 3254 1444 3313 auctoritate.
1460 3254 1530 3324 quia
1542 3262 1660 3325 quotuor
1678 3256 1815 3312 similiter
1923 3260 1926 3265 '

114 3338 241 3395 quorum
256 3329 435 3393 temporum,
451 3323 500 3394 qul
521 3324 724 3380 incunctanter
748 3326 832 3380 docet
853 3341 878 3380 c.
903 3325 937 3379 10
989 3323 1115 3397 legimus
1131 3325 1208 3395 apud
1224 3326 1329 3396 Syrum
1342 3328 1371 3380 rt
1384 3326 1510 3380 Arebern
1525 3325 1709 3408 interpretes.
1727 3327 1812 3382 Eam·

115 3410 193 3451 oure
209 3392 302 3465 hujus
316 3391 521 3461 restitutionis,
536 3393 719 3450 Salomonem
742 3412 818 3451 anno
842 3396 936 3452 utatis
991 3412 1046 3467 quc
1067 3395 1220 3451 lectionem
1247 3395 1348 3467 probat
1373 3395 1506 3451 eruditus
1531 3395 1650 3453 Grotius
1676 3396 1777 3454 diceus
1803 3415 1811 3455 :

115 3480 172 3523 suo
189 3463 540 3537 quiuquagesimutertio
575 3466 936 3523 cuuisseRoboemnmex
990 3466 1811 3537 «ttuuddubinsbicerrorscriptureadditissdvorom

116 3536 524 3596 immonitideznecesseest
584 3537 770 3593 amarttliam
786 3539 935 3594 Abeatomi
989 3539 1190 3603 uutstitteris
1211 3539 1337 3592 duabus.
1362 3539 1486 3606 Qirctcor
1507 3539 1584 3594 enim
1609 3539 1811 3597 intercessisse

118 3607 638 3678 caerimoniojnnatamsniasacnni
654 3609 935 3681 Roboam‚cumjum
989 3611 1062 3666 dixit
1094 3611 1253 3682 tosspbus,
1279 3627 1331 3666 neo
1354 3610 1438 3666 aliter
1461 3611 1674 3669 theodoretus.
1697 3612 1731 3666 ui
1756 3612 1810 3668 boo

117 3678 124 3733 l
159 3677 934 3754 eattigissetanu.etetisptusminueuouagusimum.
989 3697 1090 3739 verum
1105 3699 1170 3738 esse
1185 3698 1231 3738 res
1247 3680 1464 3753 ipseloquitur.
1489 3702 1502 3732 a
1530 3681 1638 3739 Varum
1662 3684 1809 3740 enimvero

116 3697 195 3815 Gdod
210 3754 291 3807 certe
304 3750 345 3805 ita
360 3750 437 3806 credi
455 3750 612 3807 ridiculum
628 3756 715 3819 esset,
732 3768 796 3808 nico
816 3754 935 3825 quidem
989 3752 1168 3809 contrarium
1194 3753 1293 3808 docuit
1317 3752 1488 3824 suppositus
1518 3752 1709 3826 llieronymus
1733 3753 1809 3810 libro

114 3820 234 3891 indicio,
252 3825 279 3878 et
296 3820 385 3877 nimis
400 3825 600 3894 portentosum
615 3822 642 3877 in
660 3840 750 3879 uxore
774 3825 899 3881 ttoboam
926 3843 932 3880 ε
990 3825 1180 3880 traditiosam
1196 3825 1394 3880 tirbraircrum
1410 3825 1438 3878 in
1456 3823 1479 3878 tl
1492 3822 1540 3878 liu,
1563 3825 1600 3879 tta
1624 3841 1710 3881 um:«
1723 3826 1809 3893 Cave,

115 3895 178 3965 rata
193 3892 251 3949 huc
265 3892 323 3949 tuit
336 3892 413 3948 Sara
428 3893 578 3967 singulare
594 3893 787 3968 privilegium,
799 3900 832 3950 ut
847 3912 935 3952 noua·
989 3895 1080 3952 lector
1094 3895 1201 3968 inquit,
1217 3894 1371 3968 plerosque
1387 3896 1543 3951 mendosus
1557 3911 1591 3951 co
1614 3897 1682 3962 icas,
1698 3897 1728 3952 iu
1742 3898 1810 3969 qui·

113 3966 227 4037 maaria
239 3971 364 4037 pararet.
379 3970 417 4021 at
427 3981 485 4021 nou
497 3971 543 4022 est
555 3966 708 4038 presentis
719 3968 774 4023 loci
787 3968 933 4039 discepta-
988 3967 1044 4023 bus
1060 3971 1115 4023 scri
1121 3975 1203 4038 ptum
1227 3968 1386 4031 invenitur,
1410 3973 1477 4038 pust
1500 3973 1635 4036 quatuor,
1660 3984 1718 4023 nou
1744 3973 1811 4039 poet

113 4036 147 4095 lio
175 4036 281 4094 isthec
309 4035 528 4109 chronologica,
557 4053 647 4110 quam
672 4037 753 4105 alibi,
775 4040 933 4110 adjuvaute
988 4040 1183 4110 quadraginta
1193 4055 1286 4095 anuos
1303 4037 1561 4095 :iureracioribue
1572 4055 1636 4095 vero
1647 4039 1809 4109 codicibus,

112 4104 172 4177 dcc,
187 4106 357 4181 agitaturus
372 4124 439 4164 sum
452 4125 459 4163 :
472 4109 637 4165 monendus
653 4113 749 4165 temen
764 4116 828 4166 erat
843 4111 934 4167 lector
987 4117 1016 4165 et
1030 4112 1059 4165 in
1076 4110 1216 4166 Hebraico
1231 4109 1359 4178 veritate,
1378 4127 1433 4166 non
1450 4113 1586 4181 quatuor,
1610 4110 1660 4166 sed
1686 4111 1811 4184 qnadra-

111 4177 690 4238 tudiosusexbucloooindissolubilem
704 4181 783 4237 nesci
795 4182 933 4252 questio·
986 4180 1069 4255 ginta
1083 4181 1254 4237 scribuntur
1268 4181 1348 4236 anni.
1375 4181 1403 4237 Si
1427 4197 1494 4236 roro
1518 4181 1718 4238 contentiosus
1740 4183 1809 4255 quis

111 4265 171 4309 tam
187 4249 268 4335 apud
285 4250 399 4322 sos‚qui
414 4256 519 4321 preter
533 4251 698 4307 divinarum
713 4253 929 4323 scripturarum
985 4253 1102 4308 eosdem
1129 4257 1256 4325 quatuor
1280 4269 1372 4307 annoa
1405 4256 1535 4307 astruere
1568 4252 1692 4309 voluerit
1714 4255 1751 4310 ab
1774 4270 1808 4311 eo

109 4325 313 4381 uoluntatem
337 4338 467 4379 asserem
491 4339 549 4378 uou
574 4329 722 4386 verentur,
745 4326 930 4381 salomonem
985 4323 1334 4396 temporequoabealom
1348 4326 1462 4379 Ainnuu
1480 4324 1598 4379 tratrem
1614 4341 1702 4381 suum
1717 4327 1808 4383 iuter·

109 4408 249 4469 regnasse
263 4393 334 4450 totis
349 4392 434 4450 anuis
449 4395 609 4467 octoginta,
624 4394 690 4461 etsi,
705 4396 855 4469 conceptis
868 4414 929 4452 vor·
984 4398 1062 4463 lecit,
1079 4413 1172 4468 usque
1187 4398 1223 4452 ed
1240 4395 1311 4451 illud
1329 4401 1446 4467 ternpus
1459 4412 1516 4466 quo
1532 4394 1607 4468 patri
1623 4396 1696 4453 dixit
1721 4415 1728 4453 ε
1758 4399 1806 4455 Va·

108 4462 161 4537 bis,
176 4464 340 4538 scriptores
355 4464 431 4521 sacri
445 4464 626 4523 voluminum
640 4472 753 4540 Regum
769 4476 797 4524 et
820 4467 929 4524 l'arsli·
982 4466 1047 4523 dam
1080 4472 1106 4524 et
1137 4467 1251 4523 reddum
1277 4471 1338 4524 voto
1368 4482 1428 4523 iiico
1456 4481 1519 4538 quae
1545 4468 1606 4523 uoci
1634 4469 1747 4525 Domino
1774 4470 1805 4524 in

107 4551 252 4607 tomeuou
268 4536 447 4592 contrarium
464 4539 619 4594 testentur.
635 4542 728 4595 Maur.
746 4567 778 4582 ·-
795 4542 847 4594 tds.
872 4539 912 4594 Ve
943 4541 1087 4620 pilotria
1102 4557 1112 4593 .·
1128 4539 1281 4610 perspicue
1296 4555 1327 4595 se
1341 4553 1447 4604 errare,
1459 4538 1483 4593 ei
1499 4537 1654 4611 diligenter
1668 4556 1805 4612 perscru-

107 4624 181 4674 ruu„
211 4606 339 4677 clmenti
364 4608 464 4680 (ormo.
490 4608 523 4664 ln
554 4608 664 4680 aliquot
695 4626 766 4665 mss.
792 4609 926 4667 Martiau.
981 4610 1423 4675 tatustuerit‚invrniet:rnru
1441 4609 1806 4677 ntiqueebsalom.iuter-

107 4680 299 4753 subjunctum
325 4676 373 4735 bio
396 4679 504 4747 reperit
527 4679 599 4736 illud
622 4680 788 4737 Grecorum
813 4683 927 4738 addita·
983 4682 1059 4738 lecto
1075 4689 1200 4749 Amnon,
1217 4683 1245 4737 in
1259 4686 1369 4736 Gessur
1385 4682 1459 4748 apud
1475 4680 1607 4737 Tbutmui
1629 4698 1726 4753 rogem
1752 4684 1804 4739 tri·

108 4756 239 4811 uentum
263 4766 271 4807 ε
296 4750 360 4808 itate
381 4750 437 4821 suit
458 4750 489 4805 in
510 4754 690 4810 matrimonio
723 4754 840 4809 Rubrum
874 4752 929 4825 filit
983 4753 1193 4823 brisauuis‚et
1212 4754 1241 4808 in
1261 4751 1507 4809 ierusalrmiude
1538 4759 1709 4822 revocatus,
1746 4772 1803 4813 uun

109 4820 274 4889 tuberonis,
289 4830 314 4878 ct
324 4821 432 4905 peperit
446 4824 475 4878 ei
487 4822 597 4893 Atium,
612 4825 691 4896 quod
707 4825 818 4880 nultius
838 4824 928 4881 ferme
982 4824 1043 4881 ileo
1058 4830 1150 4895 patre,
1168 4824 1284 4880 duobus
1299 4830 1432 4880 moratus
1445 4822 1534 4879 tuerit
1549 4827 1645 4890 anuis,
1670 4834 1700 4883 ot
1724 4833 1804 4884 sexto

111 4899 150 4951 act
162 4894 359 4951 auctoritatis.
982 4912 1057 4952 auno
1074 4895 1176 4952 taciem
1194 4895 1284 4969 patrie
1297 4894 1411 4965 viderit,
1428 4899 1457 4951 et
1471 4899 1572 4952 contra
1586 4912 1653 4953 eum
1670 4897 1803 4970 perduel-

141 4963 434 5033 'Voculasudeum
450 4963 618 5036 plausuum
636 4966 752 5023 tlebreo
769 4965 928 5039 exemplari
981 4967 1089 5024 tionem
1105 4967 1322 5092 praeparaverit,
1338 4988 1352 5016 a
1369 4969 1423 5022 rtc.
1440 4968 1462 5023 Α
1477 4983 1536 5038 quo
1560 4973 1659 5025 autem
1681 4985 1744 5026 com
1769 4987 1801 5024 u·

115 5048 166 5092 ue.
179 5051 298 5109 quoque
311 5034 472 5092 veronens.
489 5035 606 5091 omittit.
981 5044 1080 5094 tentur
1095 5040 1101 5091 i
1118 5037 1136 5093 li
1151 5038 1346 5110 quadraginta
1369 5037 1448 5100 anui.
1474 5039 1539 5094 vide
1564 5040 1640 5107 aprrd
1667 5057 1732 5097 ruiu
1757 5056 1801 5095 em

142 5106 286 5164 'Addunt
300 5106 416 5176 Vulgati
432 5122 440 5162 s
456 5108 489 5162 Et
504 5109 640 5163 uenientes
651 5109 724 5164 serui
746 5109 809 5176 lot,
832 5110 928 5165 scissis
982 5111 1165 5179 scriptorem,
1181 5117 1209 5166 et
1224 5112 1300 5181 apud
1317 5109 1432 5165 criticos
1447 5126 1555 5167 sacrus.
1572 5112 1662 5168 Mser.

116 5178 221 5235 mutus
243 5180 315 5246 suis,
341 5177 472 5235 dicerent
494 5195 503 5232 :
526 5179 730 5236 succenderunt
752 5182 825 5236 serui
843 5180 928 5237 Absa-
1018 5186 1227 5237 -Varoueus
1246 5198 1315 5236 nise.
1333 5181 1598 5250 propraeceptam,
1624 5182 1712 5238 babet
1734 5199 1800 5254 qau-

119 5248 525 5319 bawumcurtipotgne
541 5250 834 5323 msstlirronpmiuni
845 5253 929 5321 juxta
981 5259 1047 5307 tuor
1069 5271 1079 5307 .·
1104 5270 1192 5325 quam
1217 5253 1369 5309 lectionem
1394 5257 1422 5308 et
1446 5255 1618 5309 vetustiores
1644 5253 1799 5308 Martianaei

120 5318 258 5378 deorsum
273 5326 385 5377 textum
400 5320 545 5377 nesciunt.
982 5325 1096 5380 codices
1110 5327 1277 5397 praeterunt,
1292 5330 1320 5379 et
1335 5339 1504 5394 quanquam
1521 5324 1556 5379 ab
1577 5325 1717 5380 tlobrairu
1740 5324 1801 5380 dis·

60 5446 62 5461 ,
147 5390 235 5449 'Cum
256 5391 385 5453 vulratis
399 5390 560 5450 Verousus.
576 5408 633 5449 ms.
649 5397 723 5450 lacet
743 5394 773 5448 in
788 5395 844 5450 viu.
870 5393 926 5450 tle·
981 5395 1098 5465 seruiat,
1113 5398 1219 5452 acitnin
1237 5402 1333 5451 tamen
1352 5397 1466 5465 probari
1482 5395 1585 5463 magis,
1602 5396 1716 5466 ipsique
1732 5412 1801 5466 pru-

60 5464 66 5537 ᾗ
124 5456 203 5521 buica
216 5464 334 5535 pbrasie
348 5469 404 5532 eet,
419 5463 514 5520 &ctat
530 5481 614 5536 super
627 5480 741 5520 monum
757 5467 800 5520 vio
815 5476 913 5535 portae.
983 5466 1050 5522 terri
1068 5468 1185 5524 ltebraeo
1201 5468 1302 5533 textui,
1324 5467 1375 5535 qni
1398 5467 1577 5548 doctissimis
1600 5466 1712 5524 criticis
1734 5484 1800 5523 ror·

138 5527 297 5609 ''liuguam
313 5533 423 5607 habeut
437 5535 485 5591 bic
500 5535 553 5593 loci
572 5552 759 5592 numerorum
776 5537 928 5593 diseunan·
982 5543 1086 5611 ruptus
1102 5539 1216 5594 videtur
1237 5539 1284 5592 tric
1309 5538 1373 5603 tuci,
1398 5538 1508 5593 additis
1530 5539 1564 5592 ud
1591 5552 1688 5594 vorem
1714 5550 1799 5606 usus,

128 5600 183 5659 bru
196 5624 252 5664 nou
269 5604 366 5664 solnm
379 5622 449 5663 mss.
467 5605 604 5671 libri,scd
620 5609 763 5664 editiones
777 5607 866 5663 etiem
882 5610 927 5664 Bi·
981 5610 1096 5665 duabus
1111 5609 1217 5667 litteris
1231 5621 1241 5659 t
1257 5616 1285 5666 et
1301 5621 1323 5669 t:
1350 5627 1356 5665 τ
1382 5626 1450 5663 nam
1473 5614 1502 5665 ct
1525 5608 1660 5665 Hebraeos
1684 5612 1799 5667 codices

129 5668 234 5737 lberam
248 5676 323 5739 Sixti
337 5694 371 5738 au
384 5677 554 5739 Clementis.
569 5679 762 5753 Meuuscripti
777 5686 836 5739 tros
850 5681 928 5738 codi-
982 5681 1097 5740 lucilius
1113 5681 1260 5754 corrumpi
1277 5679 1407 5753 potuisse
1422 5696 1456 5737 ca
1469 5679 1501 5738 iu
1516 5696 1594 5751 voce,
1610 5684 1801 5758 perspicuum
