3870 6120
123 141 173 197 sit
650 141 679 196 ⁸.
700 139 903 195 lllliRONthl
921 138 1047 195 uivida
1065 138 1311 194 eratiodflscs.

126 265 227 322 ilxaita
242 262 271 319 in
287 263 459 321 tortitudine
472 278 572 321 vocem
589 268 682 331 tuam,
963 266 990 331 Α
1043 276 1100 318 non
1116 259 1242 328 deliciet,
1258 274 1355 333 acque
1371 260 1532 331 laborabit,

162 337 213 409 qui
229 334 283 407 (At.
298 344 372 407 qus)
389 336 570 409 evangelizas
584 334 749 393 Jerusalem
766 351 773 391 :
1042 349 1095 393 nso
1109 337 1154 388 est
1168 333 1355 406 investigatio
1370 334 1527 407 sapientise
1546 336 1629 409 eius.

127 409 237 477 Dxalta,
253 405 313 462 noli
328 409 441 463 timere.
1006 410 1059 479 Qui
1076 405 1122 459 dni
1137 402 1213 460 laeso
1229 405 1365 460 virtutem
1382 422 1389 461 :

163 480 213 535 Dic
230 479 397 536 ciuitatibus
411 479 494 537 iude
511 497 518 535 ι
1042 485 1071 537 et
1081 475 1197 548 bis,qoi
1210 493 1266 532 oon
1278 482 1358 545 sunt,
1366 476 1575 535 tortitudinem
1584 483 1616 535 ct
1625 478 1817 549 roburitloos

126 553 198 609 Dece
212 556 291 607 Deus
307 557 401 606 vester
418 569 424 607 :
1078 548 1187 604 babent
1197 548 1558 623 tortitudinemstrobur,
1568 551 1813 627 etc.)multipliost

163 623 233 678 Dece
247 623 391 678 Dominus
406 628 482 679 Deus
498 621 528 678 in
544 620 717 679 tortitudine
731 620 837 688 veniet,
1008 620 1148 682 Desroient
1162 620 1245 693 pueri
1259 625 1289 675 rt
1303 619 1489 688 laborabunt,

162 703 190 750 et
206 692 361 750 brachium
379 695 445 766 ejas
461 694 682 751 dominabitur:
1042 700 1071 750 et
1081 693 1206 764 juvenes
1221 692 1250 747 in
1263 690 1434 751 intirmitste
1448 694 1568 752 eadem.

127 765 199 822 ileos
215 781 326 821 merces
341 766 405 838 ejus
420 783 486 823 cum
502 782 548 837 eo,
1008 766 1062 832 Qui
1079 770 1177 820 autem
1203 769 1323 837 sperant
1338 765 1368 820 in
1385 765 1520 836 Domino,
1541 766 1710 823 mutabunt
1722 766 1815 825 tortitu-

159 845 187 895 οι
201 853 276 910 opus
291 836 372 895 itlius
388 855 487 894 coram
512 838 585 910 ipso.
1006 840 1118 902 dinem,

125 907 210 964 Siout
224 917 323 981 pastor
338 926 454 984 gregem
470 927 559 966 suum
576 914 675 983 pascet
691 927 698 967 :
1041 909 1194 965 assument
1206 920 1318 976 pennas
1333 905 1412 964 sicut
1426 908 1546 980 aquile,

158 981 189 1037 in
205 980 325 1037 brachio
341 998 395 1039 suo
412 982 601 1055 congregabit
615 1000 718 1057 agnos,
733 981 799 1040 etin
815 982 883 1040 sinu
895 998 949 1041 suo
1040 983 1170 1047 current,
1186 983 1215 1032 et
1232 993 1289 1033 non
1305 977 1491 1047 laborabunt,

193 1051 312 1120 levabit,
1039 1049 1234 1110 ambulabunt
1248 1052 1277 1104 et
1292 1066 1350 1106 non
1365 1052 1512 1119 deliniant,

161 1123 244 1179 tostas
259 1124 322 1196 ipse
334 1123 471 1195 portabit.
1002 1125 1079 1198 (Cep.
1097 1120 1179 1193 itti.)
1193 1124 1320 1178 'iaceant
1334 1122 1370 1179 ad
1387 1140 1433 1180 me
1446 1124 1563 1195 insuite,

4 1242 8 1247 .
120 1194 190 1262 Quis
207 1212 328 1251 mensus
344 1200 389 1251 est
403 1195 515 1269 pugillo
531 1213 634 1269 aquas.
1040 1204 1069 1253 et
1084 1198 1189 1267 gentes
1205 1198 1319 1249 mutent
1335 1194 1540 1253 fortitudinem
1559 1213 1566 1252 ι

155 1273 185 1323 et
200 1271 288 1323 coelos
304 1265 402 1339 palmo
419 1267 615 1338 ponderavit?
1002 1270 1161 1332 Accedant,
1179 1272 1207 1319 ct
1223 1269 1294 1321 tuns
1309 1266 1480 1340 toquentur,

120 1340 192 1406 Quis
207 1340 348 1411 appendit
364 1339 458 1396 tribus
476 1340 575 1412 digitis
591 1340 700 1399 molem
716 1348 811 1412 terres,
1039 1337 1128 1396 simut
1145 1337 1180 1391 ad
1193 1337 1340 1408 judicium
1358 1340 1602 1413 propinquemus.

156 1416 185 1466 et
199 1409 317 1467 libravit
333 1410 361 1466 in
380 1411 506 1482 pondere
521 1418 648 1481 morites,
1002 1413 1073 1480 Quis
1089 1408 1243 1466 suscitavit
1257 1413 1286 1464 st
1300 1411 1411 1468 oriente
1421 1415 1551 1483 justum,

157 1486 186 1538 et
201 1481 290 1539 colles
306 1483 336 1538 in
352 1483 486 1539 statera?
1038 1482 1150 1540 vocarit
1164 1496 1231 1536 eum
1247 1486 1280 1536 ut
1294 1488 1467 1564 sequeretur
1481 1484 1538 1541 se?

121 1554 193 1621 Quis
207 1554 320 1625 adjuvit
334 1554 472 1626 spiritum
493 1554 633 1611 Domini?
1003 1556 1089 1612 Dabit
1103 1556 1131 1608 in
1148 1557 1305 1635 conspectu
1321 1570 1385 1626 eJus
1401 1560 1514 1629 gentes,

156 1629 207 1682 aut
223 1628 289 1698 quis
306 1627 494 1683 consiliarius
508 1628 572 1698 ejus
588 1628 653 1697 tuit,
960 1627 985 1693 B
1031 1632 1060 1683 et
1074 1641 1157 1697 reges
1172 1624 1313 1681 obtinebit
1329 1642 1336 1681 ι

154 1704 182 1755 et
195 1699 326 1754 ostendit
342 1697 409 1753 illi‘l
1001 1697 1085 1754 Dabit
1100 1694 1185 1769 quasi
1203 1696 1350 1767 pulverem
1366 1696 1463 1771 gladio
1479 1698 1556 1770 ejus,

119 1770 191 1825 Cum
207 1786 266 1841 quo
280 1769 347 1825 iniit
361 1768 529 1837 consilium,
541 1773 570 1825 et
581 1769 718 1829 instruxit
731 1789 812 1843 oum,
1037 1770 1113 1825 sicut
1128 1767 1269 1839 stipulam
1284 1774 1368 1826 vento
1384 1776 1498 1843 raptam
1513 1768 1595 1828 arcui
1610 1771 1682 1842 ejus.

153 1848 182 1897 et
198 1842 299 1899 docuit
314 1858 382 1898 eam
399 1841 536 1898 semitam
549 1842 685 1913 justitias,
1000 1843 1196 1912 Persequetnn
1210 1855 1271 1908 eos,

155 1921 183 1970 et
197 1913 324 1970 erudivit
338 1930 404 1970 eum
421 1913 588 1983 scientiam,
1036 1912 1174 1969 transibit
1190 1912 1219 1967 in
1234 1927 1315 1984 pace,

155 1993 183 2042 et
197 1986 275 2042 viam
289 1985 451 2058 prudentie
466 1985 595 2042 ostendit
609 1983 677 2044 iilir
1035 1985 1138 2042 semita
1152 1983 1181 2039 in
1198 1983 1325 2056 pedibus
1339 1984 1404 2057 ejus
1419 2000 1478 2040 non
1493 1986 1659 2058 apparebit.

120 2056 193 2114 Ecce
208 2064 310 2129 gentes
325 2057 409 2129 quael
425 2056 506 2112 stilla
522 2058 627 2125 situtae,
999 2058 1071 2122 Quis
1083 2058 1142 2112 heae
1158 2061 1295 2127 operatus
1310 2062 1366 2127 est,
1382 2060 1412 2114 et
1426 2057 1506 2123 iecit,

156 2134 186 2185 et
201 2130 287 2213 quasi
302 2134 526 2186 monumentum
544 2133 657 2185 statera·
676 2134 816 2203 reputate
834 2136 928 2202 sunt;
1036 2144 1142 2185 vocans
1157 2128 1360 2201 generationes
1375 2129 1411 2184 ab
1426 2126 1569 2185 exordio?

121 2198 191 2255 ileos
207 2199 312 2257 insulse
326 2201 410 2272 quasi
426 2199 521 2272 pulvis
538 2202 672 2272 exiguos.
998 2200 1057 2273 Ego
1073 2200 1227 2267 Dominus,

118 2271 153 2327 Et
168 2271 297 2328 Libanus
314 2290 371 2328 non
387 2272 514 2329 sufficiet
528 2274 581 2337 (dt.
592 2271 750 2344 sui'sscitlad
763 2275 939 2331 succenden·
1033 2272 1147 2344 primus
1163 2276 1191 2327 et
1207 2270 1386 2327 norissimus
1401 2287 1455 2345 ogo
1469 2288 1549 2342 som,

189 2343 276 2401 dum.
627 2358 632 2365 ·
997 2344 1139 2401 Viderunt
1154 2342 1270 2409 inante,
1283 2347 1311 2399 ot
1325 2341 1502 2412 timuerunt,

154 2420 182 2470 et
197 2412 337 2472 animalia
353 2416 417 2485 ejus
431 2432 487 2471 noo
504 2414 651 2471 sufficient
666 2415 700 2470 od
724 2414 941 2475 holocaustum.
1031 2422 1162 2472 extrema
1178 2423 1260 2470 terre
1274 2415 1500 2488 obstupuerunt.

119 2485 227 2543 Omnes
240 2492 343 2557 gentes
359 2487 442 2558 quasi
461 2503 518 2542 non
535 2487 604 2550 sint,
620 2487 697 2543 siout
712 2503 809 2544 coram
825 2505 870 2556 eo,
994 2492 1038 2560 Ap
1062 2486 1312 2570 ropinquaverint,
1328 2492 1357 2542 ct
1371 2492 1563 2544 arcesserunt
1579 2504 1585 2545 :

153 2562 182 2614 et
197 2558 282 2631 quasi
300 2557 424 2614 nihilum
440 2564 468 2614 et
482 2558 568 2614 inuno
585 2564 723 2631 reputatae
739 2565 809 2617 sunt
822 2562 860 2617 ei.
1032 2506 1242 2630 ilnusqmsque
1259 2557 1389 2629 proximo
1405 2576 1458 2615 suo
1474 2558 1675 2629 auxiliabitur,

118 2629 169 2686 Cui
186 2647 255 2703 ergo
270 2629 399 2686 similem
416 2631 527 2687 lecistis
545 2635 551 2685 l
566 2630 654 2687 curii?
1031 2640 1059 2687 et
1076 2631 1156 2686 tratri
1172 2648 1226 2686 suo
1242 2631 1317 2685 dicet
1332 2646 1339 2687 :
1356 2631 1531 2688 contortarc.

151 2706 202 2757 aot
217 2718 305 2784 quam
323 2702 480 2773 imaginem
497 2703 609 2772 poneris
624 2700 674 2758 ci‘?
995 2703 1174 2760 Coniortavit
1190 2702 1271 2758 taber
1285 2704 1405 2758 erarius
1429 2703 1596 2776 percutiens
1618 2702 1717 2761 malleo
1728 2716 1784 2766 enm,

116 2773 256 2846 Nunqurd
273 2774 397 2847 scuptile
413 2774 549 2829 continuit
565 2774 668 2829 labor?
1031 2794 1039 2829 r
1053 2777 1080 2829 ni
1098 2775 1220 2830 cudebat
1236 2779 1307 2829 tunc
1322 2777 1475 2848 temporis,

151 2855 201 2902 aut
217 2846 329 2902 auritex
346 2863 416 2902 auro
433 2846 569 2929 figuravit
583 2846 667 2914 illud,
1029 2792 1130 2902 dicens
1147 2864 1153 2903 :
1171 2847 1286 2901 Glutino
1304 2848 1413 2901 bonum
1429 2852 1485 2903 est.

152 2924 181 2973 et
195 2916 316 2974 laminis
332 2923 480 2991 argenteis
495 2937 527 2972 nr
549 2918 703 2974 erilariusi
993 2918 1026 2973 Et
1042 2918 1217 2975 confortarit
1232 2934 1299 2974 eum
1318 2920 1345 2974 in
1361 2917 1463 2975 clavis.

115 2992 198 3044 Forte
212 2988 326 3062 lignum
339 2998 363 3045 ct
382 2934 562 3061 imputribile
578 2990 666 3061 elegit
682 2990 784 3045 artilex
800 2989 934 3061 sapiens:
1028 2996 1060 3045 ut
1076 3008 1132 3045 non
1152 2990 1377 3061 movereturrblt.
1395 2992 1571 3061 moveatur).

148 3060 252 3132 quaerit
267 3061 319 3123 (dt.
336 3066 363 3115 et
378 3062 499 3133 queret)
514 3064 660 3133 quomodo
676 3065 787 3117 statuat
816 3062 935 3118 simula·
993 3065 1026 3115 itt
1042 3062 1195 3130 ru‚1srnei,
1221 3077 1302 3117 serve
1328 3079 1432 3132 meus3

186 3148 281 3197 crum,
298 3134 375 3202 quiid
394 3149 451 3187 non
469 3139 628 3189 moveatur.
1027 3134 1127 3201 iacob,
1143 3149 1230 3204 quem
1246 3132 1331 3205 elegi,

114 3201 252 3272 Nunquid
268 3220 324 3258 non
340 3203 422 3259 scitis
436 3202 491 3273 (nt.
509 3204 641 3274 scietis)?
1028 3222 1127 3261 semen
1143 3204 1289 3261 Abraham
1307 3205 1393 3260 amici
1410 3204 1465 3260 mei
1483 3221 1490 3259 ι

150 3273 283 3346 nunquid
301 3291 357 3330 non
375 3275 499 3330 audistis
513 3276 567 3347 (At.
582 3276 742 3341 audietieli
1027 3277 1056 3332 in
1073 3294 1130 3349 quo
1147 3277 1325 3349 apprehendi
1343 3283 1369 3333 te
1385 3278 1420 3333 ab
1436 3275 1575 3333 extremis
1591 3281 1686 3345 terre,

149 3347 282 3416 nunquid
301 3362 358 3401 non
374 3348 579 3402 annuntiatum
596 3354 639 3403 cst
653 3349 735 3406 vobis
746 3351 782 3405 ab
800 3349 901 3406 initio?
1027 3356 1055 3404 ot
1071 3367 1087 3403 a
1102 3348 1269 3421 longinquis
1285 3351 1349 3421 ejus
1364 3349 1461 3405 vocari
1478 3354 1515 3421 ie,

151 3417 285 3490 nunquid
302 3434 359 3473 non
375 3417 561 3474 intellexistis
574 3420 764 3477 fundamenta
778 3422 883 3477 terrosi
1027 3426 1055 3475 et
1070 3421 1129 3475 diri
1143 3420 1195 3475 tibi
1213 3437 1219 3475 :

117 3488 172 3554 Oui
187 3490 268 3544 sedet
281 3505 370 3560 super
384 3505 487 3562 gyrum
504 3496 598 3555 terres,
991 3491 1098 3548 Servus
1115 3509 1197 3548 ineas
1212 3509 1244 3547 es
1259 3497 1301 3561 tu,

148 3563 177 3616 et
191 3558 372 3618 habitatores
387 3565 451 3632 ejus
467 3566 537 3617 sunt
551 3561 637 3632 quasi
653 3561 791 3619 iocustae:
1026 3565 1098 3635 elegi
1114 3568 1154 3630 te,
1170 3570 1198 3619 et
1213 3580 1269 3619 non
1286 3561 1378 3632 abjeci
1395 3570 1431 3618 te.

114 3630 168 3696 Qui
184 3632 313 3688 extendit
326 3632 404 3689 velut
420 3632 547 3688 nihilum
561 3632 660 3698 corios,
990 3633 1030 3690 No
1046 3638 1163 3702 timeas,
1178 3636 1247 3707 quia
1262 3639 1357 3690 iesum
1375 3650 1439 3688 sum
1456 3648 1509 3705 ego
1527 3650 1534 3689 ι

149 3708 177 3761 et
191 3703 333 3777 expandit
348 3723 397 3763 eos
414 3706 489 3762 siout
504 3705 727 3763 tabernaculum
756 3706 792 3763 ad
817 3707 935 3765 inhabi-
1027 3726 1061 3764 ne
1077 3707 1216 3775 declines,
1230 3706 1299 3778 quia
1314 3723 1366 3779 ego
1383 3705 1459 3761 Deus
1475 3710 1545 3762 tous
1562 3721 1569 3762 :

185 3778 318 3832 tandum.
1028 3780 1188 3836 eoniortavi
1204 3785 1241 3849 te,
1255 3783 1283 3833 et
1297 3776 1454 3833 auxiliatus
1470 3793 1536 3832 sum
1553 3779 1610 3845 tui,

110 3845 163 3912 Oui
180 3846 230 3903 dat
245 3852 422 3905 secretorum
438 3851 617 3904 scrutatores
633 3848 715 3917 quasi
733 3867 791 3907 non
804 3850 875 3918 sint,
1025 3861 1053 3907 et
1068 3850 1199 3922 suscepit
1215 3858 1241 3906 te
1254 3850 1372 3905 dextera
1384 3848 1456 3919 justi
1474 3849 1545 3906 mei.

143 3920 261 3989 judiees
275 3927 358 3976 terre
374 3918 453 3976 velut
467 3919 553 3975 inane
571 3921 657 3976 iecit:
989 3927 1060 3983 Eece
1076 3923 1293 3978 contundentur
1307 3926 1336 3978 et
1351 3921 1525 3977 erubescent
1552 3936 1668 3991 omnes,
1684 3920 1731 3995 qui
1752 3933 1789 3993 pa·

112 3991 145 4046 iit
160 3992 280 4062 quidem
296 4008 389 4063 neque
406 3990 566 4062 plantatus,
583 4008 676 4063 neque
689 3998 782 4061 satus,
1060 3998 1151 4067 gnant
1168 3995 1323 4050 adversum
1338 3997 1368 4049 te
1384 4009 1391 4048 ε

150 4079 243 4133 neque
258 4064 407 4119 radicatus
422 4063 452 4119 in
468 4069 544 4120 terra
560 4070 682 4121 truncus
697 4082 818 4123 eoram:
1025 4072 1111 4122 erunt
1128 4066 1212 4138 quasi
1230 4082 1287 4121 non
1304 4063 1374 4133 sint,

112 4133 240 4205 Repente
258 4135 337 4191 tlavit
352 4135 381 4190 in
399 4151 459 4199 eos,
475 4142 504 4192 et
519 4142 670 4203 aruerunt,
1024 4145 1053 4195 et
1068 4139 1206 4212 peribunt
1219 4137 1281 4205 riri,
1292 4137 1343 4208 qrri
1356 4135 1565 4193 contradicunt
1581 4136 1636 4193 tibi

143 4212 172 4262 et
188 4207 275 4262 turbo
291 4207 375 4279 quasi
392 4208 532 4278 stipulam
545 4209 656 4265 auteret
671 4225 731 4269 cos.
988 4214 1104 4280 Queres
1120 4226 1180 4278 eos,
1197 4216 1226 4266 et
1242 4226 1297 4266 non
1314 4207 1478 4276 inveniens,
1494 4210 1573 4264 viros
1596 4208 1721 4266 rebelles
1743 4212 1792 4264 tuot

112 4277 146 4334 Ei
162 4279 208 4333 oui
224 4277 412 4335 assimilastis
428 4296 485 4347 me,
828 4330 831 4335 .
1060 4282 1114 4354 (rt.
1131 4282 1184 4336 viri
1202 4282 1255 4352 tui)
1271 4297 1278 4336 τ

148 4355 176 4404 et
187 4350 374 4423 adaquatis?
390 4351 462 4407 dicit
477 4357 608 4406 sanctus.
947 4380 973 4444 D
1025 4358 1112 4409 erunt
1128 4354 1211 4424 quasi
1229 4370 1284 4408 non
1306 4351 1383 4420 sint3

110 4421 214 4478 levate
227 4422 257 4478 in
273 4425 420 4479 excelsum
437 4421 537 4479 ocutos
551 4429 674 4487 vestros,
782 4479 786 4485 ,
1023 4431 1052 4480 et
1067 4424 1154 4480 veluti
1175 4424 1362 4497 consumptio
1374 4425 1394 4494 ¹,
1424 4423 1561 4482 homines
1590 4427 1732 4485 bellantes
1755 4421 1790 4480 sd·

146 4498 176 4549 et
191 4494 287 4549 videte
303 4496 352 4566 qui
369 4494 477 4551 creavit
493 4494 553 4549 hee
569 4512 576 4561 ;
1023 4512 1139 4553 versum
1157 4502 1193 4554 to.

110 4564 164 4630 Qui
179 4565 278 4621 educit
292 4565 320 4621 in
337 4584 459 4623 numero
477 4564 609 4622 mititiam
625 4582 738 4633 eorum,
987 4569 1061 4635 Ouia
1071 4585 1123 4641 ego
1134 4566 1278 4624 Dominus
1290 4571 1364 4624 Deus
1375 4572 1443 4624 tuus
1454 4568 1683 4641 apprehendens
1693 4579 1790 4628 monum

146 4640 175 4690 et
190 4652 292 4690 omncs
307 4654 341 4692 ex
357 4640 476 4695 nomine
491 4644 573 4693 vocat
589 4654 595 4691 :
1059 4647 1151 4707 tuam,

111 4711 170 4761 Prae
187 4705 374 4765 multitudine
399 4708 581 4766 tortitudinis
604 4713 633 4764 et
658 4708 783 4779 roboris,
804 4709 935 4769 virtutis·
1025 4713 1183 4782 dicensque
1198 4710 1274 4766 tibi:

183 4779 329 4849 queejus,
988 4784 1159 4843 Netimees.

145 4864 238 4919 neque
254 4865 345 4904 unum
363 4849 510 4923 reliquum
529 4851 593 4906 tuit.
1024 4874 1077 4941 ego
1093 4852 1192 4927 adjuvi
1205 4856 1242 4921 te,

108 4917 202 4981 Quare
217 4919 302 4985 dicis,
318 4919 419 4984 Jacob,
436 4926 465 4978 et
481 4920 621 4992 loqueris,
638 4921 726 4978 isreel
743 4939 750 4979 :
988 4928 1052 4986 Noli
1069 4929 1183 4995 timere,
1200 4923 1307 4981 vermis
1322 4923 1422 4993 Jacob,

143 4991 325 5047 abscondita
339 4998 385 5047 est
397 4992 445 5048 via
462 5010 527 5048 moa
543 5012 559 5048 a
575 4993 710 5064 Domino,
1059 5001 1109 5072 qui
1127 4997 1235 5057 mortui
1252 4995 1323 5052 estis
1338 5013 1373 5052 ex
1385 4997 1484 5053 lsrael.

144 5066 173 5119 et
182 5079 200 5146 ιι
213 5064 268 5146 Deo
280 5079 345 5119 meo
352 5063 500 5135 judicium
514 5080 611 5121 meum
623 5064 822 5138 transivittil.
835 5070 933 5123 trans·
987 5072 1046 5143 Ego
1064 5073 1223 5127 auxiliatus
1239 5085 1304 5124 sum
1321 5067 1375 5137 tui,
1391 5068 1463 5125 dicit
1478 5071 1623 5129 Dominus
1636 5089 1643 5128 ι
1655 5076 1685 5131 et
1697 5071 1788 5129 rodem·

180 5135 264 5192 ibit?
1024 5147 1089 5211 pior
1106 5149 1177 5200 tuus
1193 5146 1314 5197 sanctus
1328 5140 1428 5196 lsrael.

109 5204 247 5278 Nunquid
264 5204 371 5273 neseis,
386 5209 438 5261 aut
454 5221 513 5261 non
529 5204 662 5263 audisti?
987 5215 1044 5282 Ego
1061 5214 1145 5341 goeni
1162 5218 1189 5269 te
1205 5213 1288 5284 quasi
1307 5211 1472 5282 plaustrum
1488 5211 1634 5274 triturans
1650 5231 1761 5285 novum,

143 5277 221 5335 Deus
236 5277 435 5350 sempiternus
451 5275 605 5349 Dominus,
1023 5284 1060 5339 ha
1083 5303 1136 5341 ens
1152 5290 1246 5342 rostra
1260 5285 1416 5340 serrantia.

142 5352 193 5423 qui
208 5351 318 5410 creavit
332 5348 478 5407 terminos
492 5353 585 5419 terre,
986 5355 1153 5414 Triturobis
1169 5360 1294 5425 montes,
1311 5361 1340 5412 et
1354 5355 1536 5413 comminues
1552 5374 1559 5414 ε

137 5566 155 5650 ᾗ
176 5567 361 5639 Exemplario
383 5563 679 5650 Canonisuilebrairss
702 5565 835 5624 veritatis
864 5584 931 5625 oum
987 5571 1037 5628 sed
1054 5586 1136 5627 error
1150 5575 1194 5628 est
1208 5570 1435 5644 exscriptorum,
1453 5571 1495 5628 uti
1514 5573 1740 5634 menitestomo
1759 5588 1801 5649 pt·

106 5633 174 5691 alne
184 5640 396 5699 vetustioribus
406 5656 479 5698 mss.
491 5637 713 5695 Drblrorumhoc
723 5637 932 5713 modolegunt:
988 5648 1154 5700 retetextu
1182 5644 1334 5715 Hebraico,
1350 5649 1440 5717 atque
1468 5661 1503 5701 ex
1530 5644 1705 5722 Hieronymi
1751 5662 1804 5705 om·

103 5705 137 5766 Et
150 5708 239 5768 aelati
252 5714 425 5789 consumptio
440 5711 562 5773 nminat
574 5708 705 5770 tolmatio
718 5709 867 5770 murorum
890 5720 931 5783 tc;
988 5714 1152 5776 mortariis.
1169 5714 1264 5773 Mese.
