3870 6120
1 231 2 236 =
114 186 167 248 ὧι
646 198 676 249 Β.
696 194 901 249 HOERONYMI
919 193 1047 246 ntvrrta
1065 190 1313 247 erebro'rflttcs.
1618 146 1623 159 Ι
1769 186 1812 245 ffl

116 389 139 454 0
173 314 942 443 dedSgbnamprepositumtempli,etdiecsad'eum:
958 319 986 386 Α
1002 312 1399 386 Quiscogitavithccsuper
1429 312 1547 385 'lyram
1578 309 1731 385 quondam
1751 326 1815 369 aaa·

143 385 170 444 ni
206 393 238 444 tu
275 387 323 455 io;
1075 394 1187 441 natam.

154 465 205 516 aut
219 458 305 531 quasi
318 456 386 527 quis
403 456 473 513 hiel
1034 459 1120 527 cujus
1138 456 1334 530 negotiatores
1349 454 1511 527 principes,

152 531 223 603 quia
236 529 370 585 excidisti
387 528 441 584 tibi
457 530 504 585 bic
520 531 721 603 sepulchrum,
1034 529 1186 585 institores
1201 544 1266 597 epus
1282 526 1383 600 inclyti
1400 528 1509 584 terre?

152 601 284 659 excidisti
300 602 329 655 iu
346 602 460 657 excelso
477 605 649 661 memoriam
664 604 833 676 diiigenter,
998 602 1140 657 Dominus
1158 600 1340 656 exercituum
1356 599 1496 672 cogitavit
1511 599 1582 667 hoe,

154 676 184 729 in
199 677 283 747 patra
296 672 523 730 tabernaculum
538 677 601 731 tibi.
1035 678 1067 729 ut
1082 672 1249 728 detraheret
1264 670 1433 743 superbiam
1448 672 1550 728 omnis
1565 669 1682 743 gloria.

118 747 191 803 Eece
206 745 348 801 Dominus
364 747 508 817 asportari
525 752 553 802 te
568 746 664 813 faciet,
1034 754 1061 800 et
1080 746 1115 799 ad
1144 743 1340 817 ignominiam
1364 742 1523 800 deduceret
1538 742 1697 800 universes
1709 739 1807 815 inclytat

153 817 231 875 sieut
246 821 417 889 asportatur
430 817 526 890 gallus
539 819 731 891 gallinaceus,
1070 822 1164 872 tarrae.

153 894 182 946 et
197 890 283 962 quasi
298 889 440 945 amictum
457 890 500 945 sic
515 890 682 946 sublevabit
695 896 733 946 to.
997 888 1100 943 Transi
1116 894 1223 943 terram
1240 888 1323 942 trram
1338 886 1423 956 quasi
1437 885 1562 957 flumen,
1578 884 1644 943 fllia
1658 885 1754 957 maris,

118 963 268 1019 Coronaus
282 959 436 1017 coronabit
451 966 478 1015 te
491 960 690 1028 tribulatione,
1036 977 1093 1016 nou
1111 963 1156 1014 est
1170 956 1323 1029 cingulum
1341 957 1417 1015 ultra
1428 956 1492 1014 tibi.

117 1035 202 1107 quasi
230 1033 318 1105 pilam
348 1033 656 1089 mittetteinterram
686 1030 945 1104 latametspatio·
999 1031 1472 1104 blanurnsuamextenditsupra
1486 1045 1580 1101 mare,

188 1120 252 1161 sam
266 1120 275 1173 3
1036 1102 1222 1160 conturbavit
1239 1118 1329 1174 regua
1343 1118 1352 1159 ι

151 1176 194 1232 ibi
210 1174 356 1242 morieris,
373 1179 402 1231 et
414 1174 454 1231 ibi
471 1176 526 1232 erit
542 1192 646 1232 currus
661 1175 842 1250 gloriejtua,
1001 1176 1145 1232 Dominus
1159 1173 1309 1229 mandarit
1323 1174 1465 1230 adversus
1479 1172 1634 1244 Chanaan,

118 1246 573 1392 lrttttttttttttttttt
589 1250 641 1303 ‘¹¹¹'
1001 1245 1595 1391 nlttlttt‘tlttlttttttt‘⁰¹³²²

574 1361 581 1387 f
1491 1360 1499 1386 f

154 1397 183 1448 et
196 1394 231 1447 de
244 1390 408 1447 ministerio
423 1396 473 1447 tuo
489 1392 633 1463 deponam
648 1396 686 1447 te.
1037 1390 1215 1447 calumniam
1231 1389 1382 1445 sustinens
1396 1388 1476 1460 virgo
1487 1387 1550 1445 fllia
1562 1387 1682 1446 Sidonis
1697 1405 1705 1444 ι

119 1463 153 1518 Ει
166 1464 223 1521 erit
237 1462 268 1518 in
284 1462 331 1519 die
343 1479 350 1517 :
361 1462 601 1520 Vocaboservum
610 1479 708 1519 meum
719 1462 840 1520 Eliacim
851 1461 945 1518 fllium
1037 1463 1066 1517 in
1082 1462 1196 1518 Cethim
1212 1476 1395 1533 consurgens
1411 1460 1578 1531 transfreta,

190 1533 308 1599 Heleia,
1037 1534 1077 1589 ibi
1097 1550 1215 1605 quoque
1230 1549 1288 1587 non
1305 1534 1362 1589 erit
1377 1533 1493 1606 requies
1507 1532 1573 1589 tibi.

153 1611 183 1664 et
197 1606 320 1662 induem
335 1603 420 1662 illum
435 1606 537 1662 tunica
551 1612 611 1673 tua,
1001 1610 1074 1665 Ecce
1089 1610 1166 1661 terra
1180 1603 1379 1660 chaldeorum

154 1684 184 1735 et
197 1675 318 1752 cingulo
333 1685 384 1734 tuo
399 1677 571 1733 confortabo
586 1693 665 1745 eum,
962 1694 985 1760 Β
1038 1677 1105 1733 talis
1122 1675 1247 1748 populus
1263 1693 1321 1732 nou
1337 1675 1402 1745 tuit,

153 1755 182 1807 et
195 1754 371 1823 potestatem
389 1754 470 1804 tuam
486 1749 561 1805 dabo
578 1750 606 1805 in
624 1765 714 1806 manu
730 1751 795 1821 ejus
813 1767 819 1806 :
1038 1758 1132 1806 Assur
1151 1748 1281 1804 fundavit
1296 1764 1371 1817 eam,

153 1826 183 1879 ei
196 1822 253 1880 erit
268 1821 351 1895 quasi
368 1825 449 1894 pater
464 1821 668 1878 habitantibus
682 1820 857 1888 Jerusalem,
1038 1822 1067 1877 in
1081 1820 1278 1891 captivitatem
1294 1820 1488 1876 traduxerunt
1499 1816 1640 1876 robustos
1653 1819 1725 1891 ejus,

154 1900 184 1951 ct
198 1894 299 1950 domni
311 1893 396 1949 luda.
1038 1894 1224 1949 sulloderunt
1237 1892 1341 1947 domos
1355 1893 1431 1962 ejus,

119 1967 235 2023 Etdabo
246 1966 355 2021 clavem
368 1966 473 2019 domus
491 1965 577 2020 David
592 1980 682 2036 super
697 1964 853 2021 humerum
871 1964 948 2036 ejus,
1038 1970 1200 2038 posuerunt
1214 1980 1277 2019 eam
1288 1963 1318 2019 in
1335 1963 1462 2020 ruinam.

154 2042 214 2094 eta
236 2036 318 2103 erict,
335 2042 363 2091 et
380 2052 437 2090 non
453 2036 508 2092 erit
521 2036 571 2109 qui
587 2036 705 2092 claudat
721 2054 728 2092 :
1004 2041 1130 2102 Ulutate,
1148 2052 1235 2092 naves
1251 2035 1350 2105 maris,

156 2114 185 2165 at
198 2055 325 2175 cfaudet,
342 2115 368 2162 et
384 2124 442 2163 non
459 2108 515 2163 erit
528 2107 579 2191 qui
594 2108 718 2180 aperiat.
1039 2110 1108 2183 quia
1123 2109 1275 2164 devastata
1294 2114 1339 2164 est
1354 2104 1495 2163 fortitudo
1509 2109 1619 2162 vestra.

121 2181 258 2252 strigam
273 2177 357 2235 illum
374 2178 516 2251 paxillum
532 2196 560 2234 ιιι
577 2179 640 2235 loco
655 2178 745 2245 fideli,
1004 2184 1037 2239 [tt
1051 2182 1107 2237 erit
1122 2181 1151 2235 in
1168 2181 1214 2234 dic
1229 2178 1280 2235 illa
1296 2197 1303 2235 :

156 2256 185 2308 et
195 2251 251 2308 erit
260 2251 290 2306 in
303 2250 408 2307 solium
418 2251 516 2323 glorie
532 2252 633 2307 domui
650 2250 785 2324 patrislrl
796 2249 949 2324 llsoliodo·
1038 2257 1070 2310 ln
1087 2250 1232 2308 oblivione
1243 2251 1312 2319 eris,
1327 2265 1344 2305 o
1359 2249 1444 2319 Tyra,
1460 2246 1649 2320 septuaginta
1662 2248 1754 2316 anuis,

193 2339 261 2380 mus
275 2322 379 2396 patris)
391 2323 449 2378 sui.
1039 2327 1116 2381 sicut
1130 2325 1192 2380 dies
1208 2324 1285 2394 regis
1302 2321 1390 2378 unius
1406 2336 1413 2375 :

121 2393 157 2451 ut
170 2397 354 2467 suspendent
369 2409 458 2467 super
469 2408 536 2450 eum
555 2410 672 2450 omnem
696 2393 819 2466 gloriam
844 2394 948 2449 doinus
1004 2398 1072 2455 Post
1086 2395 1275 2466 septuaginta
1288 2398 1386 2450 autern
1402 2407 1496 2448 annos

191 2467 284 2539 patris
298 2468 374 2593 ejus,
1040 2468 1096 2525 erit
1110 2469 1185 2540 Tyro
1201 2466 1286 2537 quasi
1303 2463 1450 2522 canticum
1467 2462 1641 2520 meretricis.

154 2553 293 2596 vesorum
330 2538 425 2593 iverat
438 2552 555 2609 genero,
1004 2543 1091 2597 Sume
1103 2539 1255 2606 citharam,
1271 2537 1362 2594 circui
1376 2536 1535 2604 ciuitatem,

157 2625 244 2667 omne
260 2626 311 2667 vas
328 2610 496 2682 parvulum,
1039 2612 1176 2668 meretrix
1191 2610 1331 2666 oblivioni
1345 2608 1454 2664 tradita
1469 2623 1476 2664 :

157 2683 259 2738 avasis
268 2686 448 2738 craterarum
461 2680 747 2752 usqueadomneras
758 2680 948 2739 musicorum.
1039 2685 1113 2740 bene
1127 2698 1209 2752 cane,

122 2754 155 2810 ln
171 2755 219 2811 die
235 2752 286 2809 illa
300 2754 371 2809 dicit
387 2754 529 2809 hominus
543 2754 722 2810 exercituum
742 2770 748 2809 :
1040 2758 1194 2826 frequenta
1209 2751 1370 2816 canticum,
1385 2758 1416 2807 ut
1433 2748 1631 2807 memoriatul
1644 2749 1693 2807 sit.

122 2825 285 2883 Auferetur
300 2824 438 2898 paxillus,
454 2826 504 2896 qui
521 2826 597 2881 fixus
613 2826 708 2881 lueret
723 2825 751 2881 in
768 2824 831 2881 loco
848 2823 925 2880 fideli
942 2838 949 2879 ε
1004 2828 1037 2883 Et
1052 2827 1106 2882 erit
1122 2832 1188 2897 post
1204 2824 1394 2894 septuaginta
1409 2838 1523 2879 annos:

156 2902 185 2954 et
201 2897 365 2970 frangetur,
380 2902 409 2953 et
424 2899 518 2966 cadet,
1005 2898 1141 2955 visitabit
1158 2898 1298 2953 [torrriuus
1311 2897 1431 2968 Tyrum,

154 2975 184 3026 et
197 2971 308 3054 peribit
323 2970 401 3041 qued
418 2968 596 3042 pependerat
610 2968 638 3024 in
655 2985 699 3036 eo,
1038 2976 1067 3027 et
1082 2971 1200 3026 reducet
1216 2985 1280 3025 eam
1298 2968 1333 3023 ad
1349 2965 1498 3022 mercedes
1511 2966 1600 3020 ειιιιιΙ
1615 2981 1622 3020 :

157 3057 228 3115 qura
244 3041 390 3099 Dominus
406 3039 523 3096 locutus
538 3045 592 3096 est.
963 3062 985 3130 C
1005 3047 1037 3098 ιιι
1053 3058 1169 3099 rursum
1188 3038 1379 3096 fornicabitur
1394 3054 1461 3094 cum
1476 3035 1804 3109 universisreguisterrc,

1041 3112 1359 3186 superlucieurterre.
1787 3175 1792 3187 ι
1841 3146 1843 3173 ,

424 3191 519 3248 ONUS
548 3192 643 3248 l'l'lll.
1004 3187 1038 3242 Et
1053 3189 1139 3313 erssum
1154 3183 1313 3312 uolgotiatio
1328 3182 1403 3254 ejus,
1420 3184 1449 3237 et
1476 3179 1628 3237 mercedes
1642 3180 1706 3253 ejus
1719 3182 1803 3236 sauct-
1840 3176 1843 3189 '

1096 3261 1179 3325 cate,
1208 3255 1306 3312 onrino
1329 3271 1336 3311 ι

155 3324 231 3397 (Cap.
248 3324 364 3395 xxiii.)
382 3324 507 3390 Ululate,
524 3342 613 3381 naves
629 3324 719 3381 maris
736 3344 742 3381 :
1038 3345 1096 3386 non
1113 3328 1296 3395 oonrlendur,
1312 3340 1364 3381 nec
1379 3326 1561 3397 reponentur

154 3398 224 3470 quia
248 3400 364 3452 vastata
379 3403 425 3453 est
440 3399 556 3463 domus,
575 3396 652 3452 unde
667 3397 766 3453 uenire
790 3414 946 3455 consueve-
1002 3401 1075 3468 Quia
1090 3400 1148 3466 his,
1164 3399 1214 3472 qui
1229 3396 1425 3455 habitaverint
1440 3411 1537 3451 eoram
1553 3395 1690 3460 Douriuo,
1705 3394 1801 3451 eritne·

191 3473 258 3524 rant
274 3484 281 3523 :
1072 3472 1193 3544 gotiatio
1209 3472 1285 3542 ejus,
1303 3473 1335 3525 ut
1346 3469 1526 3524 manducent
1541 3467 1569 3523 in
1587 3468 1770 3534 saturitatem,

155 3538 190 3596 de
205 3545 283 3595 terra
298 3538 412 3595 (iethim
430 3539 587 3595 revelatum
614 3539 668 3609 (ιι.
680 3538 816 3614 revelata)
830 3545 876 3597 est
890 3542 944 3598 eis.
1036 3548 1065 3599 et
1080 3545 1243 3600 vestiantur
1258 3559 1292 3598 us
1317 3557 1352 3597 ue
1366 3541 1403 3597 ad
1418 3544 1607 3596 vetustatem.

117 3612 224 3669 'facete
237 3612 292 3693 qui¹
304 3610 446 3695 habitatis
459 3610 489 3665 in
506 3609 604 3667 insula
622 3627 630 3670 t
1000 3614 1077 3688 (Cap.
1095 3616 1205 3687 xxiv.)
1218 3614 1290 3671 ltoee
1330 3614 1448 3670 ominus
1475 3611 1637 3684 dissipabit
1664 3616 1766 3675 terram,
1777 3606 1796 3661 rt

119 3682 646 3838 'l'rlrlrirgs‘l'ieirtalr‘r'ttessmrggise'repiaverunt
656 3757 683 3809 te
693 3753 721 3810 in
733 3755 818 3828 aquis
831 3754 942 3813 multis.
1035 3687 1306 3830 etqqfqiagqrtrssacqghl
1322 3756 1397 3827 ejus.

154 3827 257 3882 Semen
273 3824 342 3891 erl,
359 3841 464 3881 messis
480 3824 610 3881 fluminis
625 3825 723 3899 fruges
738 3830 814 3899 ejus.
1034 3835 1063 3885 et
1078 3831 1226 3903 disperget
1237 3829 1415 3884 habitatores
1428 3826 1503 3896 ejus.

154 3901 183 3954 et
197 3896 276 3954 facta
290 3901 335 3954 est
348 3897 508 3970 negotiatio
522 3895 665 3970 gentium.
998 3901 1033 3956 Et
1048 3901 1103 3956 erit
1115 3904 1193 3957 sicut
1207 3901 1345 3973 populus,
1361 3899 1404 3953 sic
1420 3897 1558 3953 sacerdos
1575 3913 1581 3954 :

117 3968 272 4035 llrubesce,
287 3970 377 4026 Sidon
394 3987 401 4026 :
1033 3978 1062 4027 ct
1077 3973 1154 4030 sieut
1170 3989 1281 4037 servus,
1299 3974 1340 4027 sic
1352 3972 1491 4026 domiuus
1506 3968 1572 4040 ejus
1588 3986 1596 4025 ε

153 4043 194 4098 ιιι
208 4043 286 4098 eninr
304 4057 383 4097 mare
398 4039 539 4096 fortitudo
555 4040 655 4112 uraris,
670 4040 770 4098 dicens
787 4058 794 4097 :
998 4043 1075 4100 sicut
1089 4044 1206 4111 ancilla,
1222 4044 1263 4100 sic
1279 4043 1398 4099 domina
1412 4043 1477 4113 ejus
1494 4055 1501 4096 :

115 4115 178 4171 Non
194 4113 347 4185 parturivi,
364 4117 392 4168 et
409 4129 464 4167 non
483 4112 593 4184 peperi,
1034 4117 1111 4172 sicut
1125 4133 1236 4183 emens,
1253 4116 1295 4172 sic
1311 4114 1360 4170 illa
1371 4114 1421 4187 qui
1436 4111 1536 4168 vendit
1552 4128 1559 4168 :

151 4190 180 4240 et
195 4202 252 4241 non
269 4184 394 4241 enutrivi
411 4185 543 4255 juvenes,
1032 4187 1110 4244 sicut
1125 4190 1280 4253 fenerator,
1297 4188 1340 4243 sic
1356 4188 1381 4243 is
1397 4186 1445 4258 qui
1463 4188 1601 4239 mutuum
1614 4179 1734 4255 accipit:

151 4273 204 4312 nec
220 4257 254 4313 ad
272 4257 485 4313 incrementum
503 4254 625 4327 perduxi
641 4255 780 4328 virgines.
1033 4261 1110 4315 sicut
1124 4260 1173 4331 qui
1189 4261 1304 4330 repetit,
1320 4259 1363 4313 sic
1379 4258 1428 4330 qui
1444 4256 1541 4313 debet.

116 4327 188 4384 Cum
205 4330 340 4385 auditum
357 4330 439 4385 luerit
456 4330 484 4383 in
500 4328 634 4400 AEgypto,
996 4331 1193 4404 Dissipatione
1208 4329 1400 4403 dissipabitur
1415 4334 1504 4395 terra,

150 4399 292 4457 dolebunt
307 4418 373 4457 cum
390 4400 537 4458 audierint
552 4402 588 4457 de
601 4401 695 4474 Tyro;
1031 4409 1060 4459 et
1074 4404 1237 4477 direptione
1253 4402 1441 4473 praedabitur.

116 4472 251 4529 Transito
266 4474 370 4539 maria,
956 4439 979 4504 ὓ
997 4475 1137 4531 Dominus
1148 4475 1225 4531 onim
1241 4473 1357 4530 locutus
1372 4479 1417 4528 est
1432 4471 1551 4527 verbum
1568 4468 1634 4525 hoc.

154 4544 266 4602 ululate
278 4546 326 4617 qui
343 4544 484 4601 habitatis
499 4543 528 4599 in
544 4542 640 4600 insula
658 4560 664 4600 :
998 4548 1090 4609 Lusit.
1107 4553 1136 4602 et
1151 4547 1270 4602 defluxit
1286 4552 1373 4612 terra,
1389 4550 1417 4601 et
1432 4543 1582 4599 infirmata
1595 4546 1661 4598 est:

117 4617 266 4689 Numquid
283 4633 340 4672 non
358 4615 417 4671 hee
432 4620 528 4671 vestra
543 4620 598 4680 est,
1032 4619 1152 4676 defluxit
1166 4619 1257 4681 orbis,

150 4706 213 4761 quta
229 4687 437 4757 gloriabatura
453 4686 556 4741 diebus
572 4686 706 4758 pristinis
721 4687 749 4742 in
766 4687 942 4759 antiquitate
1033 4695 1182 4747 infirmata
1197 4696 1242 4746 est
1254 4688 1380 4744 altitudo
1395 4685 1494 4758 populi
1510 4691 1603 4742 terra.

185 4758 265 4815 sua?
952 4788 955 4795 ·
995 4762 1027 4816 lu
1045 4770 1122 4820 terra
1136 4762 1288 4818 interfecta
1303 4761 1314 4795 ²
1329 4764 1375 4816 est
1389 4762 1426 4815 ab
1441 4757 1656 4813 habitatoribus
1669 4755 1727 4812 suis
1742 4767 1748 4806 ι

149 4832 258 4886 ducent
281 4842 345 4882 eam
362 4828 450 4898 podes
466 4828 512 4883 sni
527 4827 613 4899 longe
628 4830 663 4885 ad
681 4830 939 4903 peregrinandum.
1031 4837 1100 4906 quia
1116 4833 1290 4907 transgressi
1306 4835 1378 4888 sunt
1391 4831 1471 4902 leges
1486 4830 1539 4901 tlt.
1557 4829 1675 4901 legem),

148 5041 327 5107 1ιιίιιιιιιι
355 5038 434 5095 infra
463 5054 564 5095 rnercrr
589 5057 642 5112 pro
671 5041 794 5099 mercede
821 5039 893 5113 legit
907 5044 939 5101 S·
992 5046 1035 5103 rio
1050 5048 1077 5102 S.
1094 5046 1157 5118 ipse
1172 5047 1327 5118 interpres.
1343 5043 1481 5100 llebreas
1496 5045 1595 5099 tamen
1611 5041 1700 5100 habet
1721 5047 1796 5103 ambr

110 5117 194 5174 Pater
214 5114 243 5168 in
268 5115 444 5193 Commeat,
460 5110 579 5166 tametsi
604 5118 760 5185 corruptus
784 5112 866 5170 locus
890 5115 941 5173 ille
991 5119 1068 5190 quod
1083 5118 1204 5174 verbum
1220 5117 1515 5185 occultareohlrecre,
1531 5115 1593 5170 sive
1607 5112 1730 5171 interius
1744 5108 1799 5165 iulo

110 5183 393 5265 Victoriocredttutn·
476 5252 481 5261 ,
610 5254 615 5265 ⁶
739 5254 744 5265 ‚
990 5186 1718 5261 etnmaliqnorirtoease,significat.Usurpatur
1739 5194 1801 5255 sept

146 5262 156 5297 ¹
173 5262 216 5316 lta
230 5274 301 5313 msa.
319 5254 385 5310 lrbrr
401 5252 431 5307 S.
447 5256 616 5325 Hieronymi
642 5271 675 5311 ac
699 5255 771 5310 editi
795 5254 884 5311 etiam
907 5256 936 5313 iu
990 5260 1060 5317 alibi
1076 5264 1112 5316 de
1127 5267 1214 5328 terra,
1227 5261 1276 5318 ubi
1290 5276 1395 5316 sensus
1410 5260 1545 5330 estquod
1557 5259 1686 5316 effusum
1697 5252 1803 5329 sangui·

107 5327 525 5390 Commentariisllanovero
544 5324 697 5381 lectionem
727 5327 798 5382 sutis
826 5328 938 5386 indicat
990 5332 1521 5405 nem‘tegut,atqueinsepeccatum
1550 5331 1705 5403 suscipiat,
1722 5328 1804 5401 hypo·

108 5406 233 5477 ipsemet
257 5404 379 5458 sanetus
394 5397 512 5461 ὓῡθῑῠι.
527 5411 595 5453 cum
611 5398 673 5452 ait:
700 5420 713 5447 a
728 5398 762 5454 tlt
778 5399 807 5454 iu
825 5416 936 5457 morem
989 5404 1056 5461 crisi
1071 5405 1198 5476 quadarn
1222 5405 1341 5468 intecta,
1358 5403 1435 5474 quod
1464 5402 1562 5459 scelus
1590 5401 1771 5467 dissimulet,
1784 5402 1808 5455 el

11 5476 15 5483 '
107 5473 264 5548 sanguinis
292 5470 363 5528 Abel
388 5470 608 5526 interfectorum
626 5484 758 5526 cruorem
783 5471 818 5526 ad
845 5475 936 5529 Deum
988 5478 1061 5534 ferat
1076 5475 1267 5533 nihilosecius
1282 5476 1425 5548 peccatori
1439 5475 1561 5531 fructus.
1575 5474 1637 5531 viu.
1653 5478 1760 5531 Genea.
1775 5488 1809 5541 rr,

106 5547 233 5605 clamare
262 5546 404 5601 fecerunt.
422 5540 569 5597 »Videais
597 5539 679 5611 plura
706 5539 760 5598 lib.
776 5558 826 5599 rrrr
849 5542 936 5601 con·
990 5550 1039 5614 ll;
1069 5548 1155 5604 Num.
1185 5565 1268 5604 xxxv.
1298 5547 1357 5613 33;
1383 5546 1438 5603 tob
1464 5562 1521 5617 xva,
1553 5548 1596 5615 18,
1622 5550 1654 5603 et
1681 5562 1730 5613 xx,
1757 5544 1809 5612 am

107 5622 232 5685 menter,
248 5616 279 5672 in
296 5615 413 5673 lsaiam.
425 5618 521 5697 sarar..
830 5685 836 5697 ι
986 5622 1090 5676 terrm.
1107 5637 1149 5685 ru,
1168 5622 1180 5676 l
1197 5628 1227 5676 et
1239 5622 1267 5686 2,
1283 5623 1372 5690 atque
1387 5618 1457 5674 alibi
1474 5634 1482 5676 z
1507 5618 1618 5690 quibus
1631 5616 1811 5675 testimoniis

106 5720 141 5732 -
154 5688 286 5761 Vulgati‚
303 5690 403 5759 infectu
417 5694 466 5743 ιιι.
482 5685 605 5741 Videtur
632 5688 730 5741 autem
753 5690 931 5757 Martrauao,
986 5692 1117 5763 Vulgata
1134 5691 1228 5764 lectio,
1244 5693 1357 5761 infecto,
1372 5690 1470 5763 potius
1492 5690 1647 5759 asseritur,
1664 5690 1810 5765 nobisque

106 5761 283 5835 impressam
299 5757 454 5817 lectionem
470 5757 612 5833 probasse
627 5758 721 5831 magis
737 5758 767 5816 in
780 5772 932 5817 commen·
985 5762 1079 5840 nragis
1091 5761 1211 5823 arridet.
