3870 6120
31 258 35 272 ·
127 230 199 289 12⁴3
647 233 676 287 S.
697 230 901 287 HIERONYMI
917 227 1045 321 erveta
1062 226 1309 285 blandenaco.

129 357 160 414 la
172 356 282 429 justita
295 358 347 412 tua
360 370 429 411 erus
445 370 501 421 me,
518 358 546 410 et
560 354 652 410 libera
667 370 713 410 me
729 371 736 411 :
966 350 993 416 Α
1043 349 1249 408 tribulationes
1264 350 1407 424 plurimas
1423 359 1449 409 et
1465 352 1580 412 malea:

165 430 274 484 inclina
288 430 324 482 ad
340 445 386 482 me
399 443 499 482 aurem
516 434 610 494 tuam,
626 431 655 482 et
669 426 750 482 salva
765 441 812 481 me
829 439 835 477 τ
1043 421 1066 457 ¹⁰
1080 423 1115 477 itt
1130 439 1289 479 conversus
1302 423 1464 480 vivificabis
1479 441 1542 481 nos.

127 500 197 557 lleto
223 498 295 554 mihi
320 500 475 554 robustum
504 499 717 564 habitaculum,
743 504 775 553 ut
803 496 952 569 ingrediar
1040 497 1069 548 et
1084 495 1119 548 de
1133 497 1247 567 abyssis
1262 504 1343 550 terras
1364 513 1482 552 rursum
1497 498 1605 553 educes
1620 515 1687 556 nos.

196 573 309 641 jugiter
320 572 339 624 ¹.
1005 563 1088 621 Multi
1094 566 1217 636 plicabis
1233 568 1467 637 magnitudinem
1480 584 1588 639 meam,

163 641 325 712 praecepisti
344 645 373 695 ut
390 639 520 695 salvares
535 656 582 695 me
599 657 605 695 :
1040 645 1069 691 et
1083 653 1241 694 conversus
1257 639 1458 695 consolaberis
1473 656 1528 696 me.

163 715 233 785 quia
248 720 329 783 petra
345 729 409 768 niea
423 717 451 768 et
467 712 608 768 lmtitudo
624 729 689 768 mea
701 728 731 767 es
748 712 801 768 ta²
819 727 825 766 :
1004 708 1064 779 ligo
1079 713 1178 765 autam
1194 711 1355 766 confitebor
1368 711 1419 767 tibi
1436 713 1466 766 in
1481 713 1559 769 vasis
1572 711 1706 786 psalterii

128 788 204 841 usus
220 801 314 854 merra,
332 784 412 839 salva
428 799 474 839 me
490 785 525 839 oa
540 801 630 840 manu
646 783 729 856 impii
747 800 753 838 :
1040 783 1189 836 veritatem
1206 787 1298 847 tuom,
1315 782 1392 838 usus
1408 799 1491 839 meus
1509 800 1515 837 :

163 858 198 911 de
214 873 301 912 ariana
318 856 411 926 iniqui
425 861 455 910 et
470 855 612 912 nocentis.
1040 854 1164 907 uantaho
1175 852 1215 923 (b.
1228 854 1365 925 psallam)
1375 855 1428 909 tibi
1439 856 1468 910 in
1481 855 1602 919 cithara,
1615 856 1828 914 sanctelsrael.

127 928 200 993 Quia
214 932 244 983 tu
259 945 291 983 es
306 930 485 999 exspectatio
499 943 564 982 mea
580 944 586 980 ε
1005 923 1181 979 Laudabunt
1195 925 1272 980 labia
1292 941 1357 982 mea
1380 943 1445 981 euni
1462 934 1614 982 cantavero
1629 928 1672 999 (b.
1690 928 1827 1003 psallero)

2 972 8 981 ’
79 1006 81 1011 “
163 995 949 1064 bornioebeus,bdoeiamea³abadelsscsniiamea
1076 996 1140 1057 tibi,

126 1073 147 1128 A
163 1075 192 1127 te
207 1076 388 1126 sustentatus
404 1085 470 1126 sum
486 1086 520 1125 cx
536 1075 628 1137 utero,
1038 1071 1067 1121 et
1082 1066 1180 1121 anima
1196 1083 1269 1133 mea,
1285 1084 1374 1138 quam
1390 1068 1549 1125 redemisti.

162 1144 197 1198 de
212 1147 311 1199 ventre
327 1142 430 1197 aratris
446 1158 515 1197 mea
532 1146 562 1196 tu
579 1159 610 1199 es
626 1144 772 1214 protector
787 1156 870 1197 meus
887 1158 893 1197 :
1004 1140 1128 1210 Insuper
1142 1144 1172 1193 et
1186 1136 1289 1209 lingua
1310 1156 1374 1196 mea
1388 1145 1449 1196 tota
1464 1142 1510 1199 die
1525 1140 1720 1198 meditabitur
1740 1144 1826 1214 justi·

161 1214 190 1268 in
207 1218 235 1269 te
251 1214 315 1269 laus
333 1230 396 1268 mea
407 1213 519 1285 jugiter
529 1215 549 1269 ⁸.
1074 1212 1145 1265 tium
1161 1217 1242 1265 tuam
1259 1225 1268 1266 τ

127 1285 217 1352 Quasi
232 1290 401 1357 portentum
418 1288 512 1341 tactus
527 1301 593 1341 sum
610 1282 724 1352 multis,
1039 1282 1109 1352 quia
1124 1283 1236 1337 contusi
1253 1287 1331 1353 sunt,
1343 1291 1367 1338 et
1385 1282 1568 1341 dehonestati
1581 1288 1752 1356 querentes
1766 1302 1825 1343 ma·

163 1361 237 1413 etta
253 1372 318 1428 spes
336 1373 411 1421 mea,
427 1357 586 1412 fortissime
597 1355 616 1409 ⁸.
1073 1353 1135 1408 lum
1154 1354 1235 1408 mibi.

128 1427 288 1501 Implentur
302 1444 335 1483 os
351 1444 449 1483 meum
471 1428 557 1483 lande
574 1438 622 1483 tua
638 1444 645 1482 ε
1317 1441 1458 1482 saaouoai
1473 1427 1506 1480 ¹¹.

162 1504 225 1557 tota
239 1501 286 1555 die
301 1499 504 1571 magnitudine
518 1504 580 1554 tara.
1004 1494 1136 1567 (LXXll.)
1149 1501 1236 1565 Deus,
1247 1497 1394 1566 judicium
1411 1504 1496 1553 tuum
1512 1497 1572 1570 regi
1588 1498 1637 1566 da,

126 1572 167 1629 Ne
183 1572 321 1644 projicias
336 1588 381 1627 me
398 1572 427 1625 in
443 1575 575 1642 tempore
590 1569 750 1626 senectutis
767 1585 773 1624 :
1040 1571 1069 1621 et
1080 1566 1226 1634 ‚justitium
1242 1575 1323 1623 tuam
1341 1570 1400 1624 lilio
1415 1569 1502 1641 regis.

162 1659 229 1699 cum
254 1644 392 1698 deiecerit
412 1642 468 1713 (At.
495 1642 629 1714 deluerit)
654 1642 795 1697 tortitudo
821 1656 896 1713 mea,
912 1657 948 1698 ne
1004 1637 1153 1694 iudicabit
1170 1639 1309 1711 populum
1324 1644 1409 1696 tuum
1426 1642 1456 1697 in
1468 1640 1598 1712 justitia,

199 1714 386 1787 derelinquas
401 1729 459 1778 me,
963 1720 987 1785 Β
1036 1715 1066 1764 et
1080 1725 1225 1781 pauperes
1240 1718 1307 1766 tuos
1321 1711 1487 1783 injudicio.

126 1786 199 1852 Ouia
213 1788 350 1842 dixerunt
364 1786 475 1840 inimici
492 1785 549 1839 mei
565 1783 637 1839 mihi
655 1800 662 1838 ε
1001 1782 1160 1837 Assument
1175 1790 1289 1838 montes
1304 1799 1405 1854 pacem
1419 1784 1537 1858 populo,

162 1863 190 1913 et
205 1859 255 1930 qui
271 1857 465 1912 observabant
480 1857 608 1911 animam
626 1872 735 1925 meam,
1038 1857 1067 1906 et
1082 1853 1171 1909 colles
1182 1855 1342 1924 Justitiam.

161 1929 292 1984 inierunt
305 1929 461 1984 consilium
479 1929 595 1999 pariter.
1001 1923 1151 1980 iudicabit
1168 1942 1309 1998 pauperes
1325 1926 1435 1999 populi,

113 2000 270 2063 bibentes,
286 2001 363 2056 Deus
379 2000 536 2070 dereliquit
547 2015 626 2062 eum,
1038 1996 1162 2051 salvabit
1178 1998 1254 2053 titios
1270 2000 1407 2069 pauperis
1421 2000 1474 2067 (al.
1490 1999 1679 2073 pauperum),

162 2072 376 2143 persequimini
391 2077 420 2125 et
436 2069 674 2142 comprehendite
689 2083 768 2138 eum,
1037 2073 1066 2121 et
1081 2069 1243 2141 confringet
1256 2070 1510 2125 calumniatorem.

163 2143 234 2213 quia
250 2159 305 2198 non
323 2142 433 2212 estqui
449 2147 533 2197 eruat
546 2142 568 2195 ⁸.
1002 2138 1036 2195 Et
1050 2140 1197 2195 timebant
1213 2146 1240 2196 te
1258 2142 1410 2211 quamdiu
1427 2142 1481 2197 erit
1496 2141 1552 2208 sol,

127 2214 216 2277 Deus,
234 2230 270 2268 no
285 2213 429 2283 elongeris
444 2230 460 2267 a
477 2230 520 2268 ms
537 2228 544 2265 :
1038 2216 1066 2266 et
1082 2211 1156 2267 ultra
1170 2211 1270 2268 lunam
1286 2214 1315 2269 in
1331 2212 1520 2286 generatione
1532 2213 1766 2285 generationum.

162 2285 240 2339 Deus
256 2301 349 2347 meus,
366 2285 401 2339 ad
418 2284 560 2339 auxilium
577 2298 677 2338 meum
693 2281 809 2340 festina.
1000 2284 1162 2338 Descendit
1176 2284 1275 2357 pluvia
1291 2301 1377 2358 super
1391 2284 1496 2353 vellus,

125 2356 357 2421 contundantur,
374 2361 588 2410 consumantur
1037 2358 1070 2410 ut
1083 2355 1137 2419 [At.
1154 2362 1182 2411 et
1198 2356 1241 2427 ut)
1256 2356 1342 2413 stillas
1357 2354 1517 2413 irrorantes
1531 2361 1654 2414 terram.

161 2428 321 2483 adversarii
336 2429 439 2482 aniame
456 2443 538 2481 nieae.
1000 2424 1184 2482 (terminabit
1198 2428 1227 2482 in
1244 2427 1348 2484 diebus
1362 2429 1426 2496 ejus
1438 2427 1558 2499 justitia
1573 2426 1614 2490 th.
1627 2430 1752 2500 justus),

125 2496 302 2570 Operiantur
314 2498 468 2570 opprobrio
484 2502 512 2554 et
527 2496 708 2566 contusione,
1036 2504 1064 2553 et
1077 2499 1234 2555 multitudo
1254 2502 1345 2570 pacis,
1362 2500 1455 2556 donec
1471 2517 1527 2555 non
1543 2500 1584 2555 sit
1598 2499 1680 2555 luna.

162 2568 213 2642 qui
229 2575 363 2641 quarunt
378 2568 489 2625 malum
506 2568 589 2624 mihi.
1000 2568 1034 2624 Et
1048 2571 1248 2625 dominabitur
1262 2589 1279 2625 a
1293 2571 1367 2628 mari
1385 2571 1530 2643 usquead
1547 2587 1640 2639 mare,

124 2640 183 2713 ligo
199 2645 298 2697 autem
309 2641 421 2714 jugiter
435 2641 619 2713 exspectabo,
1034 2646 1064 2696 et
1078 2658 1095 2696 a
1111 2642 1232 2698 llumine
1247 2644 1391 2714 usquead
1409 2645 1549 2700 terminos
1568 2649 1652 2699 terras
1664 2643 1699 2699 ¹¹.

160 2717 189 2768 et
203 2712 340 2783 adjiciam
355 2729 446 2796 super
459 2729 576 2771 omnem
593 2711 709 2770 laudem
726 2715 806 2770 tuam
816 2714 837 2771 ¹.
998 2714 1153 2768 Antaeum
1170 2714 1322 2784 procident
1339 2714 1499 2786 AEthiopes,

123 2783 162 2842 Os
178 2800 276 2840 meum
292 2787 422 2841 narrabit
432 2785 583 2857 justitiam
596 2789 677 2841 tuam
694 2800 702 2842 τ
1034 2790 1063 2839 et
1079 2784 1188 2840 inimici
1204 2786 1269 2856 ejus
1285 2784 1433 2868 pulverem
1449 2786 1571 2856 lingant,

157 2859 219 2912 tota
234 2856 282 2913 die
297 2856 425 2914 salutare
440 2863 525 2913 tuum
541 2872 547 2911 :
999 2854 1090 2922 Reges
1104 2856 1226 2912 Tharais
1241 2862 1270 2912 et
1286 2859 1388 2913 insula
1408 2874 1531 2913 munera
1546 2857 1691 2913 oderent:

157 2927 226 2998 quia
241 2945 298 2984 non
314 2928 433 2999 cognovi
450 2928 641 2984 litteraturas.
1034 2943 1117 2997 reges
1132 2928 1242 2984 Arabiae
1259 2934 1287 2984 et
1301 2930 1374 2985 seba
1388 2928 1429 2996 (h.
1446 2929 1532 3001 seba)
1554 2928 1701 2985 tributum
1723 2927 1811 2986 ooale-

122 2998 273 3071 lngrediar
287 2999 317 3055 in
334 3000 521 3055 tortitudines
541 2998 656 3054 [lumini
673 2998 724 3055 Dei
740 3017 747 3055 :
1070 3004 1144 3054 rent.

193 3071 366 3127 recordabor
376 3071 500 3143 justitia
515 3075 574 3127 tuas
588 3069 692 3127 solius.
958 3086 981 3156 c
1000 3072 1034 3124 Et
1048 3071 1213 3126 adorabunt
1227 3087 1293 3126 eum
1309 3086 1412 3127 omnes
1428 3087 1511 3144 reges
1526 3089 1533 3128 :

122 3141 210 3207 Deus,
226 3142 351 3199 docuisti
368 3160 414 3199 me
429 3144 465 3199 ab
482 3142 681 3199 adolescentia
696 3158 771 3209 mea,
1036 3143 1177 3198 aniversae
1192 3143 1324 3199 nationes
1338 3143 1465 3199 servient
1479 3143 1516 3199 ei.

44 3226 47 3230 ⁴
158 3217 186 3268 et
201 3230 294 3284 usque
308 3231 387 3271 nune
402 3215 583 3272 annuntiabo
598 3214 744 3269 mirabilia
757 3219 819 3270 tua.
997 3212 1070 3278 Quia
1085 3220 1168 3269 eruet
1184 3230 1339 3285 pauperem
1356 3232 1373 3270 a
1389 3221 1517 3286 potente,

122 3285 247 3356 Insuper
261 3290 289 3342 et
303 3303 397 3358 usque
411 3288 447 3343 ad
463 3291 644 3343 senectutem
659 3291 688 3343 et
703 3302 803 3352 canos,
1032 3291 1061 3341 et
1076 3284 1192 3355 inopem
1208 3286 1255 3341 oui
1271 3302 1328 3342 non
1344 3290 1390 3341 est
1403 3288 1532 3357 adjutor.

155 3361 243 3422 Deus,
259 3374 296 3411 ne
311 3357 497 3429 derelinquas
511 3375 572 3425 me;
996 3359 1099 3413 Parcet
1114 3358 1194 3429 inopi
1209 3363 1237 3413 et
1252 3358 1383 3429 pauperi,

119 3424 217 3482 Donec
231 3429 401 3484 annuntiem
418 3429 571 3484 brachium
587 3432 671 3482 tuam
688 3428 880 3495 generationi,
1032 3435 1060 3484 et
1074 3428 1189 3485 animas
1205 3446 1366 3500 pauperum
1380 3428 1514 3486 salvabit.

155 3498 328 3570 cunctisque
339 3500 387 3569 qui
399 3501 535 3555 venturi⁸
551 3503 620 3554 sunt
634 3499 836 3556 tortitudinem
850 3506 941 3558 tuam.
994 3500 1038 3555 Ab
1054 3518 1145 3556 usura
1169 3505 1198 3556 et
1222 3501 1377 3573 iniquitate
1400 3502 1525 3558 redimet
1550 3499 1666 3559 animas
1682 3500 1739 3574 (Al.
1755 3500 1809 3557 ani·

119 3571 154 3623 Et
167 3570 314 3639 justitiam
331 3576 412 3626 tuam
429 3573 506 3627 Deus
521 3570 659 3643 usquein
674 3570 833 3637 excelsum,
1067 3578 1157 3634 ruam)
1171 3589 1283 3637 eorum,

156 3645 266 3712 quanta
291 3642 330 3711 th.
347 3644 423 3725 quas)
449 3644 544 3697 feristi
569 3643 739 3713 magnalia:
762 3642 849 3715 Deus,
874 3644 942 3716 quis
1031 3647 1060 3698 et
1076 3645 1219 3715 protiosus
1234 3646 1290 3701 erit
1313 3644 1435 3716 sanguis
1450 3660 1551 3700 eoram
1566 3645 1586 3681 ¹³
1601 3660 1701 3701 coram
1727 3643 1809 3701 ooalis

191 3712 298 3768 similis
312 3713 364 3769 tibi
381 3716 434 3786 (At.
449 3714 527 3785 tui)?
1067 3718 1142 3783 ejus.

118 3782 192 3849 Ouia
206 3785 361 3843 ostendisti
377 3786 460 3843 nohis
471 3787 492 3842 ⁹.
967 3796 971 3802 “
995 3786 1030 3842 lli
1042 3786 1126 3855 vivet,
1142 3790 1171 3843 et
1185 3786 1303 3843 dabitur
1315 3786 1341 3842 ei
1354 3786 1390 3843 de
1405 3803 1477 3844 auro
1491 3788 1577 3858 Saba,

153 3924 309 3982 ¹Altsrum
326 3928 474 3994 glossema
496 3927 552 3983 hoc
576 3927 695 3983 additur
708 3927 737 3982 in
754 3926 941 3983 Cisterciensi
1031 3928 1088 3983 ’lu
1114 3929 1222 3985 nostris
1245 3946 1318 3986 mas.
1342 3929 1461 3986 adsedit
1483 3931 1554 3985 mibi
1579 3946 1632 4002 pro
1656 3930 1745 3985 aubia.
1761 3929 1810 3984 lle·

7 4054 11 4063 ,
117 4011 174 4051 ms.
191 4013 226 4051 ex
248 3999 338 4052 veteri
364 3999 455 4055 terme
479 3999 641 4055 derivatum
665 3999 799 4055 versione
827 4000 939 4067 Latina,
996 3999 1810 4074 braeumquoqusaxemptarbabetadmarginamunuin

116 4070 171 4123 esto
185 4069 256 4123 mibi
270 4069 301 4123 io
315 4071 398 4125 Deam
412 4075 603 4142 protectorem,
628 4080 668 4135 at,
693 4077 746 4126 eto.
764 4071 852 4133 Tum,
864 4085 941 4140 prae·
995 4070 1100 4126 hbirek
1116 4090 1168 4145 pro
1182 4082 1316 4135 tantuin,
1332 4075 1410 4145 quod
1436 4073 1464 4129 in
1487 4078 1568 4129 textu
1583 4073 1703 4145 legitur,
1719 4073 1810 4142 idest,

116 4141 207 4210 cipere
221 4141 333 4195 sotnore
346 4158 503 4214 massaque
519 4142 668 4198 benesed
685 4147 713 4199 et
727 4142 863 4214 impressi
879 4159 940 4197 aer·
994 4145 1111 4198 ostendit
1134 4144 1215 4213 initii,
1231 4162 1284 4216 pro
1305 4145 1449 4201 oswodiati
1471 4147 1559 4200 nobb.
1583 4145 1619 4201 Et
1640 4146 1812 4200 cohaerenter

117 4226 168 4266 eus
185 4228 242 4265 una
259 4212 434 4268 retinentur.
994 4214 1085 4270 altero
1099 4216 1134 4270 ab
1151 4217 1205 4271 hoe
1227 4215 1370 4272 versiculo
1386 4217 1463 4272 idam
1480 4217 1638 4288 legendum
1663 4218 1749 4272 docet
1762 4215 1811 4270 mi·

151 4280 163 4316 ¹
177 4282 274 4337 Canon
289 4283 530 4340 Carcassonensis
545 4300 612 4339 cum
628 4285 723 4339 trihus
738 4283 941 4340 atturniam
994 4287 1057 4341 nori
1076 4303 1209 4354 numero,
1227 4287 1382 4354 vivificatis
1394 4305 1448 4354 me,
1474 4297 1504 4344 et
1527 4288 1624 4344 edaces
1648 4305 1703 4344 rrae.
1720 4287 1812 4343 Sedet

116 4353 255 4419 aesopiam
276 4371 369 4410 mrum
394 4361 434 4410 ta.
458 4356 512 4412 Sed
538 4355 686 4411 adnotatio
713 4356 829 4413 videtur
852 4355 939 4412 scho-
994 4373 1045 4428 pro
1060 4359 1147 4413 enatos
1166 4359 1256 4414 iidem
1272 4360 1364 4414 nostri
1387 4376 1459 4416 mse.
1477 4375 1537 4430 pari
1554 4374 1703 4415 consensu
1718 4358 1812 4429 legunt

116 4420 212 4477 liastis
231 4426 323 4481 nestri
343 4427 456 4498 antiqui
479 4427 571 4495 posita
588 4427 753 4491 incorpore
775 4427 938 4482 temeritate
955 4460 978 4526 D
993 4428 1169 4498 attlictiooes.
1187 4430 1385 4500 Symmachus
1408 4447 1538 4502 quoque,
1563 4431 1600 4486 ad
1625 4432 1713 4503 eujus
1735 4430 1811 4501 iuga·

114 4491 313 4552 librariorum.
327 4499 420 4555 Codex
433 4499 640 4568 Memmianus,
653 4500 837 4568 Etresuqiam
848 4514 939 4554 meam
994 4501 1075 4555 nium
1102 4517 1177 4573 sepe
1193 4519 1224 4556 ae
1242 4504 1442 4558 conformasse
1457 4503 1486 4559 S.
1504 4501 1658 4559 Doctorem
1683 4501 1810 4558 animad-

113 4579 141 4620 es
157 4568 197 4619 ta.
215 4565 308 4649 Mans.
994 4572 1148 4633 vertimus.
1164 4573 1343 4629 substantive
1370 4573 1579 4642 interpretatus
1604 4580 1650 4629 est
1673 4573 1810 4639 κακὼσεις,

148 4636 284 4706 ³ttegors
312 4657 345 4694 ac
371 4640 554 4696 corbeiensis
578 4656 677 4694 msa:
702 4641 770 4696 llrru
802 4643 939 4696 Dominus
992 4642 1077 4705 malai.
1107 4649 1157 4698 aut
1182 4649 1355 4700 variationes.
1384 4646 1489 4701 Omuio
1517 4652 1616 4701 autom
1646 4662 1713 4701 earn
1742 4646 1810 4715 ipse.

112 4707 215 4788 fiducie
230 4725 289 4762 mais
304 4729 314 4764 .·
332 4713 361 4766 ln
378 4712 496 4767 Grinone
511 4730 577 4767 imru
594 4714 738 4782 Carcass,
751 4713 874 4779 lloim'ne,
892 4716 940 4768 lto·
992 4720 1055 4769 tum
1073 4713 1101 4768 S.
1119 4720 1204 4770 t’ater
1219 4717 1294 4787 (ejus
1316 4718 1392 4772 enim
1411 4717 1510 4772 anatim
1529 4722 1632 4785 putare
1660 4719 1736 4771 banc
1749 4732 1809 4787 ger·

111 4794 197 4841 mane.
214 4784 269 4834 stc.
288 4782 381 4838 idanr.
993 4802 1110 4840 manum
1141 4788 1295 4843 lectionem
1324 4792 1399 4855 esse)
1427 4789 1456 4843 in
1486 4788 1627 4844 llehraico
1655 4785 1808 4860 exemplar-i

148 4850 292 4933 ‘Reginae
308 4870 362 4909 ma.
380 4854 500 4924 Sacripor.
515 4852 602 4919 male,
619 4854 641 4908 si
659 4871 692 4909 ro
707 4852 797 4909 voluit
812 4858 843 4911 ut
859 4853 936 4909 vido·
990 4857 1125 4929 legerint,
1146 4869 1226 4923 nisti
1251 4869 1277 4914 ct
1300 4858 1480 4930 afflictiones,
1504 4876 1556 4931 pro
1580 4875 1624 4927 ea,
1650 4876 1715 4932 que
1736 4875 1810 4915 nanc

111 4923 170 4987 tur,
188 4921 355 4992 Diapaalma
375 4927 522 4982 denotare.
538 4929 602 4981 tloa
620 4925 805 4983 Cisturciens.
822 4927 936 4998 plures·
991 4946 1051 4985 uua
1072 4930 1200 4985 continet
1224 4946 1366 5002 perquam
1390 4931 1480 4986 simili
1505 4931 1655 5002 scriptura
1677 4941 1770 4998 nttttt,
1783 4937 1810 4986 et

3 5050 6 5055 ,
111 5007 218 5060 resque
233 4995 280 5050 alii
302 4998 379 5066 apud
396 4997 531 5052 Martiae.
547 5014 607 5066 spes
623 5014 684 5053 mco
698 4997 863 5068 (artissima.
989 5000 1092 5056 matris.

146 5064 157 5098 ⁸
173 5065 243 5121 Mes.
262 5067 359 5133 plures
376 5087 382 5124 ι
400 5068 539 5138 Speciosa
554 5069 718 5135 fortissimo.
736 5070 828 5126 Maur.
1026 5072 1049 5108 ¹⁰
1065 5070 1183 5126 Rectius
1199 5071 1234 5127 ad
1257 5071 1411 5129 Hebraeum
1426 5076 1504 5130 tecet
1517 5071 1634 5146 Regius
1651 5089 1707 5129 ms.
1723 5078 1751 5129 et
1764 5089 1809 5129 vo-

145 5136 156 5171 ⁸
171 5137 259 5192 Addit
273 5141 458 5196 cisterciens.
477 5157 531 5196 ms.
546 5157 617 5196 eum.
632 5141 714 5196 Turre
726 5144 830 5210 Juncto
845 5138 935 5208 Regio
989 5141 1098 5199 culam.

110 5207 200 5290 atque
234 5209 311 5274 aliis,
344 5213 414 5268 desis
446 5228 538 5279 meaa,
571 5211 606 5266 ad
637 5212 833 5268 auxiliandum
864 5213 936 5270 mibi
1026 5217 1048 5251 ¹¹
1066 5215 1098 5269 ln
1123 5214 1238 5270 duobus
1267 5231 1339 5271 mss.
1364 5215 1597 5281 Augustinorum
1623 5213 1808 5287 Burdigalen-

108 5281 247 5362 testiam
990 5284 1078 5353 sium,
1095 5289 1123 5341 et
1147 5287 1176 5341 S.
1192 5286 1344 5342 Michaelis
1367 5286 1397 5342 in
1421 5287 1553 5344 Pericula
1578 5287 1669 5343 Maris
1694 5285 1806 5344 titulum

146 5349 302 5433 ⁷l‘luraaim
319 5371 441 5410 numero
456 5355 545 5410 iidem
562 5371 648 5423 mss,
663 5371 856 5426 superemicet
873 5357 935 5413 iaa-
989 5356 1080 5414 istum
1096 5357 1265 5413 invenimus
1283 5375 1289 5414 :
1306 5357 1461 5414 Solomonia
1477 5376 1580 5417 uersae.
1598 5358 1693 5415 Maur.

109 5417 240 5502 detmari
255 5432 323 5479 tuos.
1024 5428 1188 5484 -Nostris
1215 5446 1286 5485 mss.
1311 5431 1473 5487 Solomonis
1498 5432 1668 5504 preferant.
1693 5429 1807 5487 blattis·

143 5492 353 5552 turstareiens.
383 5513 466 5557 mss..
494 5496 610 5565 eunctis,
642 5499 690 5567 qui
716 5500 844 5563 aienciaci,¹
865 5504 933 5565 etc„
989 5517 1071 5557 uacus
1085 5500 1114 5555 in
1129 5501 1195 5556 aliis
1210 5501 1343 5567 additum
1360 5503 1467 5574 reperit
1480 5518 1587 5559 uersus.

106 5575 202 5631 neque
229 5566 295 5634 plus
324 5568 412 5624 babet
437 5569 574 5623 ltebraos
600 5571 796 5626 textas'qu
820 5573 933 5638 tortitu—
1024 5573 1046 5606 ¹³
1063 5572 1130 5628 Plus
1158 5572 1247 5629 habet
1270 5572 1387 5645 Reginae
1414 5590 1483 5630 mss.
1510 5574 1550 5632 ad
1579 5577 1712 5632 armiro
1737 5572 1805 5629 orbis

106 5631 265 5693 Maiestam
289 5638 418 5710 plurium
441 5657 564 5696 numero
582 5657 588 5694 :
605 5641 788 5697 attuatitimo
811 5643 861 5698 llei
886 5658 934 5695 as·
988 5651 1081 5698 terra.

104 5715 170 5828 ψ.
199 5709 265 5776 ete,
291 5728 342 5781 pro
366 5711 508 5769 laetitiam
534 5721 611 5768 tauro
635 5712 714 5777 Deus,
738 5724 805 5775 etc..
834 5710 934 5769 urinas
1024 5716 1045 5749 ¹³
1059 5713 1243 5772 cisterciens.
1258 5730 1419 5787 pronomen
1434 5730 1529 5776 eoram
1544 5714 1593 5776 hio
1608 5716 1722 5791 reticet,
1735 5713 1803 5789 quod

127 5784 193 5829 ens.
987 5784 1076 5847 habet
1091 5789 1189 5845 tamen
1204 5785 1343 5859 hebreus
1356 5791 1466 5847 matus.
