3870 6120
106 218 176 278 itti

108 349 167 422 Ego
181 347 239 403 vidi
255 346 377 403 stultum
395 347 478 401 hrmn
493 344 600 411 radice,

145 425 174 477 et
191 418 326 475 maledixi
344 417 554 502 pulchritudini
568 418 632 488 ejus
648 415 760 486 statim,

110 493 204 563 longe
221 490 291 546 hunt
305 491 356 544 utu
372 490 435 557 ejus
451 505 465 542 a
482 488 587 558 salute,

145 568 175 619 et
188 566 374 618 conterentur
388 561 417 614 in
435 566 528 630 porta,
544 567 573 615 et
592 578 648 616 nou
665 559 721 616 erit
735 559 785 633 qui
801 564 893 616 eruat.

109 635 198 704 Cujus
214 648 339 688 messem
356 632 507 687 ternelicus
521 633 663 689 comedet.

143 709 173 761 et
189 705 196 758 i
221 720 287 759 sum
304 705 398 786 rapiet
413 709 557 769 armatus,

143 780 173 831 et
186 720 304 832 clibani
319 776 452 831 sitientes
468 775 586 831 divitias
601 775 677 846 ejus.

108 846 186 906 Nihil
203 846 232 900 in
250 856 326 903 terra
341 847 404 902 siue
419 862 508 902 causa
524 846 566 908 tlt.

143 920 222 975 etde
237 919 327 974 humo
344 934 401 974 uon
417 918 511 972 oritur
525 916 617 972 dolor.

110 991 201 1047 Homo
217 990 252 1045 ad
268 989 397 1046 laborem
415 990 556 1053 nascitur,

143 1068 172 1119 et
188 1063 248 1117 avis
264 1062 300 1117 ad
316 1059 455 1116 volatum.

109 1134 302 1201 Quamobrem
318 1149 370 1205 ego
386 1131 564 1203 deprecabor
580 1128 748 1195 Dominum.

142 1209 172 1261 ot
186 1205 222 1261 ad
239 1205 329 1260 Deum
347 1221 453 1276 ponam
469 1201 619 1274 eloquium
636 1218 735 1259 meum
752 1218 759 1256 :

108 1274 161 1340 Qui
178 1276 248 1332 lacit
263 1291 369 1346 magua
384 1280 413 1330 et
427 1273 639 1341 inscrutabilia,

145 1355 172 1404 et
187 1347 333 1403 mirabilia
347 1348 459 1418 absque
474 1360 596 1402 nuntero
612 1362 618 1400 :

109 1419 163 1483 Qui
180 1420 230 1474 dat
244 1418 372 1490 pluviam
388 1435 477 1491 super
492 1417 595 1473 taciem
611 1423 704 1485 terrra,

146 1494 175 1547 et
189 1491 292 1562 irrigat
306 1490 391 1561 aquis
407 1490 541 1545 universa
556 1505 565 1550 ε

110 1561 163 1627 Oui
180 1562 261 1633 ponit
273 1560 402 1618 humiles
416 1561 446 1617 in
462 1560 594 1629 sublimi,

145 1641 173 1690 et
189 1638 344 1690 moerentes
360 1633 446 1703 erigit
461 1635 601 1706 sospitate
617 1647 624 1686 ι

108 1705 163 1770 Qui
178 1705 304 1778 dissipat
318 1705 510 1776 cogitationes
526 1703 734 1776 malignorum,

145 1793 181 1833 nc
196 1777 311 1850 possint
323 1774 444 1849 implere
460 1793 565 1833 manue
575 1790 676 1831 eorum
689 1775 768 1846 quod
782 1776 931 1845 ceperant.

109 1849 164 1913 Qui
178 1847 373 1921 apprehendit
387 1847 535 1920 sapientes
551 1849 581 1903 in
596 1846 706 1903 astutia
720 1860 832 1914 eorum,

143 1925 173 1976 et
187 1920 345 1977 consilium
361 1937 517 1991 pravorum
534 1918 659 1990 dissipat
675 1934 681 1972 :

109 1995 165 2049 Per
179 1992 256 2048 diem
270 1991 419 2048 incurrent
431 1991 578 2058 tenebrae,

145 2068 175 2119 et
190 2063 273 2135 quasi
290 2063 319 2118 in
337 2067 421 2120 nocte
435 2064 478 2119 sic
493 2062 657 2135 palpabunt
671 2059 701 2115 in
717 2058 850 2115 meridie.

110 2138 200 2192 Porro
223 2135 337 2191 salvum
362 2134 448 2190 iaciat
462 2135 556 2207 (t'ctp.
572 2134 741 2188 interserunt
765 2130 934 2203 egenum)a

181 2204 279 2276 gladio
294 2205 354 2260 oris
367 2221 468 2261 eorum
480 2206 488 2240 ¹

145 2277 224 2333 etde
240 2292 327 2331 manu
344 2275 462 2332 violenti
477 2289 647 2349 pauperem.

109 2348 148 2404 lit
163 2348 219 2403 erit
232 2364 323 2420 egeno
340 2364 418 2419 spes,

97 2469 98 2472 ,
144 2419 288 2491 iniquitas
304 2425 402 2475 autem
418 2417 572 2476 contrahet
587 2433 619 2474 oe
634 2430 733 2473 suum.

112 2494 219 2547 Beatus
234 2490 333 2558 bomo,
351 2491 401 2562 qui
416 2490 574 2560 corripitur
588 2506 605 2545 a
621 2492 677 2545 Deo
695 2503 703 2545 ε

145 2561 376 2634 increpationem
391 2578 460 2635 ergo
475 2560 589 2617 homiui
606 2576 642 2616 ne
656 2558 793 2631 reprobes
809 2574 816 2616 :

110 2633 185 2699 Quia
198 2634 261 2706 ipae
275 2634 420 2700 vulnerat,
434 2637 462 2689 et
476 2633 610 2689 medetur
624 2648 631 2688 ι

145 2705 280 2775 percutit,
297 2709 326 2762 et
339 2721 446 2762 manus
461 2705 525 2775 ejus
541 2703 701 2761 sanabunt.

109 2778 141 2833 ln
158 2793 208 2833 sex
225 2776 467 2834 tribulationibus
482 2775 620 2833 liberabit
634 2778 674 2842 ta,

144 2852 174 2904 et
188 2848 218 2903 in
233 2849 360 2920 septima
375 2865 431 2904 non
448 2853 550 2920 tanget
564 2855 591 2904 te
606 2846 729 2902 matum.

110 2919 143 2974 ln
160 2921 237 2977 tame
251 2926 333 2977 eruet
346 2925 374 2977 te
389 2920 425 2976 de
440 2921 556 2976 morte²

146 2995 175 3046 et
189 2990 219 3046 iu
236 2991 310 3048 hello
325 2993 361 3047 de
377 3008 465 3047 manu
482 2990 584 3063 gladii.

112 3064 136 3115 Α
152 3061 266 3133 flagello
283 3062 387 3133 lingua
403 3061 604 3127 absconderis,

146 3138 175 3188 et
190 3149 248 3188 nou
264 3133 382 3190 timebis
396 3134 592 3191 calamitatem
609 3148 675 3187 cum
690 3129 803 3187 venerit

112 3203 143 3258 lu
158 3203 294 3261 vastitate
308 3208 337 3260 et
351 3205 427 3262 tame
441 3205 563 3268 ridebis,

147 3280 176 3331 et
192 3276 301 3333 bestias
316 3277 370 3346 (at.
386 3276 523 3348 bestiam)
538 3280 621 3333 terra
642 3289 699 3330 non
716 3271 900 3331 tormidabis.

113 3345 167 3401 Sec
182 3363 249 3402 cum
264 3345 413 3419 lapidibus
428 3348 580 3431 regionum
599 3349 716 3418 pactum
732 3349 829 3412 tuum,

148 3420 177 3472 et
192 3417 293 3474 bcetiae
307 3422 389 3474 terrie
405 3420 532 3489 pacifice
547 3429 631 3474 erunt
648 3415 713 3471 tihi.

111 3489 147 3543 at
161 3489 237 3544 scies
249 3490 327 3559 quod
345 3505 445 3562 pacem
460 3489 567 3546 habeat
582 3486 804 3544 tabernaculum
820 3488 917 3552 tuum,

146 3563 175 3614 et
188 3559 312 3616 visitans
327 3561 455 3633 speciem
472 3565 566 3628 tuam,
582 3575 640 3615 uon
656 3557 801 3631 peccabis.

111 3629 192 3687 Scies
207 3647 325 3703 quoque
335 3632 475 3704 quoniam
490 3630 644 3702 multiplex
653 3629 709 3686 erit
724 3645 823 3686 semen
838 3630 934 3700 tuum,

144 3706 173 3758 et
188 3704 341 3774 progenies
355 3709 407 3760 tua
420 3704 506 3776 quasi
521 3702 612 3759 herba
625 3701 730 3757 terre·

111 3773 288 3846 Ingredieris
303 3775 333 3831 in
348 3774 529 3832 abundantia
544 3771 726 3845 sepulcrum,

146 3845 223 3901 siout
238 3845 365 3903 intertur
379 3862 500 3903 acervus
514 3845 545 3901 in
560 3850 691 3918 tempore
706 3858 760 3900 suc
771 3844 792 3899 ⁸.

110 3913 192 3983 Ecce,
209 3917 274 3985 boo,
291 3925 321 3973 ut
338 3918 561 3990 investigamus,
577 3917 619 3972 ita
633 3921 702 3973 est:

146 3988 222 4060 quod
239 3989 385 4059 auditum,
400 3994 497 4046 mente
512 3991 669 4060 pertracta.

276 4121 462 4160 anaeounrns
480 4120 578 4161 aaran
595 4120 647 4161 eoa
667 4117 768 4160 nram:

109 4199 272 4275 (Capiti.)
301 4201 416 4259 Utinam
445 4203 681 4276 appenderentur
712 4207 830 4274 peccata
858 4215 934 4276 mea,

148 4414 282 4487 ¹Regius
302 4419 392 4474 codex
416 4417 531 4474 addidit
552 4416 772 4501 caenum,quod
809 4487 827 4499 ..
1105 4488 1110 4501 ¹
1147 4489 1153 4501 .
1252 4481 1260 4491 1
1441 4484 1449 4498 ο
1627 4484 1634 4498 ι
1723 4481 1729 4496 1

112 4487 240 4554 hebreo,
257 4491 291 4544 ut
304 4493 332 4546 et
347 4490 376 4545 iu
393 4490 510 4547 Ganone
529 4489 559 4545 S.
576 4488 724 4556 Germani,
736 4491 765 4544 et
779 4486 844 4545 uus
860 4505 933 4547 mes.
949 4468 973 4538 D
989 4493 1065 4546 teres
1080 4488 1240 4545 Bibliorurn
1256 4488 1475 4545 concordantia
1489 4487 1611 4541 monent
1622 4498 1688 4556 Jam
1702 4483 1800 4539 dictam

111 4558 264 4616 codicibus
281 4561 410 4619 melioris
425 4567 509 4619 nota.
527 4560 620 4618 Mans.

148 4629 159 4663 ¹
173 4630 269 4688 Verba
281 4632 313 4687 de
327 4637 425 4699 morte,
436 4642 463 4690 ct
478 4635 508 4688 in
524 4633 595 4688 betto
607 4630 766 4703 antiquarii
781 4631 937 4691 oscitantia

112 4700 331 4774 desiderantur,
346 4720 433 4776 quern
448 4704 586 4776 ‘ejusdem
610 4704 643 4760 de
667 4702 774 4761 vocula
798 4718 936 4761 recursus

112 4771 269 4844 deceperit.

146 4844 158 4878 ³
173 4844 252 4899 ldem
268 4860 323 4899 ms.
338 4845 419 4914 quari
433 4861 530 4912 crena,
545 4862 597 4917 pro
612 4846 697 4902 herbe
713 4861 720 4900 ε
735 4843 813 4901 haud
829 4861 906 4904 vers.

557 188 559 193 ’
623 222 652 274 ε.
674 218 1024 274 ruanoxrmurvma
1044 218 1290 276 aratroruncs.

943 351 971 418 Α
1057 343 1165 415 quibus
1182 344 1253 403 irum
1269 346 1388 403 merui:

1021 419 1049 471 et
1066 415 1231 485 catamitos,
1250 435 1337 490 quam
1355 418 1456 491 patior,
1472 417 1502 474 in
1518 424 1642 487 statera,

984 488 1517 618 attributatithetidi
1530 496 1690 636 ‘little-‘⁰¹
1707 507 1714 548 ²

1070 601 1077 626 l
1640 607 1648 621 ο

1020 630 1090 701 quia
1104 631 1216 703 sagitta
1231 632 1346 689 Dornini
1362 633 1392 690 in
1408 649 1452 689 ms
1467 639 1537 690 sunt
1554 652 1560 688 :

984 703 1115 769 Quarum
1131 703 1294 775 indignatio
1309 705 1400 761 ebibit
1414 705 1551 777 spiritum
1569 723 1686 776 meum,

1020 777 1049 829 et
1064 777 1190 831 terrores
1207 776 1320 831 Domini
1337 775 1464 832 militant
1479 781 1581 833 contra
1594 794 1656 834 me.

983 843 1129 917 Numquid
1146 847 1243 917 rugiet
1257 864 1367 921 onager
1380 863 1447 904 cum
1461 848 1599 905 habuerit
1614 849 1764 905 herbam?

1020 922 1071 1043 aul
1086 918 1197 1044 mtirgiet
1213 919 1265 975 boe
1279 934 1347 974 cum
1367 923 1435 976 anta
1459 936 1589 994 presepe
1616 923 1740 994 plenum
1755 924 1809 976 ste·

1069 1004 1109 1044 err

984 1058 1044 1114 Aut
1056 1060 1291 1187 ppteritYeomedi
1312 1061 1471 1132 insulsum,
1487 1063 1566 1134 quod
1582 1080 1643 1120 non
1667 1064 1730 1120 sate
1743 1079 1808 1120 con·

1077 1148 1084 1186 ι
1101 1148 1150 1187 um

984 1205 1036 1258 aut
1051 1207 1146 1330 ροῑοῗῑ
1168 1201 1275 1330 abigeis
1299 1207 1429 1277 gustare,
1444 1204 1521 1275 quod
1547 1211 1705 1279 gustatum
1728 1206 1806 1263 alieri

1056 1289 1119 1329 mor
1133 1290 1178 1330 em

985 1345 1052 1410 Qua
1067 1346 1150 1418 prius
1166 1351 1284 1419 tangere
1300 1344 1417 1402 notabat
1433 1347 1533 1403 anima
1547 1362 1624 1417 mea,

1021 1433 1101 1473 nunc
1115 1435 1173 1490 pre
1188 1418 1337 1490 angustia,
1354 1417 1412 1473 cibi
1428 1417 1485 1474 mei
1501 1423 1584 1477 eunt.

985 1486 1056 1554 Quis
1072 1488 1130 1556 det,
1146 1493 1178 1546 ut
1193 1489 1290 1545 veniat
1305 1487 1406 1561 petitio
1421 1504 1486 1546 mea
1502 1506 1509 1545 ε

1020 1562 1049 1616 et
1060 1561 1137 1632 quod
1154 1565 1301 1633 exspecto,
1318 1558 1429 1616 tribuat
1444 1559 1517 1616 mihi
1533 1559 1641 1618 Deus?

1020 1635 1050 1686 et
1063 1633 1111 1703 qui
1127 1631 1225 1703 coepit,
1240 1632 1304 1704 ipse
1319 1647 1366 1688 me
1380 1631 1537 1688 conterati

985 1701 1082 1759 Solvet
1097 1720 1219 1760 manum
1235 1719 1331 1770 suam,
1347 1706 1376 1757 ot
1390 1704 1524 1761 succidat
1538 1704 1610 1760 mei

1022 1777 1058 1829 Et
1073 1773 1132 1831 hac
1148 1774 1221 1831 mibi
1236 1775 1275 1831 sit
1289 1774 1463 1844 consolatio,

1022 1848 1055 1902 ut
1069 1846 1203 1918 affligens
1217 1862 1266 1903 me
1279 1844 1388 1913 dolore,
1404 1863 1463 1903 non
1478 1849 1592 1918 parcat,

1023 1931 1076 1974 nec
1092 1917 1290 1976 contradicam
1306 1918 1493 1974 sermonibus
1508 1915 1623 1974 Sancti.

987 1992 1056 2057 Quae
1071 1993 1114 2045 est
1127 1991 1206 2046 enim
1220 1989 1361 2046 tortitudo
1376 2005 1452 2060 mea,
1469 1993 1502 2045 ut
1516 1987 1709 2045 sustineam?

1023 2064 1075 2116 aut
1089 2061 1156 2133 quie
1170 2061 1239 2117 ssnis
1255 2077 1349 2130 meus,
1363 2065 1396 2117 ut
1411 2060 1558 2133 patienter
1569 2058 1685 2133 agam?

987 2132 1045 2189 Nec
1061 2132 1199 2189 tortitudo
1215 2132 1345 2205 lapidum
1362 2132 1502 2189 fortitudo
1517 2146 1595 2200 mea,

1024 2219 1078 2260 nec
1093 2221 1160 2261 caro
1176 2220 1241 2260 mea
1255 2220 1336 2260 renea
1348 2203 1402 2276 (at.
1418 2206 1503 2271 area)
1516 2207 1572 2259 est.

987 2276 1072 2342 Ecce,
1087 2292 1145 2332 non
1161 2280 1206 2332 cst
1220 2274 1362 2332 auxilium
1378 2274 1451 2331 mihi
1467 2273 1497 2331 in
1514 2290 1571 2342 me,

1024 2351 1053 2404 et
1067 2347 1222 2404 necessarii
1236 2363 1354 2419 quoque
1368 2346 1425 2403 mei
1442 2347 1630 2403 recesserunt
1642 2360 1659 2401 e
1672 2358 1730 2400 me.

988 2419 1042 2486 Qui
1059 2417 1136 2474 tollit
1151 2420 1186 2475 ab
1202 2419 1294 2476 amico
1309 2435 1363 2476 suo
1379 2417 1625 2475 misericordiam.

1024 2491 1161 2547 timorem
1174 2489 1289 2546 Domini
1304 2489 1490 2561 derelinquit.

990 2560 1106 2619 Fratres
1122 2563 1178 2617 mei
1194 2562 1397 2633 praeterierunt
1409 2577 1468 2629 me,

1025 2634 1102 2690 sicut
1117 2636 1232 2689 torrens
1244 2633 1296 2706 qui
1311 2633 1418 2717 raptim
1434 2630 1543 2689 transit
1556 2629 1589 2686 in
1604 2626 1781 2687 convallibus.

989 2705 1044 2771 Qui
1059 2705 1164 2760 timent
1180 2704 1327 2777 pruinam.
1342 2708 1434 2761 irruet
1447 2719 1538 2775 super
1552 2718 1604 2758 eos
1620 2701 1682 2771 nix,

1023 2780 1164 2848 ternpore,
1179 2792 1238 2847 quo
1252 2775 1362 2832 luerint
1376 2774 1522 2902 dissipati,
1538 2772 1680 2845 peribunt
1696 2789 1703 2826 :

1024 2853 1106 2974 etlut
1128 2846 1285 2904 incaluerit
1311 2847 1372 2920 (At.
1387 2847 1455 2903 inca
1467 2845 1589 2917 uerint),
1604 2843 1751 2901 solventur
1768 2840 1795 2896 dc

1070 2934 1123 2975 ooo
1138 2936 1202 2976 suo.

988 2988 1127 3047 involuta
1142 2994 1213 3047 sunt
1227 2989 1338 3047 semite
1353 3003 1510 3063 gressuum
1526 3002 1630 3044 eorum
1646 3002 1655 3043 ε

951 3090 974 3157 c
1027 3061 1224 3118 ambulabunt
1239 3061 1268 3116 in
1283 3076 1420 3130 vacuum,
1436 3064 1465 3117 et
1479 3058 1630 3130 peribunt.

989 3134 1179 3191 Considerate
1202 3132 1324 3189 semitas
1336 3131 1448 3188 Thema
1461 3131 1515 3204 (dt.
1531 3128 1691 3201 Theman),
1711 3126 1796 3183 itinera

1060 3204 1137 3261 Saba
1151 3205 1205 3276 (At.
1219 3203 1351 3274 Sabain),

1025 3279 1054 3331 st
1067 3280 1234 3349 exspectate
1250 3276 1304 3343 (At.
1320 3273 1462 3346 spectate)
1477 3271 1641 3345 paulisper,

972 3347 1109 3404 'Contusi
1126 3353 1206 3413 sunt,
1222 3346 1292 3418 quia
1307 3348 1499 3419 speraverunt
1512 3343 1568 3417 (At.
1582 3340 1711 3417 speravi)

1024 3423 1167 3475 venerunt
1181 3435 1300 3491 quoque
1323 3432 1417 3491 usque
1435 3417 1472 3473 ad
1495 3431 1554 3485 mc,
1571 3419 1602 3472 et
1616 3413 1727 3488 pudore
1744 3424 1796 3468 coa

1080 3491 1135 3547 erti
1150 3495 1229 3546 sunt.

988 3507 1208 3618 Numlvenistis
1224 3577 1232 3617 a

1024 3637 1053 3689 et
1068 3635 1154 3690 modo
1169 3633 1299 3689 videntes
1315 3629 1432 3704 plagam
1448 3645 1556 3696 meam,
1571 3626 1697 3685 timetis.

988 3703 1064 3760 Num
1089 3706 1138 3761 uid
1154 3705 1212 3760 dixi
1230 3721 1237 3761 :
1253 3704 1358 3759 Alterte
1372 3700 1456 3768 mihi,

1025 3780 1054 3831 et
1068 3722 1104 3833 fle
1119 3774 1287 3833 substantia
1301 3779 1398 3831 vestra
1411 3773 1518 3855 donate
1532 3769 1633 3827 mihi?

988 3846 1052 3916 Vel,
1068 3847 1201 3904 Liberale
1215 3863 1261 3902 me
1276 3847 1312 3902 do
1328 3862 1416 3901 manu
1433 3843 1538 3908 bostis,
1687 3906 1697 3923 ο

1024 3922 1053 3974 ct
1067 3919 1103 3975 de
1118 3935 1207 3975 manu
1228 3918 1416 3974 robustorum
1431 3913 1526 3973 eruite
1540 3912 1611 3970 mei

988 3994 1094 4047 Docetc
1110 4007 1167 4055 me,
1183 3993 1212 4046 et
1225 4003 1279 4061 ego
1294 3988 1396 4044 tacebo
1412 4003 1420 4042 t

1024 4065 1053 4117 et
1067 4062 1093 4118 si
1107 4061 1178 4135 quid
1195 4062 1268 4117 torte
1288 4058 1429 4131 ignoravi,
1445 4056 1585 4113 instruite
1600 4070 1649 4114 me
1665 4071 1672 4111 :

989 4133 1084 4199 Quare
1098 4132 1264 4190 detraxistis
1279 4130 1466 4188 sermonibus
1480 4127 1626 4197 veritatis,

1025 4221 1119 4263 cume
1134 4203 1216 4262 vobis
1227 4202 1327 4260 nullus
1337 4201 1377 4259 sit
1390 4200 1440 4275 qui
1451 4199 1543 4275 possit
1551 4213 1678 4272 arguere
1688 4195 1737 4271 (at
1748 4190 1799 4250 cdd.

797 4416 881 4474 abest
903 4417 933 4474 in
988 4418 1089 4474 enimc
1104 4418 1228 4474 eoadem
1242 4419 1328 4473 etiem
1341 4430 1475 4473 amorem
1487 4428 1538 4485 pro
1550 4410 1631 4470 deici
1645 4420 1744 4468 mmet.
1756 4407 1802 4463 Vs·

988 4560 1167 4618 versiculum
1182 4564 1297 4617 exstare
1309 4560 1363 4616 lob
1379 4575 1418 4629 vr,
1433 4559 1451 4611 6
1465 4555 1559 4612 Mean.

1024 4684 1168 4740 -Verba
1192 4688 1290 4740 textus
1319 4668 1421 4745 nimbi!
1439 4691 1516 4750 atil,
1536 4696 1569 4735 sc
1597 4677 1707 4752 legisse
1732 4676 1803 4733 aliter

988 4779 1017 4831 S.
1033 4775 1128 4839 Pater,
1144 4774 1173 4830 id
1198 4779 1253 4840 est,
1268 4758 1346 4835 rumh
1365 4783 1447 4841 rivin,
1463 4772 1545 4826 notat
1564 4767 1620 4825 hac
1644 4768 1710 4841 ipsa
1723 4767 1803 4848 inter·

989 4845 1153 4920 pretatione
1172 4862 1236 4913 sua,
1253 4847 1336 4918 affert
1349 4846 1476 4900 mortem.
1490 4841 1613 4896 nebraes
1635 4856 1705 4897 vero
1729 4838 1804 4895 lectio

147 4915 158 4949 ⁴
173 4915 296 4979 Quidam
311 4916 426 4987 Vulgati
444 4916 509 4974 libri
524 4917 639 4975 addunt
652 4917 753 4986 itritic,
765 4923 795 4974 et
810 4934 876 4976 vero
891 4921 937 4977 est
989 4918 1105 4976 tametsi
1122 4916 1200 4972 varie
1211 4917 1247 4972 ab
1260 4913 1472 4987 interpretibus
1486 4911 1673 4977 redditur‚ac
1685 4906 1805 4981 suntqoi

111 4983 140 5040 in
159 4985 291 5051 Hebrmo.
306 4997 380 5050 etat
400 4973 510 5053 nabun..

146 5057 157 5092 ⁸
172 5058 253 5123 Quod
270 5058 357 5114 babet
384 5057 431 5115 bic
451 5057 574 5114 Palatin.
591 5075 658 5125 me..
672 5060 733 5118 dcto
756 5077 809 5137 pro
832 5061 934 5129 dolore,

991 4989 1158 5047 Chutcmutt
1185 4988 1277 5044 velint
1301 4988 1430 5043 attamen
1458 4984 1504 5042 ovi
1530 4982 1700 5055 significare
1724 4999 1732 5038 :
1755 4982 1805 5037 lere

990 5067 1089 5118 tamen
1102 5061 1259 5133 exponitur
1279 5056 1461 5116 concinniori
1484 5069 1574 5111 sensu
1590 5054 1627 5110 de
1641 5053 1733 5111 saliva
1745 5052 1804 5109 dor·

111 5128 272 5201 antiquarii
296 5130 387 5200 culpae
403 5129 510 5194 tribuo,
527 5129 583 5185 nisi
599 5131 624 5186 si
638 5133 704 5201 cuis
729 5131 765 5191 de
788 5132 936 5189 industria
990 5132 1108 5189 mientis
1124 5148 1132 5187 a
1150 5149 1217 5189 nam
1234 5130 1394 5186 diastematis
1413 5125 1531 5200 propris
1548 5126 1660 5183 somnis
1673 5124 1805 5197 interpra-

111 5215 175 5256 eam
191 5217 291 5257 vocem
307 5202 461 5258 mutaverit
476 5199 607 5270 criticus,
618 5201 669 5272 qui
680 5202 843 5262 observarit
858 5202 934 5274 apud

112 5270 184 5328 tXX
200 5271 290 5349 φαῦλα
305 5274 394 5330 verba
410 5273 471 5329 haec
486 5271 556 5341 dici,
572 5272 601 5327 id
617 5277 663 5329 cst
676 5275 761 5345 mata,
774 5292 831 5333 non
843 5275 936 5332 datore

108 5344 203 5415 plene.
219 5344 307 5401 Hebr.
323 5349 406 5402 vocat
420 5344 561 5414 absorpto.

989 5207 1099 5260 tantur.
1111 5207 1205 5274 Atque
1218 5203 1278 5259 hec
1293 5201 1413 5275 quidem
1429 5196 1577 5256 sententia
1590 5201 1728 5270 exsurget
1743 5195 1805 5252 :Ast

988 5277 1074 5346 potest
1093 5275 1203 5346 aliquis
1226 5283 1342 5348 pastore
1364 5273 1483 5330 activam
1504 5268 1690 5339 concionem,
1705 5268 1735 5325 id
1756 5269 1805 5333 eat,

989 5346 1106 5402 sativam
1121 5363 1184 5403 com
1206 5345 1320 5403 dormit.
1336 5346 1452 5402 Por-roa
1468 5338 1577 5397 nostris
1599 5355 1676 5398 msa.
1691 5339 1807 5417 snbjun3

146 5415 157 5450 ⁸
173 5415 242 5472 Post
256 5415 312 5474 ieta
326 5417 453 5474 insertus
467 5413 575 5542 legitur
590 5412 619 5470 in
635 5417 761 5490 atroque
776 5416 935 5491 exemplari
990 5417 1033 5488 git
1043 5416 1194 5475 Palatinus
1205 5434 1272 5474 eum
1284 5412 1586 5483 versiculum,dnimae
1594 5410 1673 5469 enim
1681 5413 1807 5494 marimo

111 5488 236 5544 canonis
251 5506 379 5561 sequeno
394 5488 505 5545 vorsicu
523 5501 576 5543 us:
592 5486 701 5545 Animae
712 5492 788 5546 enim
801 5488 938 5547 eredenti
988 5490 1074 5545 etiam
1089 5506 1188 5547 amora
1202 5489 1296 5547 dotcie
1309 5505 1366 5546 esse
1380 5486 1518 5552 sidenem,
1529 5499 1619 5556 quem
1634 5487 1665 5540 et
1678 5483 1805 5541 tdartrnn.

111 5555 200 5613 etiam
215 5576 312 5617 amoro
326 5561 420 5618 deicio
432 5576 488 5619 csse
501 5559 640 5616 videntur.
658 5558 724 5624 Qua
737 5562 825 5619 verba
839 5577 935 5619 emen·

112 5627 199 5682 dator
213 5632 321 5688 codicis
337 5630 619 5690 San·Germanensis
633 5628 724 5687 litura
738 5632 852 5691 delevit.
873 5634 936 5690 Huc

111 5699 256 5756 translata
283 5705 419 5761 videmur
446 5722 462 5761 e
488 5702 583 5775 capite
610 5719 669 5759 xvu
701 5705 934 5773 proverbiorum,

109 5769 180 5845 qnia
197 5786 269 5830 vers.
286 5775 420 5837 7sadem
440 5776 587 5837 sententia
607 5775 703 5851 posita
717 5776 862 5851 reperitur
878 5793 884 5833 :
900 5775 935 5849 Et

990 5560 1020 5616 in
1045 5577 1104 5616 uno
1125 5561 1275 5635 alteroque
1290 5579 1306 5619 a
1320 5560 1385 5618 suis
1406 5556 1528 5626 invenit,
1551 5558 1807 5629 monuerntqasex

990 5648 1052 5703 cap.
1067 5649 1155 5704 xxvn,
1171 5650 1247 5690 vers.
1266 5635 1294 5689 7.
1311 5628 1500 5689 Proverbium
1522 5626 1717 5711 desumptum
1739 5639 1806 5691 mee,

990 5703 1106 5775 hucque
1120 5707 1315 5771 translatum
1333 5701 1450 5760 tametsi
1461 5696 1625 5755 Btbhorum
1635 5697 1808 5758 concorden·

989 5776 1036 5835 tie
1051 5791 1104 5849 pro
1118 5777 1350 5851 genuino-buius
1364 5772 1443 5850 apud
1456 5774 1565 5830 tubum
1578 5769 1638 5829 toci
1652 5769 1782 5831 laudent.
