3870 6120
161 294 202 355 95
748 289 908 351 inruunt
932 288 1283 358 unuuulcrtrtunuu
1828 295 1869 354 96

158 426 206 488 dit
221 443 282 499 me,
298 430 354 486 ete.
383 425 427 484 De
455 421 564 483 eodem
593 420 773 482 testimonio
795 419 863 482 hoeo
890 420 1203 489 habetAHebraieo
1230 427 1382 509 seriptum
1409 432 1456 486 est
1497 444 1609 504 sums,
1640 426 1676 486 id
1699 432 1746 486 est
1774 427 1868 506 virgo

158 525 367 603 Hieronymus
394 521 449 581 lib.
488 539 510 581 n
535 519 841 581 Commentariorum
870 519 903 579 iu
933 537 985 579 ca·
1039 530 1168 602 secreta,
1194 525 1338 586 etuimia
1363 531 1530 608 parentum
1559 524 1733 604 diligentia
1762 529 1832 585 eust
1851 558 1868 570 -

157 629 258 704 putre
274 619 432 702 (versit.)
449 617 597 698 Epistulae
613 616 653 677 ad
683 617 860 696 Ephesios:
896 613 986 677 Unde
1039 620 1208 683 titanus
1233 630 1314 684 certe
1329 625 1475 685 ostendat
1501 623 1591 696 milri,
1610 621 1665 683 ubi
1695 621 1753 683 troc
1776 621 1868 683 verbo

156 726 186 781 et
211 718 346 795 heresis,
374 715 568 776 nativitatem
616 713 745 776 Christi
772 713 982 792 calumnians,
1039 719 1234 799 appellentur
1259 727 1288 781 et
1316 727 1429 803 nuptae,
1459 726 1488 781 et
1516 720 1708 801 imperitiam
1732 720 1865 793 confite-

157 814 335 879 Salomouis
351 818 483 895 usurpat
509 811 679 894 exemplum
696 830 703 872 ε
720 811 878 872 Dominus
897 832 984 872 crea·
1039 814 1105 877 bor.
1135 820 1195 880 Pro
1225 819 1393 899 purissimo
1422 818 1610 897 virginitatis
1624 823 1656 878 et
1669 817 1863 896 integritatis

157 912 203 972 vit
233 930 279 970 me
308 908 435 970 initium
466 906 587 966 vitrum
616 925 758 966 suarum·
802 905 892 976 Quod
916 905 984 985 ipse
1038 912 1159 975 honore
1187 915 1338 976 adversus
1366 914 1513 976 cumdem
1541 914 1743 976 turinianum
1786 914 1863 975 dum

157 1009 290 1086 mitigit
318 1006 373 1067 flb-
414 1022 438 1066 11
477 1003 984 1083 0⁰fflffl0ssias10fflmiss⁰⁸p·1t
1038 1030 1135 1092 supra
1164 1013 1313 1074 militaret
1338 1012 1418 1074 libro
1444 1012 1511 1092 jam
1539 1011 1670 1074 laudato
1711 1011 1865 1090 Hierony·

52 1179 55 1186 Ι
155 1105 299 1168 Michaeae
314 1104 409 1184 (vers.
432 1111 476 1182 t),
507 1101 642 1163 diceus:
672 1099 761 1172 Sive,
788 1105 823 1161 ut
850 1097 984 1161 Hebron
1038 1129 1120 1189 mus,
1139 1110 1199 1172 [ως
1222 1111 1383 1173 Zacharias
1411 1117 1567 1172 commate
1595 1108 1741 1171 hffifegim
1765 1108 1865 1187 jugu.

157 1202 322 1282 scribitur,
337 1201 498 1264 Dominus
507 1199 651 1282 possedit
667 1216 725 1259 me.
762 1215 873 1260 ennam
901 1198 983 1259 enim
1038 1207 1136 1269 labar,
1168 1206 1210 1268 Et
1236 1207 1386 1290 expletur,
1411 1208 1526 1287 inquis,
1557 1206 1644 1268 illud
1679 1205 1863 1266 vaticinium

156 1304 242 1400 (trip)
270 1323 330 1364 non
359 1301 475 1362 creavit
512 1320 570 1377 me,
596 1300 652 1360 sed
672 1298 820 1382 possedit
849 1318 896 1359 me
924 1296 983 1359 he-
1036 1304 1215 1385 Zacharia,
1231 1305 1387 1366 duntaxat
1392 1304 1490 1382 Juxta
1515 1302 1706 1365 Hebraiearn
1746 1303 1864 1362 verita-

80 1403 83 1408 ’
157 1399 296 1482 buitque,
312 1399 492 1481 signifieat.
511 1397 631 1459 Clarius
659 1396 763 1457 adhuc
791 1396 824 1456 in
850 1394 983 1475 epistola
1038 1407 1096 1464 tem
1130 1403 1169 1463 de
1204 1402 1354 1465 Ecclesia
1395 1401 1578 1483 uirginibus
1599 1400 1823 1484 prophetantis
1852 1421 1861 1460 :

157 1498 199 1561 td
240 1499 445 1578 cyprianum.
490 1495 544 1556 ubi
584 1493 716 1573 exponit
749 1494 982 1572 OelOgesifflum
1036 1500 1286 1580 complebuntur
1309 1501 1493 1574 infantibus,
1519 1507 1551 1561 et
1583 1500 1696 1579 puellis
1723 1498 1861 1559 ludenti·

155 1615 275 1659 nonum
318 1595 486 1674 psalmum.
519 1593 572 1654 Ait
605 1593 702 1669 igitur
729 1611 794 1653 uon
822 1591 917 1670 longe
942 1591 982 1652 ab
1036 1598 1095 1660 hus
1121 1599 1234 1679 platssae
1262 1596 1331 1676 ejus
1359 1596 1477 1679 (lacti,
1507 1614 1572 1677 uu,
1603 1597 1645 1677 5),
1671 1596 1750 1668 Quid
1776 1596 1892 1656 enim.

49 1724 52 1729 ·
156 1692 399 1757 initiozSimile
427 1692 549 1773 quidet
571 1690 604 1751 iu
633 1689 816 1751 Proverbiis
841 1711 878 1751 ex
906 1698 981 1772 per·
1035 1697 1356 1775 bonumcjusest,et
1384 1697 1460 1776 quid
1488 1697 1656 1776 pulchrum
1685 1695 1764 1774 ejus,
1796 1695 1859 1760 nisi

157 1811 234 1852 sona
257 1790 436 1872 Sapientia,
465 1788 521 1870 qui
552 1787 706 1850 Christus
747 1793 804 1863 est,
834 1787 1228 1869 tegitur:ltnumenrum
1257 1795 1440 1867 electorum,
1470 1800 1502 1855 et
1529 1794 1637 1854 vinum
1679 1792 1861 1872 germinans

156 1888 308 1950 Dominus
324 1887 441 1949 creavit
468 1905 519 1947 me
548 1887 672 1947 initium
702 1886 823 1947 viarum
851 1904 980 1947 suarum
1036 1891 1361 1972 virgines(Zaeh.1x,
1378 1895 1427 1964 tu,
1446 1890 1525 1971 t'l)?
1553 1889 1626 1951 Ista
1653 1895 1728 1949 suut
1751 1888 1857 1968 virgi·

83 2008 87 2015 ·
155 1985 189 2047 iu
216 2005 315 2066 opera
342 2002 423 2047 sua:
453 1990 526 2046 autc
554 1983 671 2044 saecuta
698 1983 843 2044 fundavit
871 2001 920 2045 mc
948 1983 980 2044 in
1035 2011 1101 2067 nes,
1131 1998 1190 2053 010,
1215 1991 1320 2061 Vides,
1350 1990 1488 2070 prudens
1515 1989 1625 2062 leesor,
1655 1987 1721 2070 spei
1741 1992 1857 2048 nostra

157 2084 526 2165 principiozcutequam
551 2085 668 2159 terram
697 2080 860 2142 ieceretet
888 2080 982 2161 abys·
1035 2090 1176 2171 fideique
1204 2089 1374 2167 mysteriis,
1412 2107 1484 2150 cum
1527 2087 1679 2150 adversus
1719 2086 1859 2153 Judaeos,

157 2201 222 2256 sos,
262 2181 447 2261 priusquam
477 2179 667 2259 produceret
695 2179 797 2240 fontes
813 2196 981 2258 eqourum,
1036 2187 1103 2242 tum
1133 2180 1283 2241 adversus
1308 2178 1484 2252 haereticos,
1509 2177 1684 2259 patrocinia
1697 2177 1859 2255 quesitas

85 2326 88 2332 .
159 2279 345 2360 priusquam
375 2282 498 2339 montes
531 2277 744 2347 firmarentur,
774 2281 847 2337 ante
874 2295 984 2338 omues
1037 2280 1197 2342 codicibus
1234 2279 1449 2352 Hebraeorum,
1493 2285 1523 2339 et
1551 2276 1698 2339 Ecclesiae
1726 2277 1861 2338 catholi-

35 2389 39 2397 '
160 2378 258 2441 colles
285 2374 725 2457 generavitmetProo.v1u,
756 2374 873 2447 22³5.)
898 2375 982 2437 Nul-
1036 2395 1082 2439 cae
1109 2378 1330 2439 invictissimos
1358 2377 1491 2457 pugiles,
1525 2375 1576 2435 ubi
1605 2375 1737 2454 quaestio
1759 2375 1861 2436 estdc

159 2474 227 2538 ium
256 2481 358 2536 autem
382 2473 471 2535 debet
498 2472 622 2534 cubum
647 2472 816 2533 creationis
852 2493 981 2549 ruovere,
1037 2474 1099 2536 lide
1124 2475 1295 2536 nativitatis
1322 2473 1448 2547 Christi,
1477 2472 1634 2551 Verbique
1663 2477 1783 2533 aeterne
1809 2489 1863 2550 ge·

157 2593 228 2635 eum
258 2574 291 2634 iu
316 2571 451 2634 Hebraeo
479 2570 600 2632 nonsit
626 2570 754 2643 creatio,
783 2590 850 2651 qua
863 2571 984 2634 dieitur
1037 2572 1210 2648 ueratione,
1237 2573 1277 2632 ad
1305 2571 1491 2633 Hebraicnm
1519 2588 1643 2648 semper
1670 2586 1859 2648 provocasse

159 2689 241 2735 snus
268 2672 369 2752 (nm),
395 2670 451 2731 sed
457 2668 619 2752 possessio
635 2690 644 2729 :
662 2668 707 2729 ita
731 2669 813 2730 enim
828 2670 984 2751 scriptum
1036 2669 1213 2731 veritatem.
1229 2668 1319 2738 Quod
1336 2668 1443 2747 utique
1465 2668 1622 2728 incassum
1651 2666 1769 2739 ivisset,
1799 2665 1859 2726 nisi

157 2776 215 2851 est,
245 2786 361 2834 suousr
417 2785 531 2829 esnsru
559 2784 668 2830 nasim
708 2783 826 2830 pascuo
870 2773 981 2844 (aruns
1037 2773 1185 2828 constans
1226 2783 1263 2826 ac
1302 2773 1456 2844 perpetua
1492 2763 1601 2824 luisset
1634 2762 1746 2823 habita
1773 2760 1859 2840 apud

157 2875 288 2952 tapnim
305 2853 435 2944 nabun),
452 2864 536 2945 quod
553 2864 586 2924 iu
612 2863 729 2945 lingua
757 2862 984 2944 nostraexpri·
1037 2881 1147 2923 omnes
1184 2862 1357 2923 auctoritas
1398 2861 1604 2923 Hebroeorum
1645 2859 1856 2921 voluminum.

158 2956 269 3029 mitur,
286 2960 427 3022 Dominis
457 2962 595 3041 possedit
618 2981 678 3036 me,
708 2963 832 3024 initium
860 2962 982 3023 riarum
1037 2961 1148 3023 Merito
1178 2959 1309 3040 proinde
1325 2958 1429 3021 aiebat
1444 2959 1653 3037 Hieronymus
1688 2956 1779 3035 epist.
1805 2959 1857 3027 ti,

159 3072 300 3116 suerum.
317 3053 406 3116 Inter
431 3058 655 3139 possessionem
671 3064 773 3119 autem
796 3064 825 3118 et
852 3058 984 3119 creatio·
1037 3056 1078 3117 ad
1092 3055 1300 3118 Marcellam:
1332 3053 1520 3136 Iampridem
1548 3073 1617 3114 cum
1646 3050 1859 3113 voluminibus

160 3163 228 3212 nem
243 3151 343 3211 multa
358 3154 528 3216 diversitas
542 3163 598 3229 est,
617 3156 782 3217 Possessio
796 3156 979 3236 significat,
996 3149 1018 3216 C
1037 3152 1241 3215 Hebraeorum
1278 3152 1445 3213 editionem
1484 3151 1612 3232 Aquila
1659 3153 1795 3228 caustro,
1822 3169 1860 3208 ne

161 3249 246 3330 quod
259 3259 377 3319 semper
391 3251 499 3314 Filius
523 3254 556 3315 in
571 3255 667 3316 Patre
681 3260 711 3314 et
725 3255 822 3315 Pater
839 3255 872 3314 in
895 3251 982 3314 Filio
1038 3251 1117 3332 quid
1129 3250 1265 3321 forsitan
1273 3255 1405 3332 propter
1419 3249 1526 3310 adirem
1545 3247 1675 3309 Christi
1693 3266 1861 3326 synagoga

157 3347 268 3416 riserit.
286 3350 411 3412 Creatio
426 3357 527 3412 autem
549 3352 629 3432 ejus,
646 3352 702 3433 qui
705 3352 804 3435 prius
819 3372 880 3412 uon
903 3357 981 3423 erat,
1037 3349 1215 3425 mutaverit,
1259 3353 1288 3407 et
1316 3353 1351 3409 ut
1386 3348 1491 3409 amica
1519 3348 1615 3407 menti
1651 3351 1764 3425 fatear,
1794 3364 1862 3425 qua

159 3445 352 3508 conditionis
393 3451 568 3513 exordium.
612 3453 700 3513 Idem
762 3452 981 3533 Hieronymus,
1037 3448 1080 3509 at
1121 3452 1261 3508 nostram
1293 3447 1399 3525 fidem
1426 3445 1604 3529 pertineant
1636 3443 1858 3521 roborandam,

158 3542 472 3618 libchuaestionum
501 3549 729 3612 Hebraicarum
767 3549 799 3610 iu
823 3549 982 3622 Genesim,
1029 3545 1130 3628 plura
1171 3544 1301 3627 reperio.
1357 3545 1584 3624 Suspicabatur
1634 3543 1681 3604 vir
1725 3549 1855 3603 sanctus

159 3646 192 3705 ct
212 3641 292 3703 libro
322 3644 423 3722 primo
451 3646 603 3708 adversus
645 3646 862 3718 toriniacum,
893 3654 984 3725 urget
1036 3642 1186 3722 Aquilam
1228 3640 1364 3703 subdola
1404 3640 1666 3722 interpretatione
1709 3638 1856 3701 nonnihil

160 3737 401 3801 immaculatum
440 3750 566 3820 partum
604 3742 741 3822 Virginis
783 3742 889 3806 ltlariae
915 3749 983 3805 tum
1038 3747 1176 3803 mutasse
1204 3740 1243 3801 de
1271 3739 1442 3819 scripturis
1466 3739 1592 3810 sanctis,
1620 3739 1761 3816 dumque
1789 3737 1858 3797 edi-

182 3839 272 3896 cntrc
304 3836 443 3912 Judaeos,
485 3845 553 3900 tum
583 3845 692 3901 contra
736 3838 912 3912 haereticos,
943 3859 983 3901 ex
1037 3838 1155 3900 tionem
1184 3836 1252 3917 ejus
1280 3855 1352 3899 cum
1380 3837 1468 3899 tonte
1510 3836 1643 3897 Ilebraeo
1683 3834 1859 3908 contendit,

159 3929 298 3994 dictione
326 3934 480 3997 Hebraica
505 3929 615 4011 nabun
637 3936 752 4010 aalma,
794 3954 865 4015 quae
905 3936 984 4016 legi·
1037 3936 1130 4016 plura
1154 3936 1272 4016 reperit
1299 3935 1457 3998 Hebraice
1482 3934 1614 3996 veritate
1640 3933 1680 3994 ad
1718 3951 1863 4012 compro·

162 4031 317 4092 tarlsciae
337 4048 389 4107 ru,
407 4034 456 4108 lt,
473 4033 528 4095 ubi
556 4034 644 4114 virgo
666 4034 814 4114 'paritura
841 4039 982 4095 nostrum
1037 4033 1198 4095 bationem
1228 4038 1345 4094 nostrae
1385 4031 1470 4094 fidei.
1500 4034 1602 4100 Quare
1630 4028 1707 4091 alibi
1721 4028 1862 4109 pudebat

162 4129 351 4192 Emmanuel
391 4132 542 4211 praedicta
570 4139 649 4196 erat.
680 4136 843 4214 Loquetur
865 4132 982 4208 lsaias,
1037 4136 1160 4194 tantum
1204 4131 1365 4192 doctorem
1419 4127 1630 4191 contentionis
1680 4132 1862 4189 nostrorum

159 4224 265 4306 inquit
292 4237 420 4291 sanctus
448 4231 821 4294 doctorlib.radvsrsus
849 4232 986 4294 Jovinia·
1037 4229 1220 4298 sciolorum,
1248 4227 1303 4306 qui
1330 4227 1518 4289 Hebraicam
1546 4225 1723 4296 veritatem,
1755 4223 1787 4284 id
1815 4230 1865 4286 est

161 4343 250 4404 num,
280 4327 347 4409 spei
375 4334 491 4389 nostre·
508 4331 657 4411 fideique
685 4332 880 4399 musterium.
904 4335 984 4395 Ecce
1038 4352 1128 4396 suam
1156 4350 1196 4394 ex
1223 4331 1358 4393 Hebraeo
1387 4329 1642 4403 translationem,
1671 4328 1863 4407 arguebant.

160 4421 250 4500 virgo
265 4422 296 4484 iu
327 4429 416 4486 utero
445 4427 600 4507 concipet,
625 4435 657 4490 et
686 4429 787 4509 pariet
811 4430 925 4504 tilium,
954 4435 985 4492 et
1037 4430 1152 4508 ludaei,
1168 4430 1283 4509 inquit,
1300 4435 1410 4492 contra
1423 4449 1456 4489 se
1470 4427 1595 4510 legunt,
1611 4433 1641 4487 et
1667 4426 1815 4508 quidpro
1830 4445 1864 4485 se

156 4520 285 4582 vocabis
300 4540 415 4584 nomen
443 4524 513 4605 ejus
540 4527 738 4589 Emmanuel.
767 4527 881 4609 (Ibid.)
908 4528 980 4590 Seio
996 4518 1019 4584 Ι)
1034 4531 1089 4611 sit,
1105 4529 1205 4590 nescit
1218 4527 1374 4589 Ecclesia.

153 4614 283 4685 Iudaeos
310 4627 459 4703 opponere
486 4627 596 4703 sotere,
627 4623 660 4684 in
700 4623 835 4687 Hebrao
858 4625 981 4687 verbum
1075 4632 1138 4691 Pro
1153 4625 1293 4688 Ecclesia
1308 4625 1445 4688 maxims
1460 4622 1628 4703 eratquod
1656 4623 1688 4682 in
1718 4621 1861 4702 prophe-

158 4733 273 4793 tatus,
290 4737 352 4777 non
367 4718 523 4800 virginem
548 4742 671 4802 souare,
687 4722 744 4782 sed
766 4722 982 4785 adolescentu—
1037 4730 1140 4789 tarum
1156 4724 1372 4787 voluminibus
1387 4723 1528 4786 Hebraeis
1543 4721 1733 4801 legebatur:
1762 4727 1864 4801 utque

160 4810 235 4874 lam.
264 4812 309 4874 Et
336 4835 442 4878 revera
469 4818 563 4900 virgo
590 4819 716 4901 proprie
740 4837 888 4901 seruum,
905 4823 983 4883 ado·
1039 4825 1261 4886 inconcussum
1289 4823 1422 4885 haberet
1450 4821 1528 4883 tides
1561 4819 1740 4880 Christiana
1776 4817 1864 4897 apud

15 4934 46 4995 1·
160 4907 511 4977 lescentulaauternuet
529 4916 651 4999 puella,
680 4936 743 4977 non
772 4937 875 4982 ancus
904 4920 985 4981 diei·
1036 4919 1297 5002 ipsos'inimieos¹
1316 4918 1545 4982 testimouium.
1575 4917 1758 4978 iudeorum
1787 4933 1865 4995 gen-

40 5069 42 5073 .
160 5011 225 5085 tur,
242 5009 298 5069 sed
312 5027 427 5073 nuans.
450 5013 542 5092 Quid
554 5019 601 5074 est
615 5013 721 5094 igitur
734 5017 818 5096 quod
846 5017 984 5098 siguifi—
1038 5025 1102 5083 tem
1143 5022 1225 5080 Deus
1255 5038 1311 5099 per
1339 5025 1439 5081 terras
1479 5014 1619 5093 dispergi
1658 5013 1758 5075 voluit
1790 5032 1864 5075 cum

159 5117 210 5166 cat
244 5109 375 5169 secun?
402 5110 632 5174 Absconditam
661 5112 832 5196 uirginem,
863 5116 899 5177 id
924 5124 982 5191 est,
1038 5116 1257 5180 instrumentis
1271 5117 1451 5179 divinarum
1481 5111 1866 5191 scripturarum,quibus

159 5203 338 5265 uansolum
362 5207 531 5289 virginem,
548 5210 605 5270 sed
631 5229 700 5270 cum
730 5213 850 5271 ἐπιτάσει
879 5213 985 5294 uirgi-
1039 5221 1156 5279 nostrae
1185 5213 1345 5293 religionis
1384 5216 1585 5275 sacramenta
1612 5228 1675 5271 non
1712 5211 1863 5284 conficta,

161 5319 229 5361 nem
246 5322 255 5360 :
272 5303 347 5383 quia
375 5324 437 5366 nou
466 5307 568 5368 omnis
597 5306 690 5387 virgo
714 5304 898 5371 abscondita
926 5316 982 5387 est,
1039 5313 1095 5375 ssd
1127 5330 1147 5372 a
1175 5328 1249 5372 vero
1278 5312 1343 5373 Deo
1376 5309 1533 5389 promissa
1573 5312 1668 5387 atque
1705 5307 1866 5387 completa

162 5418 217 5459 nee
244 5398 283 5460 ab
311 5400 471 5465 homiuum
491 5404 633 5483 fortuito
660 5410 806 5487 separata
848 5417 986 5490 conspec·
1039 5412 1308 5473 demonstrantur.
1338 5409 1417 5472 Hinc
1446 5413 1573 5471 sanctus
1600 5408 1796 5485 Augustinus
1824 5407 1866 5468 de

160 5502 232 5560 tu...
248 5499 288 5561 In
315 5524 350 5566 eo
363 5505 432 5568 loeo
459 5507 492 5567 iu
508 5525 569 5587 quo
583 5504 652 5566 ait:
683 5504 778 5584 Virgo
808 5526 878 5588 qum
902 5528 987 5589 egre·
1039 5506 1240 5571 civitatensi
1257 5507 1313 5570 lib.
1332 5526 1420 5581 xvrrr,
1436 5525 1506 5586 cap.
1522 5507 1562 5566 46
1580 5521 1586 5565 :
1603 5501 1705 5564 Nobis
1724 5504 1863 5584 quidem,

158 5593 274 5674 dictur,
303 5606 339 5664 ut
365 5602 492 5694 baurim
519 5599 850 5686 equam(Geu.xx1r,
881 5609 934 5684 16,
951 5607 986 5670 iu
1039 5602 1155 5686 inquit,
1172 5600 1619 5687 illoesufficiuutproplzetia,
1645 5618 1713 5682 qua
1740 5601 1780 5661 de
1805 5620 1865 5662 uo-
