3870 6120
121 199 184 254 977
728 207 840 262 LIBER
857 204 1024 261 tusuidus
1043 204 1255 281 eneruem.

165 332 194 383 el
208 327 353 399 expandet
369 326 433 384 aias
446 345 517 385 suas
532 346 623 402 super
637 331 768 409 bosran:
975 331 1002 400 Α
1017 329 1197 386 Annunliuie
1211 331 1241 385 in
1259 331 1408 403 gentibue,

124 399 166 454 u:
181 399 236 455 erit
252 416 303 455 cor
317 399 438 455 sortium
454 402 586 457 idumeae
602 403 631 458 in
647 403 694 461 die
717 404 778 475 illa,
802 401 888 478 quasi
912 419 962 459 cor
1052 406 1081 458 et
1095 402 1230 457 auditum
1247 402 1348 459 facite:

125 470 266 527 mulieris
281 472 488 543 parturientis.
839 498 843 507 =
1015 474 1122 529 Levate
1138 474 1269 546 signum,

1052 544 1216 617 prmdicute,
1232 551 1262 601 et
1276 544 1366 602 nolite
1382 546 1476 604 celare
1495 566 1502 604 :

407 605 454 663 AD
471 607 680 665 Damascum
1015 616 1132 673 Dicite:

1050 690 1138 760 Capta
1153 693 1198 743 est
1212 688 1271 744 Bnb
1292 687 1351 759 lon,

1050 760 1192 816 confusus
1208 764 1253 815 est
1267 706 1328 827 liei,

1049 829 1143 886 victus
1153 836 1198 887 est
1213 831 1380 887 biarodaeh.

1049 902 1170 959 confusa
1184 909 1256 960 sunt
1268 899 1417 975 sculptilia
1430 904 1504 975 ejus,

1049 979 1188 1045 superata
1202 978 1273 1031 sunt
1292 973 1492 1031 ldoiaeorum.

960 1091 965 1101 .
1014 1046 1157 1112 Quoniam
1173 1045 1306 1103 ascendit
1318 1051 1419 1102 contra
1434 1063 1499 1104 eam
1528 1062 1580 1102 ens
1595 1048 1631 1104 ab
1644 1049 1793 1121 aquilone,

1050 1134 1114 1190 qua:
1126 1124 1214 1189 ponet
1230 1124 1334 1173 terram
1351 1119 1415 1189 oJ'us
1431 1118 1460 1173 in
1476 1064 1666 1175 soiitndinam
1684 1136 1691 1176 :

1058 1206 1115 1244 non
1129 1191 1185 1244 erit
1199 1190 1249 1261 qui
1264 1189 1376 1245 habitet
1392 1192 1419 1244 in
1436 1207 1470 1245 ea
1486 1191 1522 1245 ab
1545 1190 1665 1248 homine
1688 1206 1782 1264 usqne
1806 1192 1843 1248 ad

1049 1277 1158 1332 pecus:
1174 1265 1203 1316 et
1218 1261 1287 1318 moti
1303 1265 1383 1332 sunt,
1399 1266 1427 1317 et
1443 1262 1591 1317 abierunt.

1014 1333 1045 1387 ln
1062 1332 1166 1388 diebus
1182 1330 1252 1397 illis.
1268 1337 1297 1389 et
1311 1333 1342 1387 in
1367 1337 1499 1405 temporo
1523 1331 1585 1400 illa,
1613 1334 1654 1390 ait
1685 1333 1843 1390 Dominus:
1917 1358 1920 1363 -

1047 1403 1166 1460 venient
1178 1402 1230 1459 ulii
1243 1403 1345 1474 lsrael,
1361 1404 1418 1476 ipai
1430 1410 1459 1461 et
1474 1404 1525 1459 lilii
1541 1404 1620 1462 iuda
1634 1404 1724 1462 simul
1739 1423 1746 1462 :

1013 1474 1207 1531 ambulantes
1222 1480 1252 1531 et
1267 1476 1372 1532 tientes
1388 1475 1597 1549 properabunt.

1048 1551 1077 1602 et
1092 1546 1251 1602 Dominum
1267 1551 1358 1602 Deum
1372 1563 1460 1603 suum
1475 1552 1616 1619 querant.

1013 1617 1045 1673 ln
1056 1617 1124 1674 Sion
1141 1618 1366 1691 interrogabunt
1380 1618 1468 1689 viam,

125 723 260 780 Confusa
275 726 320 780 est
335 721 452 794 Dmath,
465 727 494 779 st
509 724 647 797 Arpbad:

174 795 244 867 quia
259 795 395 851 auditum
409 796 572 867 pessimum
588 796 766 869 audierunt;

126 867 254 923 Turbati
267 871 338 922 sunt
349 866 379 922 in
396 867 470 923 mari
485 884 491 922 :

166 938 226 994 Prae
241 937 442 995 sollicitudine
455 938 603 1010 quiescere
615 956 671 995 non
702 939 773 997 otui.

126 1010 281 1066 Dissoluta
296 1013 340 1065 est
357 1015 518 1066 Damascus
533 1024 616 1067 versa
631 1011 661 1067 in
678 955 789 1085 pergam,

165 1087 277 1137 tremor
292 1082 487 1153 apprehendit
502 1096 585 1138 eam:

164 1153 303 1235 angustia
318 1158 346 1208 at
360 1153 476 1210 dolores
493 1156 653 1210 tenuerunt
668 1171 733 1210 eam
751 1153 836 1227 quusi
858 1157 958 1227 partu·
1014 1192 1048 1244 Et

202 1234 336 1280 rientem.

127 1298 283 1364 Quomodo
298 1295 521 1366 dereliquerunt
537 1296 684 1354 civitatem
701 1296 891 1370 laudabilem,

166 1370 269 1424 urbem
288 1365 392 1423 iaetitira
403 1368 418 1422 i

125 1440 195 1495 Ideo
211 1440 449 1510 eadentjurenes
465 1440 530 1510 ejus
549 1438 579 1494 in
596 1439 701 1512 plateis
713 1441 797 1511 ejus:

163 1516 193 1567 et
206 1527 309 1567 omnes
323 1510 377 1566 viri
393 1509 484 1582 prelii
500 1511 698 1568 conticescent
717 1513 746 1568 in
764 1512 811 1569 die
836 1511 898 1584 illa,
918 1512 960 1568 ait

198 1583 344 1638 Dominus
360 1582 556 1638 exercituum.

124 1654 160 1709 itt
175 1655 354 1710 succendam
369 1654 466 1725 ignem
484 1655 513 1709 in
530 1670 615 1709 muro
629 1653 774 1725 Damasci,
973 1703 998 1769 B
1049 1689 1107 1746 buo
1123 1690 1212 1746 facies
1227 1705 1340 1746 eorum.

125 1730 154 1782 ⁰*
169 1726 323 1782 defflmbit
336 1727 443 1782 mnia
459 1725 595 1781 Bemdfld
613 1726 632 1782 ¹·
1014 1761 1137 1817 Venient
1150 1766 1179 1817 et
1193 1767 1379 1835 apponentur
1390 1763 1426 1819 ad
1441 1762 1600 1819 Dominum
1610 1763 1716 1819 ioedere
1731 1762 1840 1834 sempi-

229 1840 277 1894 Ab
297 1839 427 1908 cubae,
450 1841 495 1895 ar
515 1840 563 1896 ab
583 1840 706 1897 audite
725 1841 829 1911 asoti,
1085 1837 1179 1901 terno,

165 1927 705 2000 QiuepercassitNabuchododoeorreae
719 1930 881 2002 Babylonis.
1012 1901 1555 2032 Grffd1¹¹i¹¹⁸⁰b¹iVi⁰⁰⁰d⁰¹ebi¹⁰f·
1662 1993 1669 2009 ⁸

1102 1976 1236 2048 perditus
1252 1977 1347 2032 iaetus
1361 1981 1407 2032 est
1422 1976 1549 2049 pupulus
1565 1992 1669 2035 meus.

122 2045 191 2101 Hac
208 2044 281 2101 dicit
295 2044 437 2101 Dominus
453 2061 460 2102 :
1069 2054 1181 2104 astares
1197 2062 1299 2102 eorum
1314 2048 1493 2103 seduxerunt
1508 2065 1570 2115 ens,

122 2117 256 2190 surgite,
272 2121 301 2172 st
317 2117 467 2173 ascendite
483 2117 520 2172 ad
535 2114 636 2189 Dedan,
1047 2064 1239 2189 feceruntque
1253 2118 1352 2190 vagari
1366 2118 1396 2176 in
1412 2120 1583 2176 montibus:

161 2194 191 2245 et
205 2192 320 2245 vastate
335 2188 413 2245 filios
423 2188 558 2245 orientis.
1011 2190 1052 2247 De
1067 2194 1167 2247 monte
1182 2189 1212 2244 in
1229 2188 1335 2245 collem
1351 2189 1545 2259 transierunt,

120 2259 345 2318 Tabernncdula
360 2277 473 2327 eorum,
490 2264 518 2316 et
531 2275 636 2332 greges
651 2275 753 2315 eorum
767 2259 901 2334 capient:
1082 2261 1168 2318 obliti
1182 2264 1254 2317 sunt
1269 2260 1377 2318 cubilis
1392 2262 1448 2318 sui.

157 2331 376 2405 polissemum,
391 2337 419 2388 et
432 2331 531 2388 omnia
545 2348 617 2387 vasu
627 2346 743 2400 eorum,
1012 2333 1122 2389 Omnes
1137 2333 1187 2405 qui
1205 2333 1393 2401 invenerunt,
1409 2331 1601 2390 comederunt
1615 2346 1664 2388 eos
1679 2348 1685 2387 :

158 2409 187 2460 et
203 2402 331 2459 camelos
345 2419 447 2460 eorum
464 2401 569 2459 tolient
584 2400 661 2459 sibi:
1047 2409 1077 2460 et
1090 2405 1190 2461 hostes
1205 2419 1306 2460 eorum
1321 2404 1476 2466 dixerunt:
1493 2403 1556 2460 Non
1571 2403 1777 2477 peccavimus:

157 2480 187 2532 et
204 2475 350 2531 vocabunt
365 2491 456 2547 super
470 2491 520 2531 eos
533 2472 723 2530 formidinem
740 2473 768 2530 in
786 2472 912 2531 circuitu
1012 2475 1065 2531 Pro
1080 2492 1114 2532 ea
1128 2476 1205 2546 quod
1222 2480 1415 2547 peccaverunt
1438 2475 1563 2533 Domino
1587 2475 1684 2531 decori
1705 2475 1841 2548 justitia,
1928 2530 1933 2539 ,

122 2549 239 2619 Fugite,
256 2547 335 2602 abite
349 2547 549 2616 vehementer,
1047 2550 1076 2603 et
1087 2546 1299 2619 exspectationi
1314 2552 1429 2620 patrum
1445 2563 1547 2603 eorum
1561 2547 1698 2604 Domino.

158 2621 189 2674 in
205 2618 397 2690 voraginibus
410 2618 519 2689 sedate,
531 2617 582 2690 qui
600 2615 743 2675 habitatis
754 2617 834 2688 deor,
851 2618 893 2674 ait
903 2618 958 2674 Do·
1012 2618 1149 2675 Recedite
1163 2619 1200 2674 de
1214 2618 1311 2674 medio
1326 2618 1493 2692 Babylonis,
1576 2687 1582 2700 ·

201 2689 322 2746 minus:
948 2697 951 2702 ·
1046 2694 1075 2745 et
1087 2691 1122 2746 de
1133 2694 1210 2745 terra
1220 2688 1425 2746 Chaldaeorum
1441 2688 1637 2762 egredimini:

120 2762 193 2818 lniit
208 2760 286 2818 enim
303 2765 406 2818 contra
421 2779 472 2818 vos
500 2759 773 2817 Nabuchodonosor
788 2777 838 2818 rex
866 2761 957 2836 Baby·
1047 2766 1076 2817 et
1090 2765 1184 2818 estote
1199 2760 1284 2833 quasi
1300 2761 1375 2816 haedi
1392 2769 1458 2817 ante
1473 2775 1587 2833 greges.

194 2832 273 2890 lonis
289 2833 460 2901 consilium,
1010 2834 1154 2899 Quoniam
1164 2848 1232 2889 ecce
1246 2847 1315 2904 ergo
1331 2834 1453 2902 suscito,
1467 2838 1496 2888 et
1510 2831 1658 2888 adducam
1674 2830 1703 2885 in
1720 2829 1841 2903 Babylo·

156 2910 186 2962 ct
200 2904 340 2977 cogitavit
354 2905 512 2961 adversum
526 2920 577 2959 vos
593 2901 795 2974 cogitationes.
1081 2921 1147 2962 nem
1166 2904 1423 2977 congregationem
1440 2902 1574 2976 gentium
1601 2918 1776 2975 magnarum
1806 2903 1842 2957 da

119 2977 306 3048 consurgite,
322 2979 351 3032 et
366 2977 518 3033 ascendite
533 2976 569 3032 ad
585 2979 701 3046 gentem
719 2975 860 3047 quietam,
1085 2981 1163 3033 terra
1178 2974 1347 3045 aquilonis:

160 3054 191 3105 et
206 3048 393 3104 habitantem
412 3048 606 3118 confidenter,
623 3045 664 3101 ait
678 3046 840 3103 Dominus:
972 3070 995 3138 C
1014 3051 1042 3103 et
1052 3050 1296 3121 praeparabuntur
1306 3047 1449 3104 adversus
1464 3061 1541 3118 eam,

122 3122 189 3178 Non
206 3121 292 3184 ostia,
310 3136 362 3175 nec
377 3124 473 3177 venies
488 3119 549 3176 eis:
1049 3122 1078 3175 et
1092 3119 1161 3176 indo
1174 3119 1324 3191 capietur:

158 3191 215 3249 soli
233 3190 377 3249 habitant.
1011 3189 1127 3263 Sagitta
1141 3192 1216 3264 ejus,
1233 3189 1318 3263 quasi
1332 3188 1387 3246 viri
1398 3189 1482 3249 lortis
1497 3187 1705 3260 interlectoris,

119 3266 157 3321 lii
169 3267 260 3320 erunt
273 3260 377 3318 cameli
392 3277 493 3318 eorum
514 3261 544 3316 in
560 3258 771 3331 deceptionem,
1011 3277 1069 3317 non
1085 3267 1249 3320 revertetur
1261 3278 1365 3332 vaona,

159 3341 189 3392 el
202 3333 362 3391 multitudo
372 3335 577 3405 jumentorum
593 3332 623 3386 in
638 3332 786 3404 praedam:
1008 3333 1045 3390 Dt
1059 3333 1115 3390 erit
1129 3333 1264 3390 Cbeldaa
1279 3333 1310 3391 in
1325 3333 1474 3407 predam:

118 3407 332 3489 Eldispergam
342 3422 392 3462 eos
404 3405 433 3460 in
444 3421 562 3462 omnem
574 3401 764 3475 ventum‚qui
775 3406 847 3459 eunt
856 3407 954 3461 atton·
1045 3422 1148 3462 omnes
1158 3410 1308 3463 vastantes
1322 3420 1385 3462 eam
1402 3403 1605 3478 replebuntur,
1621 3404 1663 3461 ait
1679 3403 1834 3461 Dominus.

194 3495 219 3534 si
237 3478 267 3533 in
285 3493 420 3534 comam:
800 3544 807 3557 .
1008 3476 1153 3543 Quoniam
1168 3476 1331 3546 exsultatis,
1347 3481 1377 3534 et
1391 3493 1500 3551 magna
1514 3475 1682 3552 loquimini,
1693 3473 1835 3548 diripien·
1903 3490 1907 3497 ·

158 3555 189 3607 et
201 3564 237 3606 ex
249 3548 330 3605 omni
349 3547 476 3605 confinio
501 3561 603 3603 eorum
628 3545 774 3602 adducam
799 3545 952 3605 interitum
1077 3549 1327 3606 toshereditatem
1344 3564 1459 3605 meam:

118 3694 154 3750 m
194 3637 355 3749 effusus
372 3617 580 3748 ahithtitongliffug.
592 3687 752 3744 draconum
1005 3621 1251 3748 Quzniumflitiusi
1259 3622 1337 3750 tsettis
1351 3620 1429 3703 sicut
1445 3620 1557 3678 vitulus
1581 3636 1672 3693 super
1701 3618 1836 3685 herbam,

170 3709 212 3750 err
267 3709 361 3749 eorm
398 3707 477 3748 aaa
528 3707 544 3744 u
1041 3708 1257 3749 emersasu
1299 3708 1373 3749 auri.

195 3765 314 3820 deserta
327 3779 421 3847 usque
436 3762 466 3818 in
482 3767 625 3817 aternum
640 3777 647 3817 :
757 3729 765 3756 ⁹
1005 3708 1193 3819 coniusageat
1207 3769 1301 3821 mater
1314 3768 1412 3818 vestra
1427 3760 1527 3830 nimis,

155 3852 216 3892 non
233 3834 480 3899 menelritrbivir‚
599 3902 605 3913 .
632 3901 638 3913 ¹
1041 3838 1070 3889 et
1085 3834 1239 3906 adaquata
1253 3833 1377 3906 pulveri,
1390 3849 1454 3905 que
1469 3831 1572 3904 genuit
1587 3848 1639 3888 vos

155 3923 210 3963 neo
227 3906 336 3963 incolet
350 3922 415 3963 eam
431 3904 510 3960 lilius
526 3902 666 3960 hominis.
1005 3907 1078 3961 Ecce
1093 3905 1253 3962 novissima
1267 3903 1324 3961 erit
1338 3904 1367 3959 in
1383 3904 1534 3974 gentibus,

119 3979 202 4046 Quod
220 3980 333 4035 sactum
347 3977 522 4034 asteerbnm
538 3973 654 4030 Domini
666 3971 870 4030 adteremism
885 3989 950 4046 pro·
1041 3976 1168 4044 deserta,
1184 3976 1273 4047 invia,
1289 3977 1318 4033 et
1333 3992 1429 4032 arens.

193 4050 311 4121 phetam
325 4050 467 4106 adversus
481 4045 575 4111 Diam,
1004 4047 1045 4103 nb
1061 4047 1105 4104 ira
1119 4048 1236 4105 Domini
1251 4064 1311 4105 nnn
1326 4046 1520 4112 habitabitur,

119 4114 682 4248 HingrincilpioregniSsdegiaelglegis
705 4115 793 4185 luda,
822 4115 947 4174 dicens:
1003 4120 1089 4246 Osed
1106 4116 1598 4247 ”digitum-‘’iii‘'⁸⁰1¹3ii¹idi⁰⁰m³
1637 4191 1648 4244 t
1708 4188 1750 4244 Μ

117 4210 190 4321 a:
213 4198 274 4336 ei
291 4204 591 4344 delibastis:
608 4228 702 4328 num,
1029 4207 1320 4334 illitteratis:
1333 4203 1706 4343 :titntbtittnttfss
1729 4205 1736 4242 ¹
1754 4228 1762 4254 ’

153 4341 184 4392 et
199 4352 349 4392 summam
365 4335 568 4392 tortitudinem
583 4346 697 4387 eorum.
1002 4333 1209 4406 Praeparamini
1220 4339 1322 4391 contra
1336 4333 1515 4406 babylonem
1525 4349 1577 4405 per
1592 4334 1749 4389 circuitum
1765 4348 1827 4389 om·

117 4406 152 4463 ut
169 4408 309 4463 inducam
325 4423 414 4490 super
428 4405 510 4462 Elam
526 4406 653 4476 quatuor
667 4404 769 4458 ventos
784 4417 801 4457 a
820 4405 948 4473 quatuor
961 4435 987 4499 D
1073 4422 1125 4462 nes
1139 4406 1190 4478 qui
1205 4405 1327 4463 tenditis
1343 4421 1465 4473 arcum;

193 4479 289 4552 plagis
303 4478 366 4535 omli
379 4495 386 4535 :
766 4542 771 4554 Ι
1037 4476 1180 4533 debellate
1191 4494 1254 4533 eam
1267 4494 1275 4532 ι

223 4556 253 4607 at
267 4549 412 4606 ventilabo
427 4565 478 4605 eos
494 4547 524 4602 in
540 4560 641 4601 omnes
652 4546 753 4599 ventos
764 4546 857 4601 istos:
1002 4547 1066 4605 Non
1079 4549 1205 4619 parociis
1215 4547 1325 4620 iaculis
1342 4563 1349 4602 :

149 4627 181 4679 et
198 4622 324 4678 nouerit
338 4638 422 4694 gens,
437 4621 572 4690 adquam
597 4633 655 4673 non
681 4614 853 4688 perveniant
879 4632 947 4689 pro·
1037 4620 1108 4691 quia
1123 4619 1246 4676 Domino
1263 4618 1403 4692 peccavit.

186 4692 250 4765 lugi
266 4692 360 4750 Elam.
1000 4688 1128 4747 Clamate
1143 4691 1285 4749 adversus
1300 4707 1384 4748 eam:

111 4765 147 4820 Et
163 4781 269 4837 pavere
285 4764 388 4821 inciam
405 4761 485 4818 Diam
501 4775 597 4817 coram
614 4756 744 4814 inimicis
759 4757 833 4827 suis,
1036 4763 1145 4834 ubique
1160 4764 1384 4831 deditmanum‚

149 4844 180 4891 et
195 4837 225 4891 in
243 4840 400 4908 conspectu
416 4832 610 4906 quaerentium
626 4828 755 4886 animam
770 4845 872 4886 eorum
888 4847 894 4885 :
1035 4835 1204 4891 ceciderunt
1219 4836 1410 4891 fundamenta
1422 4831 1498 4903 ejus,

109 4908 146 4963 Et
162 4909 311 4963 adducam
326 4923 417 4979 super
430 4921 480 4962 eos
497 4902 620 4972 malum,
645 4901 720 4957 irem
745 4899 852 4957 luroris
875 4901 945 4971 mei,
1034 4906 1176 4962 destructi
1190 4910 1262 4962 eunt
1276 4905 1353 4961 muri
1368 4905 1444 4987 ejus,

186 4979 259 5035 dicit
274 4979 435 5036 Dominus:
1034 4979 1175 5048 quoniam
1187 4976 1261 5034 ultio
1275 4978 1392 5033 Domini
1406 4980 1461 5032 est.

144 5056 175 5106 aa
192 5049 303 5106 mittam
313 5055 379 5123 post
392 5065 443 5106 eos
453 5045 585 5119 gladium
597 5043 689 5099 donec
698 5058 873 5101 consumam
882 5060 943 5101 eos.
998 5046 1143 5105 Ultionem
1160 5049 1282 5122 accipite
1297 5048 1333 5104 de
1346 5063 1400 5114 en;

108 5116 658 5191 Rtponamsoliummeuminillam,
751 5183 757 5196 α
1032 5118 1355 5191 sicutteoit,fa0iteai.

148 5195 185 5249 ut
198 5193 317 5265 perdam
335 5193 403 5249 inde
419 5205 503 5261 reges
518 5193 546 5243 et
559 5186 716 5258 principes.
732 5190 773 5240 ert
787 5186 942 5244 Dominus.
999 5191 1161 5263 Disperdite
1176 5197 1303 5249 satorem
1319 5191 1354 5247 de
1369 5188 1526 5262 babylone,

106 5265 142 5322 ln
161 5265 331 5321 novissimis
347 5269 446 5321 sutem
461 5260 566 5318 diebus
581 5258 684 5314 reverti
697 5256 801 5313 taciem
812 5258 943 5332 captivos
1031 5272 1059 5319 et
1074 5267 1223 5319 tenentem
1240 5264 1343 5319 lalcem
1360 5261 1535 5332 intempore
1549 5261 1674 5317 messis:

187 5336 285 5396 Diam.
765 5399 770 5411 ⁸
995 5334 1104 5391 Aiacis
1118 5333 1208 5406 gladii
1223 5334 1365 5391 columbe:
1391 5331 1595 5403 unusquisque
1618 5332 1653 5387 ad
1679 5328 1822 5403 populum

106 5409 194 5482 (cup.
214 5408 258 5468 L.)
268 5406 397 5462 Verbum
409 5403 485 5476 quod
502 5402 618 5457 locutus
631 5402 676 5455 est
689 5403 832 5456 Dominus
842 5398 877 5457 de
888 5404 942 5456 Ba·
1066 5422 1155 5462 suum
1172 5411 1369 5472 convertetur,

186 5478 302 5551 bylone,
318 5483 348 5534 et
361 5479 397 5534 de
412 5480 491 5532 terra
505 5471 720 5541 Chaldaeorum,
1030 5479 1061 5532 et
1074 5477 1186 5550 singuli
1200 5479 1237 5534 ad
1252 5486 1358 5535 terram
1374 5491 1459 5532 susm
1475 5472 1597 5546 logicat,

145 5551 180 5607 in
197 5567 287 5608 manu
302 5547 436 5607 Jeremia
445 5543 604 5620 propheta.
995 5547 1232 5623 Grexdispersae
1246 5548 1346 5619 Israel,

143 5696 152 5729 ¹
165 5692 255 5749 Solus
264 5694 360 5750 Canon
376 5688 510 5748 Ecclesia
520 5685 762 5744 carcassonensis
773 5687 879 5745 retinet
894 5688 941 5746 bic
955 5706 1053 5748 veram
1068 5691 1237 5765 lectionem,
1253 5707 1359 5764 nempe
1375 5689 1522 5747 Dcmrdcb:
1548 5687 1596 5746 alii
1625 5707 1729 5749 omnes
1745 5710 1819 5762 msa,

103 5764 230 5822 codices
250 5769 386 5838 corrupte
400 5763 503 5836 legunt
519 5758 656 5817 Derrcdab.
668 5758 762 5815 Maar.
