3870 6120
127 248 198 306 1325
769 252 876 306 LIBER
895 251 1191 309 euoluuuioituu.
1762 262 1832 322 isse

161 375 190 428 et
200 370 290 427 fallax
305 370 489 443 obtemperat
500 369 588 427 labiis
604 370 809 429 mendacibus.
968 373 1134 446 Almpius,
1157 389 1224 429 cum
1241 373 1270 429 in
1293 375 1473 448 profundum
1498 380 1610 437 venerit
1631 387 1818 457 peccatorum
1923 394 1926 399 '

129 444 185 511 Qui
201 443 326 526 despicit
337 459 507 515 pauperem,
524 443 680 514 exprobrat
694 443 796 500 lectori
813 444 877 516 ejus
893 459 900 499 :
1082 446 1262 515 contemnil;
1821 430 1831 461 ’

166 520 195 572 et
213 530 263 587 qui
276 515 362 570 ruina
372 514 627 587 lateturelterius,
638 532 696 572 non
707 516 764 573 erit
777 516 954 589 impunitus.
1044 519 1095 573 sed
1112 517 1247 589 sequitur
1261 533 1329 575 euin
1344 517 1508 592 ignominia
1528 526 1557 579 et
1569 526 1773 598 opprobrium.

126 591 241 645 Corona
255 603 360 644 senum
378 586 431 642 filii
446 584 596 643 liliorum:
1007 593 1091 660 Aqua
1106 589 1251 660 profunda
1265 590 1355 646 verbe
1378 607 1413 646 ex
1427 609 1476 648 ore
1491 592 1563 661 viri;

162 662 192 714 et
224 658 300 714 loria
314 658 443 714 filiorum
460 662 559 731 patres
572 674 685 715 eorum.
1042 664 1070 715 et
1085 665 1200 717 torrens
1216 661 1386 718 redundans
1407 663 1472 720 lons
1488 667 1650 737 sapientire.

126 731 190 787 Non
205 676 453 814 ffecentstultum
466 731 559 814 verba
574 730 756 813 composita;
1006 732 1145 804 Accipere
1156 749 1316 815 personam
1331 733 1422 818 'impii
1432 742 1551 820 nep-est
1565 739 1686 797 bonum.

126 800 880 946 odll‘ittttlmlltllilibitana.2
1006 802 1527 935 atiltilitatltlttllsll

162 960 338 1028 quocunque
353 960 382 1001 se
398 946 494 1016 vertit,
510 945 669 1018 prudentor
686 947 834 1023 intelligit.
1040 950 1069 1003 et
1087 961 1120 1001 os
1133 947 1198 1018 ejus
1209 946 1312 1030 iurgia
1340 955 1487 1018 provocat.

126 1016 181 1081 Qui
198 1016 273 1073 celat
291 1018 443 1085 delictum,
473 1017 578 1090 querit
592 1010 758 1077 amicitias?
842 1064 847 1069 .
1004 1015 1042 1074 Os
1058 1016 1141 1073 stulti
1157 1017 1295 1074 contritio
1311 1019 1393 1090 ejus:

163 1090 214 1161 qui
231 1090 322 1145 altero
333 1104 469 1145 sermone
484 1088 600 1161 repetit,
616 1099 732 1162 separat
748 1093 913 1156 foederatos.
1039 1094 1068 1144 θῑ
1083 1087 1161 1146 labia
1176 1089 1279 1162 ipsius,
1297 1090 1384 1147 ruina
1398 1091 1502 1146 anim&
1518 1094 1594 1165 ejus·

126 1159 195 1216 Plus
211 1160 484 1287 prolicittcorreptio
499 1161 577 1233 apud
594 1163 780 1234 prudentem,
805 1167 808 1172 “
1002 1158 1098 1216 Verba
1112 1160 1265 1233 bilinguis,
1281 1161 1365 1233 qussi
1382 1163 1553 1234 simplicia:

183 1248 251 1288 uam
267 1248 320 1288 cen
337 1249 386 1288 um

124 1249 244 1376 Semper
255 1303 356 1376 iurgia
371 1250 476 1377 qupaerll.
498 1302 610 1360 malus:
1072 1310 1183 1360 ventris
1192 1304 1213 1358 ⁴.

161 1393 197 1432 au
221 1374 283 1431 elus
299 1380 397 1432 autem
413 1374 541 1432 crudelis
557 1376 693 1432 mittetur
704 1382 895 1440 cortracum.
1001 1373 1054 1437 0¹15
1070 1374 1168 1431 mollit
1183 1380 1212 1431 el
1226 1375 1391 1433 dissolutus
1405 1380 1450 1433 est
1466 1377 1496 1434 in
1512 1395 1600 1451 opere
1615 1397 1680 1451 suu,

124 1392 246 1518 Expefiit
261 1448 355 1520 inagis
371 1463 446 1503 ursa
463 1462 615 1504 occurrere
630 1448 723 1520 raptis
739 1449 857 1509 letibus.
1037 1446 1127 1501 fralet
1142 1452 1185 1502 etl
1199 1463 1255 1504 suu
1281 1463 1370 1520 opera
1390 1448 1574 1520 dissipantis.

161 1535 249 1603 quam
267 1520 347 1574 latuo
362 1518 519 1574 cuntidcuti
536 1518 593 1575 sibi
609 1520 639 1575 in
655 1519 782 1578 stultitia
797 1540 861 1580 sun.
1000 1517 1101 1573 Turris
1114 1518 1287 1584 fortissima,
1313 1535 1418 1576 ¹10⁰]ssss
1434 1520 1572 1578 Domini}

124 1590 178 1655 Qui
192 1591 291 1646 reddit
317 1588 396 1646 mala
410 1607 462 1663 pro
478 1590 574 1660 bonis,
1036 1589 1072 1644 ad
1087 1589 1183 1661 ipsum
1198 1591 1290 1647 currit
1300 1591 1413 1662 justus,
1428 1595 1457 1647 ct
1475 1593 1660 1652 exaltabitur.

159 1678 216 1718 non
234 1661 349 1718 recedet
367 1662 479 1719 malum
504 1662 540 1717 de
556 1662 641 1718 domo
656 1662 732 1732 eius.
999 1659 1170 1717 Substantia
1184 1662 1286 1718 divitis
1302 1662 1372 1718 urbs
1385 1663 1500 1720 roboris
1513 1666 1588 1736 ejus,

123 1734 178 1799 Qui
196 1733 321 1788 dimittit
337 1750 455 1807 squam,
473 1738 562 1805 ceput
576 1738 621 1790 est
632 1733 819 1807 jurgiorum:
959 1747 984 1815 Β
1034 1738 1062 1788 el
1075 1734 1160 1805 quasi
1177 1749 1281 1790 murus
1300 1732 1416 1790 validus
1431 1736 1617 1794 circumdans
1631 1755 1710 1795 eum.

157 1810 186 1861 et
201 1811 359 1877 antequam
374 1803 881 1879 patiaturcontumeliam,judicium
898 1810 945 1869 de·
997 1805 1161 1876 Antequam
1178 1810 1356 1873 0⁰ssl⁰ffllub
1377 1807 1533 1876 elssllflluri
1549 1824 1599 1865 ⁰⁰?
1614 1810 1763 1870 imminit:

194 1877 276 1932 serit.
1032 1881 1062 1932 et
1074 1881 1231 1947 antequam
1247 1877 1435 1950 glorificetur,
1455 1877 1639 1939 humiliatur.

121 1947 174 2012 Qui
186 1949 332 2020 justificat
346 1947 482 2020 impium,
506 1950 535 2003 et
550 1946 600 2019 qui
616 1948 792 2007 condemnat
814 1951 943 2024 justum,
997 1947 1051 2012 Qui
1067 1947 1148 2020 prius
1164 1950 1319 2021 respondet
1338 1965 1426 2020 quum
1442 1951 1553 2018 audiat,

156 2019 365 2077 abominabilis
380 2025 425 2076 est
450 2029 571 2091 uterque
587 2020 664 2091 apud
678 2026 782 2078 Deum.
1032 2018 1157 2075 stultum
1169 2022 1473 2090 seessedemonstrst,
1485 2023 1817 2100 etconlusionedignum

119 2089 193 2154 Quid
210 2092 329 2164 prodest
343 2090 434 2147 stulto
450 2091 557 2147 babere
572 2090 700 2164 divitius,
996 2088 1123 2162 Spiritus
1138 2091 1192 2147 viri
1207 2097 1357 2148 sustentat
1371 2093 1604 2152 imbecillitatem
1620 2112 1726 2152 suam:

156 2179 223 2218 cum
240 2162 414 2235 sapientiam
428 2178 525 2219 emere
541 2178 597 2218 nou
613 2165 706 2234 possit
717 2165 747 2219 ¹?
1031 2161 1167 2232 spiritum
1182 2177 1250 2219 vero
1260 2164 1295 2220 nd
1307 2163 1494 2221 irascendum
1508 2165 1623 2225 facilem
1634 2169 1701 2240 quis
1710 2170 1818 2243 poterit

118 2233 205 2290 Omni
221 2240 350 2308 tempore
365 2234 462 2306 diligit
477 2233 528 2306 qui
544 2231 656 2290 amicus
671 2239 736 2292 est:
1067 2234 1241 2291 sustinere?

153 2310 182 2361 et
199 2306 289 2363 irater
303 2307 333 2361 in
349 2305 494 2379 angustiis
508 2321 572 2361 com
596 2305 726 2363 robatur.
993 2305 1049 2362 Gor
1063 2305 1193 2375 prudens
1206 2304 1366 2377 possidebit
1379 2305 1535 2363 scientiam
1551 2324 1558 2364 :

117 2380 210 2433 Homo
225 2377 336 2434 stultus
351 2378 470 2450 plaudet
491 2321 638 2433 menibus.
1029 2377 1154 2433 elauris
1169 2376 1350 2450 sapientium
1365 2379 1654 2450 quaeritdoctriiiam.

152 2466 220 2505 cum
232 2449 424 2522 spoponderit
439 2465 490 2521 pro
507 2447 600 2505 amico
625 2465 690 2505 suo.
994 2450 1107 2504 Donum
1123 2447 1252 2505 hominis
1267 2448 1371 2505 dilatat
1385 2450 1463 2507 viam
1488 2467 1504 2507 e
1519 2467 1564 2518 us,

115 2520 170 2585 Qui
187 2522 348 2577 meditatur
376 2519 564 2590 discordiam,
581 2520 680 2603 dirigit
694 2519 772 2577 rixas
789 2537 796 2578 :
1029 2522 1057 2574 et
1070 2522 1136 2576 ante
1152 2519 1300 2593 principes
1315 2521 1444 2592 spatium
1461 2522 1487 2577 ei
1513 2524 1580 2580 ecit.

151 2597 181 2649 et
197 2592 248 2664 qui
264 2591 374 2648 exaltat
401 2591 511 2649 ostium
527 2593 548 2659 ²,
563 2596 669 2664 querit
685 2592 812 2650 ruinam.
990 2589 1106 2658 lustus,
1124 2594 1203 2664 prior
1217 2598 1261 2648 est
1273 2598 1426 2649 accusator
1440 2593 1485 2648 sui
1503 2610 1510 2647 ε

113 2663 167 2728 Oui
184 2665 313 2737 perversi
329 2664 426 2720 cordis
438 2669 494 2733 est,
506 2679 564 2719 non
577 2662 705 2720 inveniet
719 2664 847 2724 bonum:
1026 2663 1105 2718 veuit
1119 2663 1232 2718 amicus
1247 2663 1323 2733 ejus,
1344 2668 1373 2720 et
1390 2663 1576 2736 investigabit
1589 2682 1668 2723 eum.

148 2741 177 2791 et
196 2736 246 2808 qui
261 2736 348 2792 vertit
377 2735 514 2806 linguam,
530 2734 641 2791 incidet
657 2736 687 2792 iu
708 2736 829 2794 melum.
990 2733 1240 2790 Contradicliones
1268 2734 1437 2807 comprimit
1452 2751 1527 2802 sors,

113 2806 207 2865 Natus
223 2805 388 2864 eststultus
405 2808 434 2863 in
448 2806 640 2879 ignominiam
656 2823 759 2865 suem:
1025 2809 1055 2860 et
1069 2804 1144 2860 inter
1159 2809 1292 2877 potentes
1312 2821 1369 2877 quo
1393 2822 1429 2863 ue
1442 2806 1596 2879 dijudicat.

148 2879 200 2935 sed
213 2895 265 2936 nec
281 2883 362 2950 pater
374 2878 403 2934 in
425 2878 505 2935 fatuo
530 2875 686 2960 letabitur.
989 2874 1099 2932 Frater.
1111 2877 1162 2960 qui
1178 2877 1334 2960 adjuvatur
1350 2822 1473 2946 electra,
1485 2879 1570 2950 qussi
1580 2878 1684 2938 civitas
1695 2880 1806 2941 dirma:

112 2949 239 3006 Animus
254 2951 386 3023 gaudeus
402 2954 517 3006 etatem
533 2949 669 3006 lloridam
682 2950 752 3006 lacit
768 2965 774 3005 :
1024 2951 1053 3004 et
1064 2947 1178 3018 judicia
1192 2965 1277 3022 quasi
1295 2954 1391 3005 vectes
1412 2949 1542 3007 urbium.

147 3022 271 3093 spiritus
285 3022 379 3079 tristis
394 3021 521 3077 exsiccat
536 3030 629 3077 ossa.'
988 3018 1029 3074 De
1045 3019 1141 3074 iructu
1156 3019 1216 3076 oris
1226 3019 1281 3075 viri
1295 3019 1459 3093 replebitur
1472 3026 1571 3079 venter
1584 3024 1668 3094 ejus:

109 3096 232 3150 Munera
245 3095 280 3149 de
295 3094 363 3150 sinu
379 3092 490 3174 impius
513 3092 629 3165 accipit,
949 3108 971 3178 0
1024 3095 1053 3146 et
1068 3090 1217 3162 genimina
1233 3091 1376 3148 labiorum
1392 3093 1487 3164 ipsius
1505 3097 1683 3152 saturabunt
1695 3111 1774 3153 eum.

147 3171 180 3221 ut
195 3169 340 3238 pervertat
356 3169 477 3222 semitas
494 3164 612 3235 judicii.
989 3160 1078 3245 Mors,
1095 3162 1198 3245 alt-vita
1213 3163 1242 3218 in
1259 3179 1347 3220 manu
1365 3163 1491 3291 linguae:

110 3239 141 3292 In
160 3237 233 3293 lacis
250 3237 403 3308 prudentis
418 3235 495 3291 lucet
510 3234 670 3308 sapientia:
1024 3249 1072 3315 qui
1089 3232 1215 3316 diligunt
1231 3251 1307 3305 eam,
1323 3251 1405 3292 come
1427 3241 1478 3291 ent
1493 3237 1607 3293 tructus
1626 3239 1702 3295 e'us.

145 3309 223 3365 oculi
239 3307 399 3364 stultorum
415 3308 444 3363 in
461 3307 570 3364 linibus
585 3313 680 3363 terru-
987 3302 1041 3367 Qui
1056 3304 1168 3361 invenit
1184 3305 1337 3363 mulierem
1352 3302 1462 3364 bonam
1477 3308 1499 3373 ⁸,
1515 3307 1624 3365 invenit
1639 3255 1774 3369 bonum:

109 3381 156 3435 Ira
172 3380 276 3453 patris,
294 3380 371 3436 lilius
386 3378 512 3436 stultus:
1023 3379 1052 3432 et
1066 3376 1182 3433 hauriet
1204 3377 1423 3460 jucunditatem
1439 3396 1456 3435 a
1470 3378 1595 3437 Domino
1610 3381 1632 3438 ⁸.

144 3456 174 3507 et
185 3452 269 3508 dolor
285 3453 387 3507 matris
403 3466 467 3523 quer
487 3448 589 3523 genuit
604 3463 683 3504 eum.
987 3446 1060 3503 Cum
1073 3449 1325 3506 obsecrationibus
1339 3450 1476 3522 loquetur
1505 3468 1632 3526 pauper:

108 3522 172 3579 Non
189 3528 235 3580 est
249 3524 358 3579 bouum
385 3523 528 3579 damnum
544 3521 650 3576 inferre
662 3521 755 3591 justo,
1023 3524 1052 3575 el
1067 3519 1147 3576 dives
1165 3521 1301 3578 allabitur
1315 3522 1416 3590 ripids.

144 3611 198 3651 nec
214 3599 365 3666 percutere
381 3593 555 3666 principem,
572 3592 622 3665 qui
636 3590 846 3663 rectajudicat.
987 3589 1035 3648 Vir
1050 3589 1210 3648 amabilis⁷
1228 3593 1279 3664 [et.
1296 3592 1460 3650 amicabilis
1488 3595 1523 3649 ad
1539 3596 1719 3664 societatem,

107 3667 161 3733 Oui
175 3663 933 3734 moderatursermonessuos,doctusetprudensest
1025 3678 1072 3718 ma
1097 3663 1121 3719 is
1145 3663 1257 3719 amicus
1272 3666 1336 3732 erit,
1354 3681 1443 3738 quam
1471 3669 1558 3721 raler.

143 3741 174 3794 ct
190 3738 310 3810 pretiosi
326 3737 448 3810 spiritus
464 3736 507 3792 vir
519 3736 664 3793 eruditus.
986 3732 1063 3805 (Cap.
1108 3734 1171 3804 IX.)
1186 3734 1288 3791 Melior
1301 3741 1346 3792 est
1361 3737 1718 3809 pauper,quismbulalin
1734 3739 1807 3797 sim·

104 3810 222 3866 siturus
248 3825 364 3881 quoque
379 3810 404 3865 si
428 3807 564 3880 tacuerit,
580 3806 699 3880 sapiens
726 3805 930 3876 reputabitur:
1057 3805 1188 3876 plicitate
1208 3821 1272 3873 sua,

143 3886 173 3937 et
187 3881 211 3937 si
229 3879 438 3953 compresserit
466 3879 545 3936 labia
560 3896 624 3944 sua,
640 3877 817 3950 intelligens.
986 3891 1076 4003 (ὀιιᾳω
1091 3881 1231 3958 torquens
1247 3874 1325 3931 labia
1340 3892 1394 3931 sua
1408 3875 1553 3949 insipiens
1567 3878 1588 3931 ⁸.

104 3952 184 4025 [Cup.
202 3952 301 4023 XVlll)
318 3950 495 4009 Occasiones
510 3953 521 3987 ³
536 3951 639 4023 querit
653 3949 704 4022 qui
720 3947 783 4006 vult
798 3949 932 4006 recedere
1012 3947 1040 4002 bi
1056 3963 1114 4003 non
1129 3952 1175 4004 est
1190 3946 1314 4004 scientia
1329 3947 1446 4016 anima,
1461 3965 1520 4006 non
1542 3953 1588 4006 est
1602 3950 1734 4011 bonum:

181 4024 218 4079 ab
233 4024 345 4081 amico:
1021 4023 1050 4074 et
1064 4021 1115 4091 qui
1131 4018 1256 4076 festinus
1271 4024 1316 4075 est
1331 4020 1468 4092 pedibus,
1485 4020 1622 4078 offendet.

143 4095 225 4150 omni
241 4101 373 4168 tempore
387 4094 444 4150 erit
458 4091 683 4164 exprobrabilis.
985 4090 1116 4148 Stultitia
1130 4090 1259 4146 hominis
1274 4089 1444 4162 supplantat
1459 4107 1580 4165 gressus
1594 4095 1676 4168 ejus:

106 4167 170 4224 Non
186 4167 290 4240 recipit
305 4166 414 4223 stultus
429 4167 518 4223 verbe
531 4164 713 4238 prudentia:
1021 4168 1051 4218 et
1066 4166 1273 4219 eontrsDeum
1286 4163 1377 4219 lervel
1395 4163 1494 4221 animo
1509 4180 1581 4221 suo:

143 4238 203 4295 nisi
219 4255 251 4295 ea
267 4238 386 4310 dixeris,
399 4254 463 4312 quie
478 4240 636 4294 versantur
650 4235 681 4291 in
696 4234 782 4292 corde
801 4234 875 4307 ejus.
986 4232 1099 4290 Divitia
1114 4234 1228 4291 addunt
1242 4233 1355 4291 amicos
1371 4233 1514 4309 plurimos
1534 4253 1542 4292 ι

143 4452 151 4486 ¹
169 4451 290 4508 eddidit
304 4449 732 4524 Vulgatusinterpresalterum
743 4449 932 4520 versiculum,
949 4477 971 4543 D
1022 4449 1100 4504 ‘Hic
1114 4447 1222 4504 iterum
1238 4447 1330 4505 alium
1345 4450 1521 4507 versiculum
1541 4450 1672 4525 Vulgata
1687 4454 1809 4527 quidam

105 4522 162 4592 Qui
171 4523 260 4579 alium
273 4523 347 4594 [ecit
362 4523 473 4580 domum
483 4541 579 4593 suein,
591 4525 692 4597 quierit
705 4523 837 4584 ruinam:
847 4527 875 4578 et
885 4525 934 4595 qui
988 4520 1102 4578 codices
1117 4520 1250 4576 adduct:
1268 4521 1323 4590 Qui
1345 4521 1460 4593 expellit
1475 4523 1620 4580 mulierem
1636 4526 1746 4593 bonam,
1762 4543 1810 4585 ee·

104 4598 193 4652 evitat
205 4594 321 4665 discere,
337 4595 439 4652 incidet
454 4598 484 4651 ie
499 4596 585 4664 mola,
608 4612 641 4652 eii
655 4593 725 4651 solis
741 4594 935 4667 Septuaginta
990 4592 1072 4666 pellit
1086 4592 1206 4653 bonum,-
1221 4594 1270 4662 qui
1283 4600 1378 4648 eutem
1393 4603 1467 4650 tenet
1481 4594 1762 4666 adulteraverimus
1772 4605 1811 4657 eat

105 4668 284 4724 derivatum.
989 4673 1017 4721 et
1046 4663 1159 4735 impius,
1171 4678 1259 4735 quern
1270 4663 1364 4720 Latini
1389 4664 1446 4737 ipsi
1461 4666 1575 4723 codices
1591 4667 1725 4744 plerique
1744 4677 1813 4744 post

141 4740 152 4773 ¹
167 4737 306 4794 Nonnulli
317 4736 410 4794 Latini
423 4736 489 4794 libri
505 4755 536 4794 oe
551 4741 631 4794 tuum
647 4752 698 4809 pro
714 4738 815 4793 ortium
827 4736 934 4793 lerunt:
989 4736 1143 4793 Hebraeum
1160 4735 1305 4791 nesciunt.
1322 4735 1395 4792 Vide
1410 4736 1527 4794 criticos
1541 4754 1651 4797 sacros.

104 4811 186 4882 quod
201 4809 273 4866 item
284 4811 406 4867 verbum
417 4809 469 4881 qui
479 4809 591 4883 legunt,
605 4810 643 4866 de
653 4825 702 4866 ore
713 4808 938 4883 plerumquein·
1025 4805 1236 4876 'Proamabili
1247 4806 1428 4934 mssplures
1438 4808 1540 4882 legunt
1548 4812 1735 4871 amicabilem
1745 4832 1752 4871 ε
1762 4816 1813 4871 Vir

105 4886 333 5010 teppplelppltppb
348 4958 402 5020 est,
419 4936 516 5013 titan&
532 4951 610 5023 quod
628 4950 745 5024 proprie
768 4950 937 5008 desiderium
990 4879 1231 5033 girinmmshcziip’tffl
1243 4878 1814 5029 {bnnptijnlgbn‘gssbdffliyctdxdasteqdlffibe

105 5030 206 5090 sonat,
218 5025 289 5088 sive,
306 5026 369 5080 uia
393 5022 454 5079 uila
465 5028 494 5080 ct
505 5021 938 5096 Symmachusinterpretantur
991 5027 1097 5078 relinet
1111 5020 1269 5093 Speculum
1286 5021 1315 5077 S.
1331 5023 1502 5095 Augustini.
1523 5030 1616 5083 bliar.

105 5095 146 5156 st<
163 5095 323 5168 laserpici,
339 5040 475 5151 siluerit
490 5111 557 5150 vero
579 5095 774 5166 llierouymus
789 5100 937 5168 receptam
1026 5094 1036 5128 ⁸
1052 5093 1082 5149 ln
1101 5091 1321 5165 exemplaribus
1336 5093 1477 5164 Cononis,
1488 5112 1521 5152 ac
1537 5097 1566 5152 in
1582 5096 1733 5155 nonnullis
1748 5098 1814 5157 aliis

104 5166 157 5224 vul
181 5168 321 5224 oexbllll
329 5165 488 5222 lectionem
497 5166 632 5231 retinere,
643 5172 695 5222 aut
703 5165 939 5248 legeritipsemet
992 5180 1064 5220 mss.
1079 5164 1231 5220 codicibus
1241 5163 1449 5238 legitimorum
1460 5168 1538 5223 dives
1549 5179 1677 5240 torqueris
1690 5168 1814 5227 blidin·

107 5240 138 5296 in
197 5240 411 5296 ebraicoexem
435 5236 500 5305 lari,
527 5254 597 5294 voce
621 5238 700 5293 baud
729 5241 771 5293 ita
796 5236 937 5305 absimili,
991 5235 1184 5303 sipien35sed
1200 5236 1322 5291 verbum
1336 5237 1413 5295 diues
1430 5239 1625 5295 nonhabelur
1638 5239 1668 5295 in
1685 5240 1813 5298 llebraeo.

105 5322 203 5380 sinan,
219 5311 249 5366 id
266 5315 312 5367 est
334 5255 515 5378 resurgerem,
532 5326 584 5381 pru
599 5318 687 5369 utran-
993 5322 1088 5389 neque
1099 5306 1476 5390 ipantiquissimisaliquot
1488 5311 1817 5371 msscmendatioribus

145 5382 278 5439 ‘Subdit
292 5381 431 5454 Vulgata,
461 5383 578 5450 Piprum
599 5381 694 5445 dejicit
719 5382 812 5442 timor,
835 5379 939 5436 enimes
991 5395 1138 5434 versionis
1154 5378 1332 5451 Hieronymi.
1350 5381 1487 5436 Additum
1503 5385 1546 5436 est
1561 5382 1596 5436 ad
1609 5382 1816 5454 complendam

106 5459 207 5511 eutem
219 5454 446 5527 effeminatorum
468 5455 592 5509 esurient
600 5469 611 5513 ;
625 5468 682 5523 que
698 5456 781 5507 vetus
794 5452 938 5519 interpre·
993 5448 1209 5522 oppositionem
1220 5466 1287 5505 cuin
1298 5452 1472 5520 procedenti
1482 5457 1638 5519 commate,
1647 5454 1675 5508 in
1686 5470 1818 5529 quopuu-

109 5525 185 5582 tatio
201 5532 257 5589 est,
269 5541 304 5581 ex
318 5523 535 5595 Lllllejusdem
546 5523 695 5589 versiculi,
710 5523 794 5579 Verbo
805 5521 940 5593 bilinguis
991 5538 1042 5595 per
1056 5525 1122 5592 post
1136 5537 1168 5576 se
1182 5537 1281 5578 vocem
1297 5521 1370 5577 cives
1383 5523 1439 5578 sibi
1455 5524 1631 5579 contrariam
1641 5524 1760 5598 exigere
1772 5529 1818 5585 vi-

107 5602 168 5656 ete.
185 5599 218 5653 ln
245 5595 448 5684 complutensi
466 5601 564 5653 sutem
594 5596 732 5663 editione,
747 5598 776 5651 et
796 5593 938 5667 Hierony·
993 5593 1127 5650 debatur.
1139 5595 1231 5649 Maar.
1243 5591 1413 5665 —Vulgata
1424 5592 1490 5664 plus
1502 5595 1589 5651 babet
1600 5595 1819 5672 bicdieee,quss

110 5667 223 5727 mianis
239 5667 391 5726 codicibus
407 5684 465 5724 non
482 5667 616 5725 babetur.
992 5682 1046 5720 vox
1062 5680 1158 5736 neque
1173 5664 1202 5720 in
1218 5663 1348 5735 llebreo,
1362 5665 1496 5735 nequein
1512 5666 1586 5794 ipsis
1597 5670 1671 5724 LXX
1687 5669 1819 5746 aliisque

148 5740 160 5775 ⁸
175 5738 275 5812 Neque
283 5740 432 5807 Hebraeus,
450 5755 547 5811 neque
559 5734 941 5811 lialiuealiquoteditioues
993 5734 1124 5792 melioris
1139 5740 1215 5792 notes
1230 5734 1466 5809 Hieronymianis
1478 5752 1512 5794 co
1534 5737 1632 5798 icibus
1646 5739 1782 5802 babetur.

109 5811 288 5885 adjunctum
302 5812 395 5880 istud,
425 5813 536 5883 bonam,
552 5814 727 5884 agnoscunt.

436 1248 496 1314 egis
512 1231 590 1304 apud
606 1233 740 1292 stultum,
1038 1237 1066 1288 et
1080 1231 1348 1314 ipsatperveniunt
1361 1235 1397 1290 ad
1428 1234 1481 1308 [Al.
1498 1237 1657 1311 usquead]
1686 1239 1826 1300 interiora
1929 1244 1933 1253 '
