<?xml version="1.0" encoding="UTF-8"?>
<!DOCTYPE html PUBLIC "-//W3C//DTD XHTML 1.0 Transitional//EN"
    "http://www.w3.org/TR/xhtml1/DTD/xhtml1-transitional.dtd">
<html xmlns="http://www.w3.org/1999/xhtml" xml:lang="en" lang="en">
 <head>
  <title>
</title>
<meta http-equiv="Content-Type" content="text/html;charset=utf-8" />
  <meta name='ocr-system' content='tesseract 3.04.00' />
  <meta name='ocr-capabilities' content='ocr_page ocr_carea ocr_par ocr_line ocrx_word'/>
</head>
<body>
  <div class='ocr_page' id='page_1' title='image "./patrologiaecurs13goog_0441.png"; bbox 0 0 3870 6120; ppageno 0'>
   <div class='ocr_carea' id='block_1_1' title="bbox 127 202 1313 273">
    <p class='ocr_par' dir='ltr' id='par_1_1' title="bbox 127 202 1313 273">
     <span class='ocr_line' id='line_1_1' title="bbox 127 202 1313 273; baseline -0.008 -2"><span class='ocrx_word' id='word_1_1' title='bbox 127 202 184 273; x_wconf 72' lang='grc' dir='ltr'><strong>ιιι</strong></span> <span class='ocrx_word' id='word_1_2' title='bbox 647 220 675 270; x_wconf 81' lang='lat' dir='ltr'><strong>a.</strong></span> <span class='ocrx_word' id='word_1_3' title='bbox 697 213 901 269; x_wconf 82' lang='lat' dir='ltr'><strong>ntrnonrur</strong></span> <span class='ocrx_word' id='word_1_4' title='bbox 920 214 1047 270; x_wconf 77' lang='lat' dir='ltr'><strong>utrina</strong></span> <span class='ocrx_word' id='word_1_5' title='bbox 1063 208 1313 267; x_wconf 70' lang='lat' dir='ltr'><strong>emarcesset.</strong></span> 
     </span>
    </p>
   </div>
   <div class='ocr_carea' id='block_1_2' title="bbox 113 333 1822 3630">
    <p class='ocr_par' dir='ltr' id='par_1_2' title="bbox 113 333 1822 3630">
     <span class='ocr_line' id='line_1_2' title="bbox 130 333 1499 419; baseline -0.004 -21"><span class='ocrx_word' id='word_1_6' title='bbox 130 340 197 399; x_wconf 88' lang='lat' dir='ltr'><strong>Noli</strong></span> <span class='ocrx_word' id='word_1_7' title='bbox 211 341 325 409; x_wconf 88' lang='lat' dir='ltr'><strong>timore,</strong></span> <span class='ocrx_word' id='word_1_8' title='bbox 341 337 410 411; x_wconf 85' lang='lat' dir='ltr'><strong>quia</strong></span> <span class='ocrx_word' id='word_1_9' title='bbox 425 338 536 395; x_wconf 90' lang='lat' dir='ltr'><strong>redemi</strong></span> <span class='ocrx_word' id='word_1_10' title='bbox 551 343 591 408; x_wconf 88' lang='lat' dir='ltr'><strong>te,</strong></span> <span class='ocrx_word' id='word_1_11' title='bbox 971 344 998 411; x_wconf 65' lang='lat' dir='ltr'>A</span> <span class='ocrx_word' id='word_1_12' title='bbox 1012 334 1157 408; x_wconf 81' lang='lat' dir='ltr'><strong>Populum</strong></span> <span class='ocrx_word' id='word_1_13' title='bbox 1173 335 1264 391; x_wconf 92' lang='lat' dir='ltr'><strong>istum</strong></span> <span class='ocrx_word' id='word_1_14' title='bbox 1280 333 1499 419; x_wconf 74' lang='lat' dir='ltr'><strong>formarimibi,</strong></span> 
     </span>
     <span class='ocr_line' id='line_1_3' title="bbox 167 407 1436 490; baseline -0.005 -20"><span class='ocrx_word' id='word_1_15' title='bbox 167 418 197 470; x_wconf 89' lang='lat' dir='ltr'><strong>et</strong></span> <span class='ocrx_word' id='word_1_16' title='bbox 210 410 308 469; x_wconf 81' lang='lat' dir='ltr'><strong>vocavi</strong></span> <span class='ocrx_word' id='word_1_17' title='bbox 319 410 374 483; x_wconf 78' lang='lat' dir='ltr'><strong>(al.</strong></span> <span class='ocrx_word' id='word_1_18' title='bbox 390 409 453 467; x_wconf 87' lang='lat' dir='ltr'><strong>odd.</strong></span> <span class='ocrx_word' id='word_1_19' title='bbox 470 410 509 484; x_wconf 88' lang='lat' dir='ltr'><strong>te)</strong></span> <span class='ocrx_word' id='word_1_20' title='bbox 525 407 644 466; x_wconf 90' lang='lat' dir='ltr'><strong>nemius</strong></span> <span class='ocrx_word' id='word_1_21' title='bbox 657 413 729 467; x_wconf 89' lang='lat' dir='ltr'><strong>luo:</strong></span> <span class='ocrx_word' id='word_1_22' title='bbox 754 425 838 468; x_wconf 85' lang='lat' dir='ltr'><strong>mous</strong></span> <span class='ocrx_word' id='word_1_23' title='bbox 854 427 885 469; x_wconf 89' lang='lat' dir='ltr'><strong>es</strong></span> <span class='ocrx_word' id='word_1_24' title='bbox 909 414 953 469; x_wconf 91' lang='lat' dir='ltr'><strong>tu.</strong></span> <span class='ocrx_word' id='word_1_25' title='bbox 1049 408 1166 464; x_wconf 90' lang='lat' dir='ltr'><strong>laudem</strong></span> <span class='ocrx_word' id='word_1_26' title='bbox 1182 408 1436 490; x_wconf 78' lang='lat' dir='ltr'><strong>meamuarrabtt.</strong></span> 
     </span>
     <span class='ocr_line' id='line_1_4' title="bbox 130 477 1423 555; baseline -0.005 -13"><span class='ocrx_word' id='word_1_27' title='bbox 130 487 202 542; x_wconf 84' lang='lat' dir='ltr'><strong>Cum</strong></span> <span class='ocrx_word' id='word_1_28' title='bbox 219 482 371 538; x_wconf 87' lang='lat' dir='ltr'><strong>transieris</strong></span> <span class='ocrx_word' id='word_1_29' title='bbox 384 496 436 555; x_wconf 90' lang='lat' dir='ltr'><strong>per</strong></span> <span class='ocrx_word' id='word_1_30' title='bbox 451 497 554 553; x_wconf 85' lang='lat' dir='ltr'><strong>aquas,</strong></span> <span class='ocrx_word' id='word_1_31' title='bbox 567 486 664 539; x_wconf 92' lang='lat' dir='ltr'><strong>tecum</strong></span> <span class='ocrx_word' id='word_1_32' title='bbox 680 497 741 552; x_wconf 86' lang='lat' dir='ltr'><strong>ero,</strong></span> <span class='ocrx_word' id='word_1_33' title='bbox 1011 479 1073 536; x_wconf 87' lang='lat' dir='ltr'><strong>Non</strong></span> <span class='ocrx_word' id='word_1_34' title='bbox 1091 494 1138 536; x_wconf 88' lang='lat' dir='ltr'><strong>me</strong></span> <span class='ocrx_word' id='word_1_35' title='bbox 1151 479 1306 548; x_wconf 81' lang='lat' dir='ltr'><strong>invocasti,</strong></span> <span class='ocrx_word' id='word_1_36' title='bbox 1321 477 1423 549; x_wconf 81' lang='lat' dir='ltr'><strong>Jacob,</strong></span> 
     </span>
     <span class='ocr_line' id='line_1_5' title="bbox 165 547 1621 635; baseline -0.005 -24"><span class='ocrx_word' id='word_1_37' title='bbox 165 561 195 612; x_wconf 92' lang='lat' dir='ltr'><strong>et</strong></span> <span class='ocrx_word' id='word_1_38' title='bbox 210 554 334 611; x_wconf 82' lang='lat' dir='ltr'><strong>Domina</strong></span> <span class='ocrx_word' id='word_1_39' title='bbox 347 555 406 609; x_wconf 90' lang='lat' dir='ltr'><strong>non</strong></span> <span class='ocrx_word' id='word_1_40' title='bbox 421 553 554 627; x_wconf 86' lang='lat' dir='ltr'><strong>operient</strong></span> <span class='ocrx_word' id='word_1_41' title='bbox 569 559 616 610; x_wconf 82' lang='lat' dir='ltr'><strong>te:</strong></span> <span class='ocrx_word' id='word_1_42' title='bbox 1047 567 1101 607; x_wconf 91' lang='lat' dir='ltr'><strong>nee</strong></span> <span class='ocrx_word' id='word_1_43' title='bbox 1116 550 1308 632; x_wconf 35' lang='lat' dir='ltr'><strong>laborastiin&#39;</strong></span> <span class='ocrx_word' id='word_1_44' title='bbox 1318 565 1375 632; x_wconf 78' lang='lat' dir='ltr'><strong>me,</strong></span> <span class='ocrx_word' id='word_1_45' title='bbox 1391 547 1493 607; x_wconf 87' lang='lat' dir='ltr'><strong>lsrael.</strong></span> <span class='ocrx_word' id='word_1_46' title='bbox 1613 621 1621 635; x_wconf 45' lang='lat'><strong>·</strong></span> 
     </span>
     <span class='ocr_line' id='line_1_6' title="bbox 130 619 1689 694; baseline -0.002 -12"><span class='ocrx_word' id='word_1_47' title='bbox 130 631 201 682; x_wconf 88' lang='lat' dir='ltr'><strong>cum</strong></span> <span class='ocrx_word' id='word_1_48' title='bbox 214 623 410 681; x_wconf 74' lang='lat' dir='ltr'><strong>ambulaveris</strong></span> <span class='ocrx_word' id='word_1_49' title='bbox 424 625 455 680; x_wconf 92' lang='lat' dir='ltr'><strong>in</strong></span> <span class='ocrx_word' id='word_1_50' title='bbox 470 626 478 680; x_wconf 90' lang='lat' dir='ltr'><strong>i</strong></span> <span class='ocrx_word' id='word_1_51' title='bbox 499 639 547 691; x_wconf 88' lang='lat' dir='ltr'><strong>na,</strong></span> <span class='ocrx_word' id='word_1_52' title='bbox 559 641 616 681; x_wconf 93' lang='lat' dir='ltr'><strong>non</strong></span> <span class='ocrx_word' id='word_1_53' title='bbox 629 623 824 694; x_wconf 87' lang='lat' dir='ltr'><strong>comburaris,</strong></span> <span class='ocrx_word' id='word_1_54' title='bbox 1009 623 1073 680; x_wconf 89' lang='lat' dir='ltr'><strong>Non</strong></span> <span class='ocrx_word' id='word_1_55' title='bbox 1088 622 1160 678; x_wconf 90' lang='lat' dir='ltr'><strong>mibi</strong></span> <span class='ocrx_word' id='word_1_56' title='bbox 1175 619 1309 678; x_wconf 83' lang='lat' dir='ltr'><strong>obtulrctr</strong></span> <span class='ocrx_word' id='word_1_57' title='bbox 1319 626 1439 678; x_wconf 61' lang='lat' dir='ltr'><strong>arreum</strong></span> <span class='ocrx_word' id='word_1_58' title='bbox 1454 620 1689 692; x_wconf 85' lang='lat' dir='ltr'><strong>holocaustrtui,</strong></span> 
     </span>
     <span class='ocr_line' id='line_1_7' title="bbox 167 642 1634 776; baseline -0.001 -23"><span class='ocrx_word' id='word_1_59' title='bbox 167 703 197 753; x_wconf 90' lang='lat' dir='ltr'><strong>ct</strong></span> <span class='ocrx_word' id='word_1_60' title='bbox 212 697 333 753; x_wconf 88' lang='lat' dir='ltr'><strong>damma</strong></span> <span class='ocrx_word' id='word_1_61' title='bbox 347 711 404 751; x_wconf 90' lang='lat' dir='ltr'><strong>uon</strong></span> <span class='ocrx_word' id='word_1_62' title='bbox 418 642 532 754; x_wconf 46' lang='lat' dir='ltr'><strong>ardeffiit</strong></span> <span class='ocrx_word' id='word_1_63' title='bbox 546 695 577 752; x_wconf 94' lang='lat' dir='ltr'><strong>in</strong></span> <span class='ocrx_word' id='word_1_64' title='bbox 591 702 640 754; x_wconf 91' lang='lat' dir='ltr'><strong>te:</strong></span> <span class='ocrx_word' id='word_1_65' title='bbox 1047 699 1076 750; x_wconf 88' lang='lat' dir='ltr'><strong>et</strong></span> <span class='ocrx_word' id='word_1_66' title='bbox 1090 691 1219 750; x_wconf 75' lang='lat' dir='ltr'><strong>victimis</strong></span> <span class='ocrx_word' id='word_1_67' title='bbox 1233 692 1293 748; x_wconf 89' lang='lat' dir='ltr'><strong>tuis</strong></span> <span class='ocrx_word' id='word_1_68' title='bbox 1304 708 1367 775; x_wconf 28' lang='lat' dir='ltr'><strong>&#39;non</strong></span> <span class='ocrx_word' id='word_1_69' title='bbox 1381 692 1558 776; x_wconf 56' lang='lat' dir='ltr'><strong>glorificasti</strong></span> <span class='ocrx_word' id='word_1_70' title='bbox 1572 709 1634 752; x_wconf 86' lang='lat' dir='ltr'><strong>ma.</strong></span> 
     </span>
     <span class='ocr_line' id='line_1_8' title="bbox 130 763 1533 845; baseline -0.001 -21"><span class='ocrx_word' id='word_1_71' title='bbox 130 768 206 834; x_wconf 85' lang='lat' dir='ltr'><strong>Quia</strong></span> <span class='ocrx_word' id='word_1_72' title='bbox 221 784 274 841; x_wconf 92' lang='lat' dir='ltr'><strong>ego</strong></span> <span class='ocrx_word' id='word_1_73' title='bbox 289 767 433 824; x_wconf 91' lang='lat' dir='ltr'><strong>Dominus</strong></span> <span class='ocrx_word' id='word_1_74' title='bbox 449 768 525 825; x_wconf 90' lang='lat' dir='ltr'><strong>Deus</strong></span> <span class='ocrx_word' id='word_1_75' title='bbox 540 771 611 825; x_wconf 91' lang='lat' dir='ltr'><strong>tuus</strong></span> <span class='ocrx_word' id='word_1_76' title='bbox 1010 764 1074 821; x_wconf 89' lang='lat' dir='ltr'><strong>Non</strong></span> <span class='ocrx_word' id='word_1_77' title='bbox 1090 770 1119 821; x_wconf 91' lang='lat' dir='ltr'><strong>te</strong></span> <span class='ocrx_word' id='word_1_78' title='bbox 1133 763 1243 820; x_wconf 86' lang='lat' dir='ltr'><strong>servire</strong></span> <span class='ocrx_word' id='word_1_79' title='bbox 1257 763 1313 845; x_wconf 79' lang='lat' dir='ltr'><strong>leot</strong></span> <span class='ocrx_word' id='word_1_80' title='bbox 1327 764 1358 820; x_wconf 90' lang='lat' dir='ltr'><strong>ln</strong></span> <span class='ocrx_word' id='word_1_81' title='bbox 1372 764 1533 833; x_wconf 82' lang='lat' dir='ltr'><strong>oblatione,</strong></span> 
     </span>
     <span class='ocr_line' id='line_1_9' title="bbox 168 834 1590 918; baseline -0.002 -22"><span class='ocrx_word' id='word_1_82' title='bbox 168 848 289 896; x_wconf 90' lang='lat' dir='ltr'><strong>sanctus</strong></span> <span class='ocrx_word' id='word_1_83' title='bbox 304 838 404 910; x_wconf 90' lang='lat' dir='ltr'><strong>lsrael,</strong></span> <span class='ocrx_word' id='word_1_84' title='bbox 415 836 543 896; x_wconf 86' lang='lat' dir='ltr'><strong>salvator</strong></span> <span class='ocrx_word' id='word_1_85' title='bbox 556 846 646 908; x_wconf 85' lang='lat' dir='ltr'><strong>tuus;</strong></span> <span class='ocrx_word' id='word_1_86' title='bbox 1047 851 1101 892; x_wconf 91' lang='lat' dir='ltr'><strong>nac</strong></span> <span class='ocrx_word' id='word_1_87' title='bbox 1112 834 1242 892; x_wconf 90' lang='lat' dir='ltr'><strong>laborem</strong></span> <span class='ocrx_word' id='word_1_88' title='bbox 1257 834 1311 918; x_wconf 69' lang='lat' dir='ltr'><strong>tabi</strong></span> <span class='ocrx_word' id='word_1_89' title='bbox 1326 835 1437 906; x_wconf 73' lang='lat' dir='ltr'><strong>prebui</strong></span> <span class='ocrx_word' id='word_1_90' title='bbox 1451 834 1481 892; x_wconf 91' lang='lat' dir='ltr'><strong>in</strong></span> <span class='ocrx_word' id='word_1_91' title='bbox 1490 836 1590 893; x_wconf 90' lang='lat' dir='ltr'><strong>thure.</strong></span> 
     </span>
     <span class='ocr_line' id='line_1_10' title="bbox 134 905 1586 984; baseline -0.002 -16"><span class='ocrx_word' id='word_1_92' title='bbox 134 911 204 969; x_wconf 89' lang='lat' dir='ltr'><strong>Dedi</strong></span> <span class='ocrx_word' id='word_1_93' title='bbox 241 909 456 982; x_wconf 86' lang='lat' dir='ltr'><strong>repitiationem</strong></span> <span class='ocrx_word' id='word_1_94' title='bbox 471 915 552 968; x_wconf 91' lang='lat' dir='ltr'><strong>tuam</strong></span> <span class='ocrx_word' id='word_1_95' title='bbox 567 911 734 984; x_wconf 73' lang='lat' dir='ltr'><strong>AEgyptum,</strong></span> <span class='ocrx_word' id='word_1_96' title='bbox 1011 908 1074 965; x_wconf 90' lang='lat' dir='ltr'><strong>Non</strong></span> <span class='ocrx_word' id='word_1_97' title='bbox 1088 905 1186 964; x_wconf 78' lang='lat' dir='ltr'><strong>emisti</strong></span> <span class='ocrx_word' id='word_1_98' title='bbox 1201 905 1274 962; x_wconf 80' lang='lat' dir='ltr'><strong>mibi</strong></span> <span class='ocrx_word' id='word_1_99' title='bbox 1287 912 1411 979; x_wconf 87' lang='lat' dir='ltr'><strong>argento</strong></span> <span class='ocrx_word' id='word_1_100' title='bbox 1426 907 1586 980; x_wconf 88' lang='lat' dir='ltr'><strong>calamum,</strong></span> 
     </span>
     <span class='ocr_line' id='line_1_11' title="bbox 169 927 1814 1064; baseline -0.001 -25"><span class='ocrx_word' id='word_1_101' title='bbox 169 927 349 1055; x_wconf 63' lang='lat' dir='ltr'><strong>AElKiopiam</strong></span> <span class='ocrx_word' id='word_1_102' title='bbox 361 990 390 1037; x_wconf 86' lang='lat' dir='ltr'><strong>et</strong></span> <span class='ocrx_word' id='word_1_103' title='bbox 405 982 482 1038; x_wconf 87' lang='lat' dir='ltr'><strong>Sabe</strong></span> <span class='ocrx_word' id='word_1_104' title='bbox 513 998 544 1038; x_wconf 94' lang='lat' dir='ltr'><strong>ro</strong></span> <span class='ocrx_word' id='word_1_105' title='bbox 560 987 599 1038; x_wconf 90' lang='lat' dir='ltr'><strong>te.</strong></span> <span class='ocrx_word' id='word_1_106' title='bbox 1047 983 1076 1035; x_wconf 92' lang='lat' dir='ltr'><strong>et</strong></span> <span class='ocrx_word' id='word_1_107' title='bbox 1090 976 1176 1050; x_wconf 91' lang='lat' dir='ltr'><strong>adipe</strong></span> <span class='ocrx_word' id='word_1_108' title='bbox 1189 976 1377 1060; x_wconf 77' lang='lat' dir='ltr'><strong>victimarum</strong></span> <span class='ocrx_word' id='word_1_109' title='bbox 1393 982 1513 1063; x_wconf 81' lang='lat' dir='ltr'><strong>tuarum</strong></span> <span class='ocrx_word' id='word_1_110' title='bbox 1529 996 1589 1063; x_wconf 79' lang='lat' dir='ltr'><strong>non</strong></span> <span class='ocrx_word' id='word_1_111' title='bbox 1603 978 1754 1064; x_wconf 76' lang='lat' dir='ltr'><strong>inebriasti</strong></span> <span class='ocrx_word' id='word_1_112' title='bbox 1773 986 1814 1038; x_wconf 79' lang='lat' dir='ltr'><strong>ut</strong></span> 
     </span>
     <span class='ocr_line' id='line_1_12' title="bbox 134 999 1776 1135; baseline 0 -26"><span class='ocrx_word' id='word_1_113' title='bbox 134 1053 175 1109; x_wconf 82' lang='lat' dir='ltr'><strong>llx</strong></span> <span class='ocrx_word' id='word_1_114' title='bbox 199 1070 257 1125; x_wconf 94' lang='lat' dir='ltr'><strong>quo</strong></span> <span class='ocrx_word' id='word_1_115' title='bbox 282 1053 463 1111; x_wconf 89' lang='lat' dir='ltr'><strong>honorabilis</strong></span> <span class='ocrx_word' id='word_1_116' title='bbox 487 999 581 1111; x_wconf 44' lang='lat' dir='ltr'><strong>iaetus</strong></span> <span class='ocrx_word' id='word_1_117' title='bbox 595 1069 627 1110; x_wconf 90' lang='lat' dir='ltr'><strong>es</strong></span> <span class='ocrx_word' id='word_1_118' title='bbox 649 1052 680 1110; x_wconf 94' lang='lat' dir='ltr'><strong>ln</strong></span> <span class='ocrx_word' id='word_1_119' title='bbox 699 1053 793 1111; x_wconf 88' lang='lat' dir='ltr'><strong>oculis</strong></span> <span class='ocrx_word' id='word_1_120' title='bbox 816 1053 902 1124; x_wconf 87' lang='lat' dir='ltr'><strong>mels,</strong></span> <span class='ocrx_word' id='word_1_121' title='bbox 929 1057 959 1112; x_wconf 92' lang='lat' dir='ltr'><strong>et</strong></span> <span class='ocrx_word' id='word_1_122' title='bbox 1011 1050 1221 1131; x_wconf 69' lang='lat' dir='ltr'><strong>Verumtamen</strong></span> <span class='ocrx_word' id='word_1_123' title='bbox 1236 1064 1344 1132; x_wconf 77' lang='lat' dir='ltr'><strong>servire</strong></span> <span class='ocrx_word' id='word_1_124' title='bbox 1359 1063 1406 1106; x_wconf 88' lang='lat' dir='ltr'><strong>mc</strong></span> <span class='ocrx_word' id='word_1_125' title='bbox 1421 1050 1514 1108; x_wconf 80' lang='lat' dir='ltr'><strong>iecisti</strong></span> <span class='ocrx_word' id='word_1_126' title='bbox 1529 1067 1560 1107; x_wconf 87' lang='lat' dir='ltr'><strong>ru</strong></span> <span class='ocrx_word' id='word_1_127' title='bbox 1575 1057 1704 1135; x_wconf 79' lang='lat' dir='ltr'><strong>peccatu</strong></span> <span class='ocrx_word' id='word_1_128' title='bbox 1716 1052 1776 1122; x_wconf 86' lang='lat' dir='ltr'><strong>tuis;</strong></span> 
     </span>
     <span class='ocr_line' id='line_1_13' title="bbox 204 1119 1776 1204; baseline -0.001 -24"><span class='ocrx_word' id='word_1_129' title='bbox 204 1124 373 1198; x_wconf 89' lang='lat' dir='ltr'><strong>gloriosus:</strong></span> <span class='ocrx_word' id='word_1_130' title='bbox 1048 1120 1199 1194; x_wconf 81' lang='lat' dir='ltr'><strong>prebursti</strong></span> <span class='ocrx_word' id='word_1_131' title='bbox 1213 1119 1285 1177; x_wconf 88' lang='lat' dir='ltr'><strong>mrbi</strong></span> <span class='ocrx_word' id='word_1_132' title='bbox 1299 1119 1430 1204; x_wconf 83' lang='lat' dir='ltr'><strong>laborem</strong></span> <span class='ocrx_word' id='word_1_133' title='bbox 1444 1123 1475 1178; x_wconf 90' lang='lat' dir='ltr'><strong>ln</strong></span> <span class='ocrx_word' id='word_1_134' title='bbox 1490 1122 1702 1195; x_wconf 78' lang='lat' dir='ltr'><strong>iniquitatibus</strong></span> <span class='ocrx_word' id='word_1_135' title='bbox 1715 1124 1776 1181; x_wconf 86' lang='lat' dir='ltr'><strong>tuis.</strong></span> 
     </span>
     <span class='ocr_line' id='line_1_14' title="bbox 207 1196 1404 1276; baseline -0.003 -24"><span class='ocrx_word' id='word_1_136' title='bbox 207 1196 324 1252; x_wconf 86' lang='lat' dir='ltr'><strong>odilexi</strong></span> <span class='ocrx_word' id='word_1_137' title='bbox 338 1200 386 1252; x_wconf 88' lang='lat' dir='ltr'><strong>te:</strong></span> <span class='ocrx_word' id='word_1_138' title='bbox 1012 1196 1072 1267; x_wconf 77' lang='lat' dir='ltr'><strong>Ego</strong></span> <span class='ocrx_word' id='word_1_139' title='bbox 1086 1209 1165 1257; x_wconf 91' lang='lat' dir='ltr'><strong>aum,</strong></span> <span class='ocrx_word' id='word_1_140' title='bbox 1181 1207 1235 1275; x_wconf 87' lang='lat' dir='ltr'><strong>ego</strong></span> <span class='ocrx_word' id='word_1_141' title='bbox 1243 1207 1314 1276; x_wconf 74' lang='lat' dir='ltr'><strong>eum</strong></span> <span class='ocrx_word' id='word_1_142' title='bbox 1330 1208 1404 1264; x_wconf 83' lang='lat' dir='ltr'><strong>ipse,</strong></span> 
     </span>
     <span class='ocr_line' id='line_1_15' title="bbox 113 1263 1684 1339; baseline 0.001 -16"><span class='ocrx_word' id='word_1_143' title='bbox 113 1266 119 1302; x_wconf 65' lang='grc' dir='ltr'><strong><em>ἵ</em></strong></span> <span class='ocrx_word' id='word_1_144' title='bbox 135 1267 170 1323; x_wconf 79' lang='lat' dir='ltr'><strong>st</strong></span> <span class='ocrx_word' id='word_1_145' title='bbox 203 1267 258 1324; x_wconf 88' lang='lat' dir='ltr'><strong>abc</strong></span> <span class='ocrx_word' id='word_1_146' title='bbox 269 1266 404 1324; x_wconf 86' lang='lat' dir='ltr'><strong>homiues</strong></span> <span class='ocrx_word' id='word_1_147' title='bbox 417 1282 469 1339; x_wconf 89' lang='lat' dir='ltr'><strong>pro</strong></span> <span class='ocrx_word' id='word_1_148' title='bbox 484 1269 522 1336; x_wconf 90' lang='lat' dir='ltr'><strong>te,</strong></span> <span class='ocrx_word' id='word_1_149' title='bbox 1048 1263 1099 1336; x_wconf 87' lang='lat' dir='ltr'><strong>qui</strong></span> <span class='ocrx_word' id='word_1_150' title='bbox 1114 1263 1196 1320; x_wconf 80' lang='lat' dir='ltr'><strong>deleo</strong></span> <span class='ocrx_word' id='word_1_151' title='bbox 1210 1267 1384 1335; x_wconf 78' lang='lat' dir='ltr'><strong>iniquitates</strong></span> <span class='ocrx_word' id='word_1_152' title='bbox 1397 1267 1464 1320; x_wconf 89' lang='lat' dir='ltr'><strong>tuae</strong></span> <span class='ocrx_word' id='word_1_153' title='bbox 1479 1269 1600 1339; x_wconf 89' lang='lat' dir='ltr'><strong>propter</strong></span> <span class='ocrx_word' id='word_1_154' title='bbox 1613 1281 1684 1325; x_wconf 86' lang='lat' dir='ltr'><strong>ms:</strong></span> 
     </span>
     <span class='ocr_line' id='line_1_16' title="bbox 169 1335 1555 1418; baseline -0.002 -24"><span class='ocrx_word' id='word_1_155' title='bbox 169 1342 200 1394; x_wconf 87' lang='lat' dir='ltr'><strong>et</strong></span> <span class='ocrx_word' id='word_1_156' title='bbox 214 1338 338 1411; x_wconf 83' lang='lat' dir='ltr'><strong>populos</strong></span> <span class='ocrx_word' id='word_1_157' title='bbox 354 1355 405 1411; x_wconf 93' lang='lat' dir='ltr'><strong>pro</strong></span> <span class='ocrx_word' id='word_1_158' title='bbox 421 1337 520 1394; x_wconf 88' lang='lat' dir='ltr'><strong>anima</strong></span> <span class='ocrx_word' id='word_1_159' title='bbox 533 1340 593 1393; x_wconf 88' lang='lat' dir='ltr'><strong>tua.</strong></span> <span class='ocrx_word' id='word_1_160' title='bbox 1047 1340 1077 1392; x_wconf 92' lang='lat' dir='ltr'><strong>et</strong></span> <span class='ocrx_word' id='word_1_161' title='bbox 1094 1338 1279 1418; x_wconf 70' lang='lat' dir='ltr'><strong>peccaterum</strong></span> <span class='ocrx_word' id='word_1_162' title='bbox 1293 1350 1351 1391; x_wconf 93' lang='lat' dir='ltr'><strong>non</strong></span> <span class='ocrx_word' id='word_1_163' title='bbox 1367 1335 1555 1395; x_wconf 90' lang='lat' dir='ltr'><strong>recordabor.</strong></span> 
     </span>
     <span class='ocr_line' id='line_1_17' title="bbox 134 1406 1759 1481; baseline 0.001 -15"><span class='ocrx_word' id='word_1_164' title='bbox 134 1408 198 1466; x_wconf 90' lang='lat' dir='ltr'><strong>Noli</strong></span> <span class='ocrx_word' id='word_1_165' title='bbox 213 1411 325 1479; x_wconf 87' lang='lat' dir='ltr'><strong>timere,</strong></span> <span class='ocrx_word' id='word_1_166' title='bbox 362 1410 411 1467; x_wconf 92' lang='lat' dir='ltr'><strong>uia</strong></span> <span class='ocrx_word' id='word_1_167' title='bbox 426 1418 521 1466; x_wconf 91' lang='lat' dir='ltr'><strong>tecum</strong></span> <span class='ocrx_word' id='word_1_168' title='bbox 533 1424 585 1481; x_wconf 92' lang='lat' dir='ltr'><strong>ego</strong></span> <span class='ocrx_word' id='word_1_169' title='bbox 601 1425 679 1466; x_wconf 87' lang='lat' dir='ltr'><strong>sum.</strong></span> <span class='ocrx_word' id='word_1_170' title='bbox 1013 1408 1111 1464; x_wconf 81' lang='lat' dir='ltr'><strong>Reduc</strong></span> <span class='ocrx_word' id='word_1_171' title='bbox 1127 1421 1174 1462; x_wconf 91' lang='lat' dir='ltr'><strong>me</strong></span> <span class='ocrx_word' id='word_1_172' title='bbox 1188 1422 1218 1461; x_wconf 88' lang='lat' dir='ltr'><strong>ru</strong></span> <span class='ocrx_word' id='word_1_173' title='bbox 1233 1407 1420 1475; x_wconf 82' lang='lat' dir='ltr'><strong>memoriam,</strong></span> <span class='ocrx_word' id='word_1_174' title='bbox 1431 1412 1460 1464; x_wconf 88' lang='lat' dir='ltr'><strong>et</strong></span> <span class='ocrx_word' id='word_1_175' title='bbox 1470 1406 1647 1480; x_wconf 73' lang='lat' dir='ltr'><strong>iudicamur</strong></span> <span class='ocrx_word' id='word_1_176' title='bbox 1660 1407 1759 1481; x_wconf 85' lang='lat' dir='ltr'><strong>aimul;</strong></span> 
     </span>
     <span class='ocr_line' id='line_1_18' title="bbox 135 1426 1611 1561; baseline 0.002 -25"><span class='ocrx_word' id='word_1_177' title='bbox 135 1481 177 1536; x_wconf 84' lang='lat' dir='ltr'><strong>Ab</strong></span> <span class='ocrx_word' id='word_1_178' title='bbox 193 1481 305 1538; x_wconf 88' lang='lat' dir='ltr'><strong>oriente</strong></span> <span class='ocrx_word' id='word_1_179' title='bbox 323 1426 468 1537; x_wconf 51' lang='lat' dir='ltr'><strong>sffdueam</strong></span> <span class='ocrx_word' id='word_1_180' title='bbox 482 1495 582 1537; x_wconf 85' lang='lat' dir='ltr'><strong>semen</strong></span> <span class='ocrx_word' id='word_1_181' title='bbox 598 1484 695 1551; x_wconf 82' lang='lat' dir='ltr'><strong>tuum,</strong></span> <span class='ocrx_word' id='word_1_182' title='bbox 1048 1494 1136 1534; x_wconf 89' lang='lat' dir='ltr'><strong>narra</strong></span> <span class='ocrx_word' id='word_1_183' title='bbox 1150 1477 1176 1534; x_wconf 91' lang='lat' dir='ltr'><strong>ai</strong></span> <span class='ocrx_word' id='word_1_184' title='bbox 1190 1478 1261 1561; x_wconf 73' lang='lat' dir='ltr'><strong>quid</strong></span> <span class='ocrx_word' id='word_1_185' title='bbox 1274 1477 1365 1535; x_wconf 89' lang='lat' dir='ltr'><strong>babes</strong></span> <span class='ocrx_word' id='word_1_186' title='bbox 1381 1481 1414 1534; x_wconf 91' lang='lat' dir='ltr'><strong>ut</strong></span> <span class='ocrx_word' id='word_1_187' title='bbox 1423 1478 1611 1551; x_wconf 78' lang='lat' dir='ltr'><strong>justificeris.</strong></span> 
     </span>
     <span class='ocr_line' id='line_1_19' title="bbox 170 1549 1468 1626; baseline -0.001 -19"><span class='ocrx_word' id='word_1_188' title='bbox 170 1557 199 1608; x_wconf 90' lang='lat' dir='ltr'><strong>et</strong></span> <span class='ocrx_word' id='word_1_189' title='bbox 213 1553 250 1609; x_wconf 88' lang='lat' dir='ltr'><strong>ab</strong></span> <span class='ocrx_word' id='word_1_190' title='bbox 265 1553 414 1609; x_wconf 74' lang='lat' dir='ltr'><strong>recidente</strong></span> <span class='ocrx_word' id='word_1_191' title='bbox 428 1551 612 1626; x_wconf 79' lang='lat' dir='ltr'><strong>congregabo</strong></span> <span class='ocrx_word' id='word_1_192' title='bbox 626 1556 664 1609; x_wconf 86' lang='lat' dir='ltr'><strong>te.</strong></span> <span class='ocrx_word' id='word_1_193' title='bbox 1012 1553 1098 1606; x_wconf 85' lang='lat' dir='ltr'><strong>Pater</strong></span> <span class='ocrx_word' id='word_1_194' title='bbox 1112 1559 1185 1605; x_wconf 89' lang='lat' dir='ltr'><strong>tuus</strong></span> <span class='ocrx_word' id='word_1_195' title='bbox 1199 1563 1314 1622; x_wconf 83' lang='lat' dir='ltr'><strong>prtmus</strong></span> <span class='ocrx_word' id='word_1_196' title='bbox 1329 1549 1468 1623; x_wconf 77' lang='lat' dir='ltr'><strong>peccavit,</strong></span> 
     </span>
     <span class='ocr_line' id='line_1_20' title="bbox 134 1620 1721 1696; baseline 0.001 -17"><span class='ocrx_word' id='word_1_197' title='bbox 134 1622 235 1680; x_wconf 90' lang='lat' dir='ltr'><strong>Dicam</strong></span> <span class='ocrx_word' id='word_1_198' title='bbox 251 1623 399 1696; x_wconf 89' lang='lat' dir='ltr'><strong>aquiloni:</strong></span> <span class='ocrx_word' id='word_1_199' title='bbox 415 1628 477 1680; x_wconf 88' lang='lat' dir='ltr'><strong>Da:</strong></span> <span class='ocrx_word' id='word_1_200' title='bbox 1048 1626 1078 1677; x_wconf 91' lang='lat' dir='ltr'><strong>et</strong></span> <span class='ocrx_word' id='word_1_201' title='bbox 1091 1620 1266 1692; x_wconf 89' lang='lat' dir='ltr'><strong>interpretes</strong></span> <span class='ocrx_word' id='word_1_202' title='bbox 1281 1621 1323 1676; x_wconf 90' lang='lat' dir='ltr'><strong>tui</strong></span> <span class='ocrx_word' id='word_1_203' title='bbox 1340 1622 1521 1693; x_wconf 78' lang='lat' dir='ltr'><strong>prevaricati</strong></span> <span class='ocrx_word' id='word_1_204' title='bbox 1533 1627 1607 1682; x_wconf 87' lang='lat' dir='ltr'><strong>sunt</strong></span> <span class='ocrx_word' id='word_1_205' title='bbox 1621 1623 1652 1681; x_wconf 92' lang='lat' dir='ltr'><strong>in</strong></span> <span class='ocrx_word' id='word_1_206' title='bbox 1667 1638 1721 1681; x_wconf 89' lang='lat' dir='ltr'><strong>mc.</strong></span> 
     </span>
     <span class='ocr_line' id='line_1_21' title="bbox 171 1691 1569 1785; baseline 0.001 -34"><span class='ocrx_word' id='word_1_207' title='bbox 171 1700 200 1752; x_wconf 89' lang='lat' dir='ltr'><strong>et</strong></span> <span class='ocrx_word' id='word_1_208' title='bbox 215 1701 316 1752; x_wconf 90' lang='lat' dir='ltr'><strong>austro</strong></span> <span class='ocrx_word' id='word_1_209' title='bbox 328 1694 409 1752; x_wconf 91' lang='lat' dir='ltr'><strong>:Noli</strong></span> <span class='ocrx_word' id='word_1_210' title='bbox 441 1693 584 1751; x_wconf 86' lang='lat' dir='ltr'><strong>rohibere.</strong></span> <span class='ocrx_word' id='word_1_211' title='bbox 975 1692 1049 1785; x_wconf 76' lang='lat' dir='ltr'><strong>BDt</strong></span> <span class='ocrx_word' id='word_1_212' title='bbox 1064 1691 1259 1748; x_wconf 89' lang='lat' dir='ltr'><strong>contaminavi</strong></span> <span class='ocrx_word' id='word_1_213' title='bbox 1274 1691 1425 1766; x_wconf 87' lang='lat' dir='ltr'><strong>principes</strong></span> <span class='ocrx_word' id='word_1_214' title='bbox 1440 1698 1569 1765; x_wconf 89' lang='lat' dir='ltr'><strong>sanctos,</strong></span> 
     </span>
     <span class='ocr_line' id='line_1_22' title="bbox 138 1713 1532 1848; baseline 0 -25"><span class='ocrx_word' id='word_1_215' title='bbox 138 1766 214 1823; x_wconf 78' lang='lat' dir='ltr'><strong>affer</strong></span> <span class='ocrx_word' id='word_1_216' title='bbox 229 1767 304 1824; x_wconf 90' lang='lat' dir='ltr'><strong>lilios</strong></span> <span class='ocrx_word' id='word_1_217' title='bbox 319 1782 400 1824; x_wconf 89' lang='lat' dir='ltr'><strong>meos</strong></span> <span class='ocrx_word' id='word_1_218' title='bbox 415 1713 451 1823; x_wconf 58' lang='lat' dir='ltr'><strong>Xe</strong></span> <span class='ocrx_word' id='word_1_219' title='bbox 461 1766 633 1839; x_wconf 87' lang='lat' dir='ltr'><strong>longinquo.</strong></span> <span class='ocrx_word' id='word_1_220' title='bbox 1052 1763 1119 1820; x_wconf 92' lang='lat' dir='ltr'><strong>dedi</strong></span> <span class='ocrx_word' id='word_1_221' title='bbox 1134 1763 1171 1818; x_wconf 90' lang='lat' dir='ltr'><strong>ad</strong></span> <span class='ocrx_word' id='word_1_222' title='bbox 1186 1761 1416 1848; x_wconf 80' lang='lat' dir='ltr'><strong>internecionem</strong></span> <span class='ocrx_word' id='word_1_223' title='bbox 1429 1763 1532 1834; x_wconf 79' lang='lat' dir='ltr'><strong>daeob,</strong></span> 
     </span>
     <span class='ocr_line' id='line_1_23' title="bbox 172 1832 1472 1907; baseline 0.001 -14"><span class='ocrx_word' id='word_1_224' title='bbox 172 1842 200 1894; x_wconf 90' lang='lat' dir='ltr'><strong>et</strong></span> <span class='ocrx_word' id='word_1_225' title='bbox 214 1837 291 1895; x_wconf 85' lang='lat' dir='ltr'><strong>lilius</strong></span> <span class='ocrx_word' id='word_1_226' title='bbox 307 1855 387 1896; x_wconf 87' lang='lat' dir='ltr'><strong>meas</strong></span> <span class='ocrx_word' id='word_1_227' title='bbox 402 1838 438 1895; x_wconf 97' lang='lat' dir='ltr'><strong>ab</strong></span> <span class='ocrx_word' id='word_1_228' title='bbox 453 1838 591 1894; x_wconf 78' lang='lat' dir='ltr'><strong>extremis</strong></span> <span class='ocrx_word' id='word_1_229' title='bbox 603 1843 707 1907; x_wconf 83' lang='lat' dir='ltr'><strong>terra;</strong></span> <span class='ocrx_word' id='word_1_230' title='bbox 1052 1840 1081 1890; x_wconf 89' lang='lat' dir='ltr'><strong>et</strong></span> <span class='ocrx_word' id='word_1_231' title='bbox 1094 1832 1182 1890; x_wconf 88' lang='lat' dir='ltr'><strong>lsrael</strong></span> <span class='ocrx_word' id='word_1_232' title='bbox 1198 1850 1229 1890; x_wconf 88' lang='lat' dir='ltr'><strong>rn</strong></span> <span class='ocrx_word' id='word_1_233' title='bbox 1245 1834 1472 1907; x_wconf 86' lang='lat' dir='ltr'><strong>blasphemram.</strong></span> 
     </span>
     <span class='ocr_line' id='line_1_24' title="bbox 172 1904 1754 1982; baseline 0.001 -17"><span class='ocrx_word' id='word_1_234' title='bbox 172 1918 199 1965; x_wconf 83' lang='lat' dir='ltr'><strong>ct</strong></span> <span class='ocrx_word' id='word_1_235' title='bbox 214 1924 343 1976; x_wconf 88' lang='lat' dir='ltr'><strong>omnam,</strong></span> <span class='ocrx_word' id='word_1_236' title='bbox 359 1909 408 1982; x_wconf 87' lang='lat' dir='ltr'><strong>qui</strong></span> <span class='ocrx_word' id='word_1_237' title='bbox 424 1910 540 1966; x_wconf 83' lang='lat' dir='ltr'><strong>invocat</strong></span> <span class='ocrx_word' id='word_1_238' title='bbox 555 1924 661 1966; x_wconf 92' lang='lat' dir='ltr'><strong>nomen</strong></span> <span class='ocrx_word' id='word_1_239' title='bbox 677 1924 787 1967; x_wconf 89' lang='lat' dir='ltr'><strong>meum.</strong></span> <span class='ocrx_word' id='word_1_240' title='bbox 1016 1905 1094 1978; x_wconf 83' lang='lat' dir='ltr'><strong>(Cep.</strong></span> <span class='ocrx_word' id='word_1_241' title='bbox 1107 1904 1213 1975; x_wconf 77' lang='lat' dir='ltr'>XLIV.)</span> <span class='ocrx_word' id='word_1_242' title='bbox 1227 1904 1263 1962; x_wconf 78' lang='lat' dir='ltr'><strong>ut</strong></span> <span class='ocrx_word' id='word_1_243' title='bbox 1277 1921 1356 1963; x_wconf 93' lang='lat' dir='ltr'><strong>nunc</strong></span> <span class='ocrx_word' id='word_1_244' title='bbox 1366 1907 1446 1976; x_wconf 86' lang='lat' dir='ltr'><strong>audi,</strong></span> <span class='ocrx_word' id='word_1_245' title='bbox 1459 1908 1561 1979; x_wconf 86' lang='lat' dir='ltr'><strong>laceb,</strong></span> <span class='ocrx_word' id='word_1_246' title='bbox 1576 1925 1660 1968; x_wconf 81' lang='lat' dir='ltr'><strong>serre</strong></span> <span class='ocrx_word' id='word_1_247' title='bbox 1673 1923 1754 1978; x_wconf 86' lang='lat' dir='ltr'><strong>meos,</strong></span> 
     </span>
     <span class='ocr_line' id='line_1_25' title="bbox 135 1976 1410 2054; baseline -0.002 -17"><span class='ocrx_word' id='word_1_248' title='bbox 135 1983 168 2037; x_wconf 93' lang='lat' dir='ltr'><strong>ln</strong></span> <span class='ocrx_word' id='word_1_249' title='bbox 183 1981 307 2054; x_wconf 89' lang='lat' dir='ltr'><strong>gloriam</strong></span> <span class='ocrx_word' id='word_1_250' title='bbox 323 1998 417 2038; x_wconf 84' lang='lat' dir='ltr'><strong>msam</strong></span> <span class='ocrx_word' id='word_1_251' title='bbox 437 1979 532 2036; x_wconf 85' lang='lat' dir='ltr'><strong>eresvi</strong></span> <span class='ocrx_word' id='word_1_252' title='bbox 547 1996 627 2047; x_wconf 91' lang='lat' dir='ltr'><strong>eum,</strong></span> <span class='ocrx_word' id='word_1_253' title='bbox 1051 1976 1196 2045; x_wconf 75' lang='lat' dir='ltr'><strong>etiarnsi,</strong></span> <span class='ocrx_word' id='word_1_254' title='bbox 1212 1990 1299 2048; x_wconf 87' lang='lat' dir='ltr'><strong>quem</strong></span> <span class='ocrx_word' id='word_1_255' title='bbox 1315 1976 1410 2051; x_wconf 84' lang='lat' dir='ltr'><strong>elegi:</strong></span> 
     </span>
     <span class='ocr_line' id='line_1_26' title="bbox 171 2048 1691 2121; baseline 0.003 -14"><span class='ocrx_word' id='word_1_256' title='bbox 171 2052 293 2108; x_wconf 82' lang='lat' dir='ltr'><strong>formavi</strong></span> <span class='ocrx_word' id='word_1_257' title='bbox 309 2067 389 2117; x_wconf 88' lang='lat' dir='ltr'><strong>eum,</strong></span> <span class='ocrx_word' id='word_1_258' title='bbox 408 2056 438 2108; x_wconf 90' lang='lat' dir='ltr'><strong>et</strong></span> <span class='ocrx_word' id='word_1_259' title='bbox 450 2052 505 2108; x_wconf 79' lang='lat' dir='ltr'><strong>feei</strong></span> <span class='ocrx_word' id='word_1_260' title='bbox 521 2066 600 2107; x_wconf 90' lang='lat' dir='ltr'><strong>eum.</strong></span> <span class='ocrx_word' id='word_1_261' title='bbox 1013 2052 1081 2104; x_wconf 79' lang='lat' dir='ltr'><strong>Hae</strong></span> <span class='ocrx_word' id='word_1_262' title='bbox 1096 2049 1168 2104; x_wconf 88' lang='lat' dir='ltr'><strong>dicit</strong></span> <span class='ocrx_word' id='word_1_263' title='bbox 1181 2048 1322 2105; x_wconf 90' lang='lat' dir='ltr'><strong>Dominus</strong></span> <span class='ocrx_word' id='word_1_264' title='bbox 1338 2049 1449 2107; x_wconf 86' lang='lat' dir='ltr'><strong>iaciens</strong></span> <span class='ocrx_word' id='word_1_265' title='bbox 1463 2054 1493 2108; x_wconf 90' lang='lat' dir='ltr'><strong>et</strong></span> <span class='ocrx_word' id='word_1_266' title='bbox 1507 2051 1639 2111; x_wconf 80' lang='lat' dir='ltr'><strong>formans</strong></span> <span class='ocrx_word' id='word_1_267' title='bbox 1653 2056 1691 2121; x_wconf 85' lang='lat' dir='ltr'><strong>ta,</strong></span> 
     </span>
     <span class='ocr_line' id='line_1_27' title="bbox 136 2119 1462 2195; baseline -0.001 -17"><span class='ocrx_word' id='word_1_268' title='bbox 136 2123 215 2178; x_wconf 80' lang='lat' dir='ltr'><strong>Ddue</strong></span> <span class='ocrx_word' id='word_1_269' title='bbox 231 2123 310 2179; x_wconf 82' lang='lat' dir='ltr'><strong>foras</strong></span> <span class='ocrx_word' id='word_1_270' title='bbox 325 2122 466 2195; x_wconf 89' lang='lat' dir='ltr'><strong>populum</strong></span> <span class='ocrx_word' id='word_1_271' title='bbox 483 2138 602 2190; x_wconf 80' lang='lat' dir='ltr'><strong>oerum,</strong></span> <span class='ocrx_word' id='word_1_272' title='bbox 618 2126 647 2179; x_wconf 89' lang='lat' dir='ltr'><strong>et</strong></span> <span class='ocrx_word' id='word_1_273' title='bbox 674 2122 775 2180; x_wconf 91' lang='lat' dir='ltr'><strong>oeulos</strong></span> <span class='ocrx_word' id='word_1_274' title='bbox 789 2120 958 2179; x_wconf 78' lang='lat' dir='ltr'><strong>habentem.</strong></span> <span class='ocrx_word' id='word_1_275' title='bbox 1050 2120 1087 2175; x_wconf 92' lang='lat' dir='ltr'><strong>ab</strong></span> <span class='ocrx_word' id='word_1_276' title='bbox 1102 2124 1185 2176; x_wconf 93' lang='lat' dir='ltr'><strong>utero</strong></span> <span class='ocrx_word' id='word_1_277' title='bbox 1200 2119 1356 2177; x_wconf 87' lang='lat' dir='ltr'><strong>auxiliator</strong></span> <span class='ocrx_word' id='word_1_278' title='bbox 1369 2127 1462 2178; x_wconf 84' lang='lat' dir='ltr'><strong>tuus:</strong></span> 
     </span>
     <span class='ocr_line' id='line_1_28' title="bbox 172 2190 1520 2265; baseline 0.001 -15"><span class='ocrx_word' id='word_1_279' title='bbox 172 2193 308 2261; x_wconf 90' lang='lat' dir='ltr'><strong>surdum,</strong></span> <span class='ocrx_word' id='word_1_280' title='bbox 325 2203 351 2250; x_wconf 82' lang='lat' dir='ltr'><strong>st</strong></span> <span class='ocrx_word' id='word_1_281' title='bbox 366 2210 453 2251; x_wconf 90' lang='lat' dir='ltr'><strong>aures</strong></span> <span class='ocrx_word' id='word_1_282' title='bbox 469 2193 496 2249; x_wconf 91' lang='lat' dir='ltr'><strong>ei</strong></span> <span class='ocrx_word' id='word_1_283' title='bbox 512 2197 592 2250; x_wconf 88' lang='lat' dir='ltr'><strong>sunt.</strong></span> <span class='ocrx_word' id='word_1_284' title='bbox 1014 2190 1078 2247; x_wconf 92' lang='lat' dir='ltr'><strong>Noli</strong></span> <span class='ocrx_word' id='word_1_285' title='bbox 1094 2191 1208 2256; x_wconf 84' lang='lat' dir='ltr'><strong>timere.</strong></span> <span class='ocrx_word' id='word_1_286' title='bbox 1224 2204 1305 2249; x_wconf 83' lang='lat' dir='ltr'><strong>serve</strong></span> <span class='ocrx_word' id='word_1_287' title='bbox 1320 2207 1404 2249; x_wconf 90' lang='lat' dir='ltr'><strong>meua</strong></span> <span class='ocrx_word' id='word_1_288' title='bbox 1417 2195 1520 2265; x_wconf 77' lang='lat' dir='ltr'><strong>Jacob,</strong></span> 
     </span>
     <span class='ocr_line' id='line_1_29' title="bbox 136 2261 1471 2339; baseline 0 -18"><span class='ocrx_word' id='word_1_289' title='bbox 136 2264 245 2321; x_wconf 81' lang='lat' dir='ltr'><strong>Omnes</strong></span> <span class='ocrx_word' id='word_1_290' title='bbox 278 2270 359 2321; x_wconf 87' lang='lat' dir='ltr'><strong>entes</strong></span> <span class='ocrx_word' id='word_1_291' title='bbox 374 2270 556 2339; x_wconf 84' lang='lat' dir='ltr'><strong>congregata</strong></span> <span class='ocrx_word' id='word_1_292' title='bbox 571 2269 642 2321; x_wconf 90' lang='lat' dir='ltr'><strong>sunt</strong></span> <span class='ocrx_word' id='word_1_293' title='bbox 657 2263 747 2322; x_wconf 88' lang='lat' dir='ltr'><strong>simul</strong></span> <span class='ocrx_word' id='word_1_294' title='bbox 1050 2267 1079 2318; x_wconf 90' lang='lat' dir='ltr'><strong>et</strong></span> <span class='ocrx_word' id='word_1_295' title='bbox 1094 2261 1269 2324; x_wconf 83' lang='lat' dir='ltr'><strong>rectissime.</strong></span> <span class='ocrx_word' id='word_1_296' title='bbox 1282 2278 1370 2335; x_wconf 76' lang='lat' dir='ltr'><strong>(luem</strong></span> <span class='ocrx_word' id='word_1_297' title='bbox 1385 2262 1471 2338; x_wconf 89' lang='lat' dir='ltr'><strong>elegi.</strong></span> 
     </span>
     <span class='ocr_line' id='line_1_30' title="bbox 170 2281 1653 2419; baseline 0.003 -28"><span class='ocrx_word' id='word_1_298' title='bbox 170 2341 200 2392; x_wconf 90' lang='lat' dir='ltr'><strong>st</strong></span> <span class='ocrx_word' id='word_1_299' title='bbox 213 2281 340 2392; x_wconf 48' lang='lat' dir='ltr'><strong>eolieota</strong></span> <span class='ocrx_word' id='word_1_300' title='bbox 356 2343 426 2393; x_wconf 84' lang='lat' dir='ltr'><strong>sunt</strong></span> <span class='ocrx_word' id='word_1_301' title='bbox 441 2335 556 2393; x_wconf 84' lang='lat' dir='ltr'><strong>tribus:</strong></span> <span class='ocrx_word' id='word_1_302' title='bbox 1014 2334 1171 2390; x_wconf 76' lang='lat' dir='ltr'><strong>Effundam</strong></span> <span class='ocrx_word' id='word_1_303' title='bbox 1187 2335 1267 2390; x_wconf 88' lang='lat' dir='ltr'><strong>euim</strong></span> <span class='ocrx_word' id='word_1_304' title='bbox 1282 2351 1373 2419; x_wconf 78' lang='lat' dir='ltr'><strong>aquas</strong></span> <span class='ocrx_word' id='word_1_305' title='bbox 1387 2351 1478 2408; x_wconf 92' lang='lat' dir='ltr'><strong>super</strong></span> <span class='ocrx_word' id='word_1_306' title='bbox 1492 2334 1653 2406; x_wconf 82' lang='lat' dir='ltr'><strong>sitientem,</strong></span> 
     </span>
     <span class='ocr_line' id='line_1_31' title="bbox 137 2405 1454 2479; baseline 0.001 -16"><span class='ocrx_word' id='word_1_307' title='bbox 137 2407 209 2472; x_wconf 84' lang='lat' dir='ltr'><strong>Quis</strong></span> <span class='ocrx_word' id='word_1_308' title='bbox 224 2407 253 2462; x_wconf 93' lang='lat' dir='ltr'><strong>in</strong></span> <span class='ocrx_word' id='word_1_309' title='bbox 269 2406 333 2464; x_wconf 86' lang='lat' dir='ltr'><strong>vois</strong></span> <span class='ocrx_word' id='word_1_310' title='bbox 348 2407 525 2465; x_wconf 87' lang='lat' dir='ltr'><strong>bannuntiet</strong></span> <span class='ocrx_word' id='word_1_311' title='bbox 538 2406 629 2476; x_wconf 89' lang='lat' dir='ltr'><strong>istud,</strong></span> <span class='ocrx_word' id='word_1_312' title='bbox 1050 2410 1078 2461; x_wconf 88' lang='lat' dir='ltr'><strong>el</strong></span> <span class='ocrx_word' id='word_1_313' title='bbox 1092 2405 1203 2462; x_wconf 84' lang='lat' dir='ltr'><strong>fluenta</strong></span> <span class='ocrx_word' id='word_1_314' title='bbox 1217 2407 1434 2479; x_wconf 81' lang='lat' dir='ltr'><strong>superandam</strong></span> <span class='ocrx_word' id='word_1_315' title='bbox 1446 2424 1454 2463; x_wconf 80' lang='lat' dir='ltr'><strong>t</strong></span> 
     </span>
     <span class='ocr_line' id='line_1_32' title="bbox 170 2477 1755 2552; baseline 0.001 -19"><span class='ocrx_word' id='word_1_316' title='bbox 170 2486 198 2534; x_wconf 88' lang='lat' dir='ltr'><strong>et</strong></span> <span class='ocrx_word' id='word_1_317' title='bbox 212 2493 275 2550; x_wconf 81' lang='lat' dir='ltr'><strong>qua</strong></span> <span class='ocrx_word' id='word_1_318' title='bbox 291 2477 386 2551; x_wconf 89' lang='lat' dir='ltr'><strong>prima</strong></span> <span class='ocrx_word' id='word_1_319' title='bbox 400 2485 479 2549; x_wconf 87' lang='lat' dir='ltr'><strong>sunt,</strong></span> <span class='ocrx_word' id='word_1_320' title='bbox 497 2479 599 2535; x_wconf 89' lang='lat' dir='ltr'><strong>audire</strong></span> <span class='ocrx_word' id='word_1_321' title='bbox 614 2494 667 2535; x_wconf 90' lang='lat' dir='ltr'><strong>nos</strong></span> <span class='ocrx_word' id='word_1_322' title='bbox 683 2477 792 2536; x_wconf 79' lang='lat' dir='ltr'><strong>iecisti</strong></span> <span class='ocrx_word' id='word_1_323' title='bbox 1015 2477 1168 2534; x_wconf 79' lang='lat' dir='ltr'><strong>Diiundsm</strong></span> <span class='ocrx_word' id='word_1_324' title='bbox 1184 2477 1322 2548; x_wconf 88' lang='lat' dir='ltr'><strong>spiritum</strong></span> <span class='ocrx_word' id='word_1_325' title='bbox 1339 2494 1438 2535; x_wconf 89' lang='lat' dir='ltr'><strong>meum</strong></span> <span class='ocrx_word' id='word_1_326' title='bbox 1454 2495 1546 2552; x_wconf 88' lang='lat' dir='ltr'><strong>super</strong></span> <span class='ocrx_word' id='word_1_327' title='bbox 1560 2495 1660 2537; x_wconf 90' lang='lat' dir='ltr'><strong>semen</strong></span> <span class='ocrx_word' id='word_1_328' title='bbox 1674 2484 1755 2547; x_wconf 87' lang='lat' dir='ltr'><strong>tuum,</strong></span> 
     </span>
     <span class='ocr_line' id='line_1_33' title="bbox 136 2546 1761 2626; baseline -0.001 -20"><span class='ocrx_word' id='word_1_329' title='bbox 136 2546 211 2606; x_wconf 90' lang='lat' dir='ltr'><strong>Dent</strong></span> <span class='ocrx_word' id='word_1_330' title='bbox 225 2555 437 2618; x_wconf 84' lang='lat' dir='ltr'><strong>testaceorum,</strong></span> <span class='ocrx_word' id='word_1_331' title='bbox 451 2558 480 2607; x_wconf 90' lang='lat' dir='ltr'><strong>et</strong></span> <span class='ocrx_word' id='word_1_332' title='bbox 491 2551 704 2622; x_wconf 78' lang='lat' dir='ltr'><strong>justificentur,</strong></span> <span class='ocrx_word' id='word_1_333' title='bbox 1049 2554 1078 2604; x_wconf 85' lang='lat' dir='ltr'><strong>st</strong></span> <span class='ocrx_word' id='word_1_334' title='bbox 1094 2548 1324 2605; x_wconf 81' lang='lat' dir='ltr'><strong>benedictionem</strong></span> <span class='ocrx_word' id='word_1_335' title='bbox 1341 2566 1436 2607; x_wconf 86' lang='lat' dir='ltr'><strong>msam</strong></span> <span class='ocrx_word' id='word_1_336' title='bbox 1453 2566 1543 2623; x_wconf 88' lang='lat' dir='ltr'><strong>super</strong></span> <span class='ocrx_word' id='word_1_337' title='bbox 1556 2551 1677 2626; x_wconf 85' lang='lat' dir='ltr'><strong>stirpem</strong></span> <span class='ocrx_word' id='word_1_338' title='bbox 1689 2557 1761 2609; x_wconf 87' lang='lat' dir='ltr'><strong>toan.</strong></span> 
     </span>
     <span class='ocr_line' id='line_1_34' title="bbox 173 2619 1494 2694; baseline 0.001 -17"><span class='ocrx_word' id='word_1_339' title='bbox 173 2627 203 2677; x_wconf 86' lang='lat' dir='ltr'><strong>et</strong></span> <span class='ocrx_word' id='word_1_340' title='bbox 217 2622 346 2694; x_wconf 89' lang='lat' dir='ltr'><strong>audient,</strong></span> <span class='ocrx_word' id='word_1_341' title='bbox 361 2627 390 2679; x_wconf 89' lang='lat' dir='ltr'><strong>et</strong></span> <span class='ocrx_word' id='word_1_342' title='bbox 404 2623 521 2680; x_wconf 84' lang='lat' dir='ltr'><strong>dicant:</strong></span> <span class='ocrx_word' id='word_1_343' title='bbox 537 2621 622 2692; x_wconf 88' lang='lat' dir='ltr'><strong>Vere,</strong></span> <span class='ocrx_word' id='word_1_344' title='bbox 1013 2619 1048 2675; x_wconf 80' lang='lat' dir='ltr'><strong>ut</strong></span> <span class='ocrx_word' id='word_1_345' title='bbox 1061 2619 1272 2692; x_wconf 89' lang='lat' dir='ltr'><strong>germinabunt</strong></span> <span class='ocrx_word' id='word_1_346' title='bbox 1285 2619 1362 2678; x_wconf 87' lang='lat' dir='ltr'><strong>inter</strong></span> <span class='ocrx_word' id='word_1_347' title='bbox 1375 2621 1494 2679; x_wconf 88' lang='lat' dir='ltr'><strong>herbas.</strong></span> 
     </span>
     <span class='ocr_line' id='line_1_35' title="bbox 137 2690 1712 2776; baseline 0.004 -30"><span class='ocrx_word' id='word_1_348' title='bbox 137 2691 197 2749; x_wconf 87' lang='lat' dir='ltr'><strong>Vos</strong></span> <span class='ocrx_word' id='word_1_349' title='bbox 210 2697 300 2750; x_wconf 88' lang='lat' dir='ltr'><strong>testes</strong></span> <span class='ocrx_word' id='word_1_350' title='bbox 315 2692 383 2764; x_wconf 86' lang='lat' dir='ltr'><strong>mei,</strong></span> <span class='ocrx_word' id='word_1_351' title='bbox 399 2695 470 2751; x_wconf 91' lang='lat' dir='ltr'><strong>dicit</strong></span> <span class='ocrx_word' id='word_1_352' title='bbox 486 2694 637 2760; x_wconf 83' lang='lat' dir='ltr'><strong>Dominus,</strong></span> <span class='ocrx_word' id='word_1_353' title='bbox 1049 2691 1133 2774; x_wconf 80' lang='lat' dir='ltr'><strong>qnasi</strong></span> <span class='ocrx_word' id='word_1_354' title='bbox 1149 2690 1254 2748; x_wconf 85' lang='lat' dir='ltr'><strong>salices</strong></span> <span class='ocrx_word' id='word_1_355' title='bbox 1264 2691 1352 2776; x_wconf 67' lang='lat' dir='ltr'><strong>iuxta</strong></span> <span class='ocrx_word' id='word_1_356' title='bbox 1365 2692 1599 2765; x_wconf 72' lang='lat' dir='ltr'><strong>praeterfluentes</strong></span> <span class='ocrx_word' id='word_1_357' title='bbox 1614 2709 1712 2770; x_wconf 78' lang='lat' dir='ltr'><strong>aqum.</strong></span> 
     </span>
     <span class='ocr_line' id='line_1_36' title="bbox 171 2761 1481 2847; baseline 0.002 -28"><span class='ocrx_word' id='word_1_358' title='bbox 171 2767 201 2819; x_wconf 86' lang='lat' dir='ltr'><strong>et</strong></span> <span class='ocrx_word' id='word_1_359' title='bbox 216 2780 318 2822; x_wconf 89' lang='lat' dir='ltr'><strong>servus</strong></span> <span class='ocrx_word' id='word_1_360' title='bbox 332 2782 427 2834; x_wconf 86' lang='lat' dir='ltr'><strong>meus,</strong></span> <span class='ocrx_word' id='word_1_361' title='bbox 442 2782 530 2838; x_wconf 85' lang='lat' dir='ltr'><strong>quem</strong></span> <span class='ocrx_word' id='word_1_362' title='bbox 546 2765 637 2839; x_wconf 91' lang='lat' dir='ltr'><strong>elegi:</strong></span> <span class='ocrx_word' id='word_1_363' title='bbox 1014 2761 1072 2819; x_wconf 91' lang='lat' dir='ltr'><strong>Iste</strong></span> <span class='ocrx_word' id='word_1_364' title='bbox 1087 2764 1164 2819; x_wconf 86' lang='lat' dir='ltr'><strong>drcet</strong></span> <span class='ocrx_word' id='word_1_365' title='bbox 1175 2778 1182 2818; x_wconf 95' lang='lat'>:</span> <span class='ocrx_word' id='word_1_366' title='bbox 1195 2762 1313 2847; x_wconf 79' lang='lat' dir='ltr'><strong>Domini</strong></span> <span class='ocrx_word' id='word_1_367' title='bbox 1328 2779 1382 2838; x_wconf 91' lang='lat' dir='ltr'><strong>ego</strong></span> <span class='ocrx_word' id='word_1_368' title='bbox 1394 2781 1481 2833; x_wconf 91' lang='lat' dir='ltr'><strong>sum;</strong></span> 
     </span>
     <span class='ocr_line' id='line_1_37' title="bbox 136 2832 1558 2905; baseline 0.003 -15"><span class='ocrx_word' id='word_1_369' title='bbox 136 2833 173 2890; x_wconf 90' lang='lat' dir='ltr'><strong>Ut</strong></span> <span class='ocrx_word' id='word_1_370' title='bbox 187 2835 301 2905; x_wconf 84' lang='lat' dir='ltr'><strong>sciatis,</strong></span> <span class='ocrx_word' id='word_1_371' title='bbox 315 2842 345 2893; x_wconf 91' lang='lat' dir='ltr'><strong>et</strong></span> <span class='ocrx_word' id='word_1_372' title='bbox 359 2838 486 2894; x_wconf 89' lang='lat' dir='ltr'><strong>credatis</strong></span> <span class='ocrx_word' id='word_1_373' title='bbox 501 2835 585 2902; x_wconf 76' lang='lat' dir='ltr'><strong>mihi.</strong></span> <span class='ocrx_word' id='word_1_374' title='bbox 1048 2837 1077 2890; x_wconf 88' lang='lat' dir='ltr'><strong>el</strong></span> <span class='ocrx_word' id='word_1_375' title='bbox 1086 2832 1134 2890; x_wconf 91' lang='lat' dir='ltr'><strong>ills</strong></span> <span class='ocrx_word' id='word_1_376' title='bbox 1147 2835 1264 2891; x_wconf 81' lang='lat' dir='ltr'><strong>vocabit</strong></span> <span class='ocrx_word' id='word_1_377' title='bbox 1273 2834 1303 2890; x_wconf 91' lang='lat' dir='ltr'><strong>in</strong></span> <span class='ocrx_word' id='word_1_378' title='bbox 1314 2835 1433 2893; x_wconf 92' lang='lat' dir='ltr'><strong>nomine</strong></span> <span class='ocrx_word' id='word_1_379' title='bbox 1447 2836 1558 2895; x_wconf 81' lang='lat' dir='ltr'><strong>Jacob:</strong></span> 
     </span>
     <span class='ocr_line' id='line_1_38' title="bbox 171 2904 1615 2982; baseline 0.003 -21"><span class='ocrx_word' id='word_1_380' title='bbox 171 2910 200 2962; x_wconf 90' lang='lat' dir='ltr'><strong>st</strong></span> <span class='ocrx_word' id='word_1_381' title='bbox 214 2905 397 2978; x_wconf 85' lang='lat' dir='ltr'><strong>intelligatis.</strong></span> <span class='ocrx_word' id='word_1_382' title='bbox 416 2908 487 2979; x_wconf 87' lang='lat' dir='ltr'><strong>quia</strong></span> <span class='ocrx_word' id='word_1_383' title='bbox 501 2925 555 2982; x_wconf 88' lang='lat' dir='ltr'><strong>ego</strong></span> <span class='ocrx_word' id='word_1_384' title='bbox 575 2910 582 2962; x_wconf 89' lang='lat' dir='ltr'><strong>i</strong></span> <span class='ocrx_word' id='word_1_385' title='bbox 606 2923 638 2963; x_wconf 88' lang='lat' dir='ltr'><strong>se</strong></span> <span class='ocrx_word' id='word_1_386' title='bbox 653 2922 730 2964; x_wconf 90' lang='lat' dir='ltr'><strong>sum.</strong></span> <span class='ocrx_word' id='word_1_387' title='bbox 1047 2909 1077 2961; x_wconf 86' lang='lat' dir='ltr'><strong>et</strong></span> <span class='ocrx_word' id='word_1_388' title='bbox 1091 2904 1138 2961; x_wconf 90' lang='lat' dir='ltr'><strong>bie</strong></span> <span class='ocrx_word' id='word_1_389' title='bbox 1152 2906 1262 2962; x_wconf 88' lang='lat' dir='ltr'><strong>scribet</strong></span> <span class='ocrx_word' id='word_1_390' title='bbox 1274 2921 1364 2964; x_wconf 88' lang='lat' dir='ltr'><strong>manu</strong></span> <span class='ocrx_word' id='word_1_391' title='bbox 1379 2924 1452 2965; x_wconf 90' lang='lat' dir='ltr'><strong>sua:</strong></span> <span class='ocrx_word' id='word_1_392' title='bbox 1471 2909 1593 2965; x_wconf 92' lang='lat' dir='ltr'><strong>Domino</strong></span> <span class='ocrx_word' id='word_1_393' title='bbox 1608 2926 1615 2965; x_wconf 95' lang='lat'>:</span> 
     </span>
     <span class='ocr_line' id='line_1_39' title="bbox 135 2924 1822 3060; baseline 0.004 -30"><span class='ocrx_word' id='word_1_394' title='bbox 135 2980 211 3034; x_wconf 77' lang='lat' dir='ltr'><strong>Ante</strong></span> <span class='ocrx_word' id='word_1_395' title='bbox 226 2993 273 3035; x_wconf 93' lang='lat' dir='ltr'><strong>me</strong></span> <span class='ocrx_word' id='word_1_396' title='bbox 287 2995 344 3035; x_wconf 91' lang='lat' dir='ltr'><strong>uon</strong></span> <span class='ocrx_word' id='word_1_397' title='bbox 361 2984 406 3036; x_wconf 90' lang='lat' dir='ltr'><strong>est</strong></span> <span class='ocrx_word' id='word_1_398' title='bbox 419 2981 564 3037; x_wconf 78' lang='lat' dir='ltr'><strong>formatus</strong></span> <span class='ocrx_word' id='word_1_399' title='bbox 578 2924 667 3046; x_wconf 56' lang='lat' dir='ltr'><strong>Deus,</strong></span> <span class='ocrx_word' id='word_1_400' title='bbox 1048 2982 1078 3032; x_wconf 89' lang='lat' dir='ltr'><strong>et</strong></span> <span class='ocrx_word' id='word_1_401' title='bbox 1091 2977 1121 3059; x_wconf 83' lang='lat' dir='ltr'><strong>in</strong></span> <span class='ocrx_word' id='word_1_402' title='bbox 1137 2976 1258 3060; x_wconf 77' lang='lat' dir='ltr'><strong>nomine</strong></span> <span class='ocrx_word' id='word_1_403' title='bbox 1268 2976 1358 3035; x_wconf 90' lang='lat' dir='ltr'><strong>lsrael</strong></span> <span class='ocrx_word' id='word_1_404' title='bbox 1374 2982 1383 3016; x_wconf 92' lang='lat'>¹</span> <span class='ocrx_word' id='word_1_405' title='bbox 1400 2978 1634 3037; x_wconf 71' lang='lat' dir='ltr'><strong>assimilabitur:</strong></span> <span class='ocrx_word' id='word_1_406' title='bbox 1820 2978 1822 3051; x_wconf 79' lang='lat' dir='ltr'><strong>l</strong></span> 
     </span>
     <span class='ocr_line' id='line_1_40' title="bbox 170 3047 1498 3121; baseline 0.002 -17"><span class='ocrx_word' id='word_1_407' title='bbox 170 3055 199 3105; x_wconf 91' lang='lat' dir='ltr'><strong>et</strong></span> <span class='ocrx_word' id='word_1_408' title='bbox 214 3054 280 3121; x_wconf 90' lang='lat' dir='ltr'><strong>post</strong></span> <span class='ocrx_word' id='word_1_409' title='bbox 291 3066 337 3106; x_wconf 91' lang='lat' dir='ltr'><strong>me</strong></span> <span class='ocrx_word' id='word_1_410' title='bbox 350 3066 408 3106; x_wconf 91' lang='lat' dir='ltr'><strong>non</strong></span> <span class='ocrx_word' id='word_1_411' title='bbox 424 3051 489 3106; x_wconf 86' lang='lat' dir='ltr'><strong>erit.</strong></span> <span class='ocrx_word' id='word_1_412' title='bbox 1013 3047 1078 3104; x_wconf 81' lang='lat' dir='ltr'><strong>lieo</strong></span> <span class='ocrx_word' id='word_1_413' title='bbox 1092 3050 1163 3103; x_wconf 80' lang='lat' dir='ltr'><strong>dreit</strong></span> <span class='ocrx_word' id='word_1_414' title='bbox 1178 3049 1319 3106; x_wconf 75' lang='lat' dir='ltr'><strong>Dominus</strong></span> <span class='ocrx_word' id='word_1_415' title='bbox 1333 3066 1384 3107; x_wconf 86' lang='lat' dir='ltr'><strong>rex</strong></span> <span class='ocrx_word' id='word_1_416' title='bbox 1398 3050 1498 3120; x_wconf 87' lang='lat' dir='ltr'><strong>lsrael,</strong></span> 
     </span>
     <span class='ocr_line' id='line_1_41' title="bbox 133 3091 1714 3202; baseline 0.004 -30"><span class='ocrx_word' id='word_1_417' title='bbox 133 3120 191 3191; x_wconf 80' lang='lat' dir='ltr'><strong>Ego</strong></span> <span class='ocrx_word' id='word_1_418' title='bbox 207 3135 283 3189; x_wconf 88' lang='lat' dir='ltr'><strong>suro,</strong></span> <span class='ocrx_word' id='word_1_419' title='bbox 300 3136 353 3193; x_wconf 91' lang='lat' dir='ltr'><strong>ego</strong></span> <span class='ocrx_word' id='word_1_420' title='bbox 369 3138 435 3177; x_wconf 89' lang='lat' dir='ltr'><strong>sum</strong></span> <span class='ocrx_word' id='word_1_421' title='bbox 454 3121 605 3190; x_wconf 85' lang='lat' dir='ltr'><strong>Dominus,</strong></span> <span class='ocrx_word' id='word_1_422' title='bbox 971 3091 993 3159; x_wconf 73' lang='lat' dir='ltr'><strong>c</strong></span> <span class='ocrx_word' id='word_1_423' title='bbox 1047 3124 1076 3176; x_wconf 92' lang='lat' dir='ltr'><strong>et</strong></span> <span class='ocrx_word' id='word_1_424' title='bbox 1091 3122 1257 3202; x_wconf 82' lang='lat' dir='ltr'><strong>redemptor</strong></span> <span class='ocrx_word' id='word_1_425' title='bbox 1265 3121 1329 3192; x_wconf 86' lang='lat' dir='ltr'><strong>ejus</strong></span> <span class='ocrx_word' id='word_1_426' title='bbox 1343 3122 1487 3180; x_wconf 86' lang='lat' dir='ltr'><strong>Dominus</strong></span> <span class='ocrx_word' id='word_1_427' title='bbox 1501 3123 1714 3181; x_wconf 85' lang='lat' dir='ltr'><strong>excercituum:</strong></span> 
     </span>
     <span class='ocr_line' id='line_1_42' title="bbox 131 3190 1525 3265; baseline 0.004 -20"><span class='ocrx_word' id='word_1_428' title='bbox 131 3202 134 3208; x_wconf 85' lang='lat'>·</span> <span class='ocrx_word' id='word_1_429' title='bbox 167 3193 196 3246; x_wconf 90' lang='lat' dir='ltr'><strong>et</strong></span> <span class='ocrx_word' id='word_1_430' title='bbox 208 3207 265 3246; x_wconf 92' lang='lat' dir='ltr'><strong>non</strong></span> <span class='ocrx_word' id='word_1_431' title='bbox 282 3198 327 3248; x_wconf 89' lang='lat' dir='ltr'><strong>est</strong></span> <span class='ocrx_word' id='word_1_432' title='bbox 341 3193 452 3263; x_wconf 84' lang='lat' dir='ltr'><strong>absque</strong></span> <span class='ocrx_word' id='word_1_433' title='bbox 466 3209 513 3249; x_wconf 91' lang='lat' dir='ltr'><strong>me</strong></span> <span class='ocrx_word' id='word_1_434' title='bbox 525 3192 663 3250; x_wconf 84' lang='lat' dir='ltr'><strong>salrator.</strong></span> <span class='ocrx_word' id='word_1_435' title='bbox 1012 3190 1069 3262; x_wconf 77' lang='lat' dir='ltr'><strong>ligo</strong></span> <span class='ocrx_word' id='word_1_436' title='bbox 1086 3207 1211 3264; x_wconf 80' lang='lat' dir='ltr'><strong>primus,</strong></span> <span class='ocrx_word' id='word_1_437' title='bbox 1227 3195 1256 3249; x_wconf 92' lang='lat' dir='ltr'><strong>et</strong></span> <span class='ocrx_word' id='word_1_438' title='bbox 1267 3208 1319 3264; x_wconf 91' lang='lat' dir='ltr'><strong>ego</strong></span> <span class='ocrx_word' id='word_1_439' title='bbox 1334 3194 1525 3265; x_wconf 85' lang='lat' dir='ltr'><strong>novissimus,</strong></span> 
     </span>
     <span class='ocr_line' id='line_1_43' title="bbox 133 3259 1498 3346; baseline 0.004 -30"><span class='ocrx_word' id='word_1_440' title='bbox 133 3259 192 3334; x_wconf 82' lang='lat' dir='ltr'><strong>Dgo</strong></span> <span class='ocrx_word' id='word_1_441' title='bbox 208 3262 359 3318; x_wconf 79' lang='lat' dir='ltr'><strong>annutiavi</strong></span> <span class='ocrx_word' id='word_1_442' title='bbox 382 3270 412 3320; x_wconf 89' lang='lat' dir='ltr'><strong>et</strong></span> <span class='ocrx_word' id='word_1_443' title='bbox 427 3264 555 3321; x_wconf 84' lang='lat' dir='ltr'><strong>salvavi:</strong></span> <span class='ocrx_word' id='word_1_444' title='bbox 1047 3267 1076 3318; x_wconf 89' lang='lat' dir='ltr'><strong>st</strong></span> <span class='ocrx_word' id='word_1_445' title='bbox 1090 3263 1203 3346; x_wconf 82' lang='lat' dir='ltr'><strong>absque</strong></span> <span class='ocrx_word' id='word_1_446' title='bbox 1218 3278 1265 3319; x_wconf 93' lang='lat' dir='ltr'><strong>me</strong></span> <span class='ocrx_word' id='word_1_447' title='bbox 1276 3280 1334 3320; x_wconf 92' lang='lat' dir='ltr'><strong>non</strong></span> <span class='ocrx_word' id='word_1_448' title='bbox 1349 3268 1395 3322; x_wconf 88' lang='lat' dir='ltr'><strong>sat</strong></span> <span class='ocrx_word' id='word_1_449' title='bbox 1409 3266 1498 3324; x_wconf 89' lang='lat' dir='ltr'><strong>Deus.</strong></span> 
     </span>
     <span class='ocr_line' id='line_1_44' title="bbox 167 3307 1296 3403; baseline 0.003 -16"><span class='ocrx_word' id='word_1_450' title='bbox 167 3332 301 3389; x_wconf 89' lang='lat' dir='ltr'><strong>auditum</strong></span> <span class='ocrx_word' id='word_1_451' title='bbox 317 3307 383 3403; x_wconf 74' lang='lat' dir='ltr'><strong>ieci,</strong></span> <span class='ocrx_word' id='word_1_452' title='bbox 1010 3334 1081 3399; x_wconf 83' lang='lat' dir='ltr'><strong>Quis</strong></span> <span class='ocrx_word' id='word_1_453' title='bbox 1092 3332 1200 3391; x_wconf 83' lang='lat' dir='ltr'><strong>similis</strong></span> <span class='ocrx_word' id='word_1_454' title='bbox 1215 3333 1296 3391; x_wconf 86' lang='lat' dir='ltr'><strong>mei‘l</strong></span> 
     </span>
     <span class='ocr_line' id='line_1_45' title="bbox 162 3404 1371 3478; baseline 0.003 -20"><span class='ocrx_word' id='word_1_455' title='bbox 162 3406 192 3458; x_wconf 86' lang='lat' dir='ltr'><strong>et</strong></span> <span class='ocrx_word' id='word_1_456' title='bbox 207 3418 265 3459; x_wconf 91' lang='lat' dir='ltr'><strong>non</strong></span> <span class='ocrx_word' id='word_1_457' title='bbox 280 3404 336 3460; x_wconf 85' lang='lat' dir='ltr'><strong>luit</strong></span> <span class='ocrx_word' id='word_1_458' title='bbox 349 3405 379 3459; x_wconf 90' lang='lat' dir='ltr'><strong>in</strong></span> <span class='ocrx_word' id='word_1_459' title='bbox 395 3404 479 3461; x_wconf 84' lang='lat' dir='ltr'><strong>vobis</strong></span> <span class='ocrx_word' id='word_1_460' title='bbox 490 3404 605 3461; x_wconf 93' lang='lat' dir='ltr'><strong>alienus</strong></span> <span class='ocrx_word' id='word_1_461' title='bbox 620 3419 626 3460; x_wconf 93' lang='lat'><strong>:</strong></span> <span class='ocrx_word' id='word_1_462' title='bbox 1044 3409 1137 3472; x_wconf 86' lang='lat' dir='ltr'><strong>vocet,</strong></span> <span class='ocrx_word' id='word_1_463' title='bbox 1152 3412 1180 3463; x_wconf 85' lang='lat' dir='ltr'><strong>el</strong></span> <span class='ocrx_word' id='word_1_464' title='bbox 1196 3406 1371 3478; x_wconf 81' lang='lat' dir='ltr'><strong>aununtiet3</strong></span> 
     </span>
     <span class='ocr_line' id='line_1_46' title="bbox 128 3472 1460 3550; baseline 0.003 -22"><span class='ocrx_word' id='word_1_465' title='bbox 128 3472 187 3530; x_wconf 89' lang='lat' dir='ltr'><strong>Vos</strong></span> <span class='ocrx_word' id='word_1_466' title='bbox 202 3478 292 3531; x_wconf 88' lang='lat' dir='ltr'><strong>testes</strong></span> <span class='ocrx_word' id='word_1_467' title='bbox 308 3475 375 3541; x_wconf 90' lang='lat' dir='ltr'><strong>moi,</strong></span> <span class='ocrx_word' id='word_1_468' title='bbox 393 3475 465 3532; x_wconf 89' lang='lat' dir='ltr'><strong>dicit</strong></span> <span class='ocrx_word' id='word_1_469' title='bbox 479 3475 633 3545; x_wconf 85' lang='lat' dir='ltr'><strong>Dominus,</strong></span> <span class='ocrx_word' id='word_1_470' title='bbox 1044 3485 1074 3533; x_wconf 84' lang='lat' dir='ltr'><strong>et</strong></span> <span class='ocrx_word' id='word_1_471' title='bbox 1088 3475 1222 3533; x_wconf 91' lang='lat' dir='ltr'><strong>ordinem</strong></span> <span class='ocrx_word' id='word_1_472' title='bbox 1233 3484 1360 3550; x_wconf 86' lang='lat' dir='ltr'><strong>exponat</strong></span> <span class='ocrx_word' id='word_1_473' title='bbox 1374 3477 1460 3549; x_wconf 90' lang='lat' dir='ltr'><strong>mibi,</strong></span> 
     </span>
     <span class='ocr_line' id='line_1_47' title="bbox 164 3546 1657 3630; baseline 0.005 -29"><span class='ocrx_word' id='word_1_474' title='bbox 164 3548 194 3601; x_wconf 85' lang='lat' dir='ltr'><strong>et</strong></span> <span class='ocrx_word' id='word_1_475' title='bbox 205 3546 360 3630; x_wconf 81' lang='lat' dir='ltr'><strong>egoDaus.</strong></span> <span class='ocrx_word' id='word_1_476' title='bbox 1042 3562 1077 3604; x_wconf 84' lang='lat' dir='ltr'><strong>ex</strong></span> <span class='ocrx_word' id='word_1_477' title='bbox 1093 3564 1151 3620; x_wconf 89' lang='lat' dir='ltr'><strong>quo</strong></span> <span class='ocrx_word' id='word_1_478' title='bbox 1165 3548 1305 3606; x_wconf 89' lang='lat' dir='ltr'><strong>constitui</strong></span> <span class='ocrx_word' id='word_1_479' title='bbox 1322 3549 1463 3623; x_wconf 88' lang='lat' dir='ltr'><strong>populum</strong></span> <span class='ocrx_word' id='word_1_480' title='bbox 1479 3549 1657 3622; x_wconf 83' lang='lat' dir='ltr'><strong>antiquum:</strong></span> 
     </span>
    </p>
   </div>
   <div class='ocr_carea' id='block_1_3' title="bbox 129 3616 1732 3745">
    <p class='ocr_par' dir='ltr' id='par_1_3' title="bbox 129 3616 1732 3745">
     <span class='ocr_line' id='line_1_48' title="bbox 129 3616 1732 3745; baseline 0.004 -73"><span class='ocrx_word' id='word_1_481' title='bbox 129 3616 165 3672; x_wconf 85' lang='lat' dir='ltr'><strong>iit</strong></span> <span class='ocrx_word' id='word_1_482' title='bbox 179 3616 215 3672; x_wconf 90' lang='lat' dir='ltr'><strong>ab</strong></span> <span class='ocrx_word' id='word_1_483' title='bbox 231 3617 316 3674; x_wconf 86' lang='lat' dir='ltr'><strong>rnrtio</strong></span> <span class='ocrx_word' id='word_1_484' title='bbox 331 3633 384 3690; x_wconf 84' lang='lat' dir='ltr'><strong>ego</strong></span> <span class='ocrx_word' id='word_1_485' title='bbox 399 3616 472 3745; x_wconf 61' lang='lat' dir='ltr'><strong>ipse,</strong></span> <span class='ocrx_word' id='word_1_486' title='bbox 1041 3624 1165 3675; x_wconf 86' lang='lat' dir='ltr'><strong>ventura</strong></span> <span class='ocrx_word' id='word_1_487' title='bbox 1179 3624 1207 3676; x_wconf 90' lang='lat' dir='ltr'><strong>et</strong></span> <span class='ocrx_word' id='word_1_488' title='bbox 1220 3636 1283 3692; x_wconf 79' lang='lat' dir='ltr'><strong>qua</strong></span> <span class='ocrx_word' id='word_1_489' title='bbox 1299 3619 1398 3677; x_wconf 81' lang='lat' dir='ltr'><strong>lutura</strong></span> <span class='ocrx_word' id='word_1_490' title='bbox 1412 3625 1483 3678; x_wconf 88' lang='lat' dir='ltr'><strong>sunt</strong></span> <span class='ocrx_word' id='word_1_491' title='bbox 1496 3622 1674 3682; x_wconf 82' lang='lat' dir='ltr'><strong>annuntient</strong></span> <span class='ocrx_word' id='word_1_492' title='bbox 1686 3620 1732 3680; x_wconf 83' lang='lat' dir='ltr'><strong>eia</strong></span> 
     </span>
    </p>
   </div>
   <div class='ocr_carea' id='block_1_4' title="bbox 113 3688 1822 5619">
    <p class='ocr_par' dir='ltr' id='par_1_4' title="bbox 162 3688 1591 3764">
     <span class='ocr_line' id='line_1_49' title="bbox 162 3688 1591 3764; baseline 0.005 -20"><span class='ocrx_word' id='word_1_493' title='bbox 162 3692 191 3744; x_wconf 92' lang='lat' dir='ltr'><strong>et</strong></span> <span class='ocrx_word' id='word_1_494' title='bbox 205 3704 263 3744; x_wconf 92' lang='lat' dir='ltr'><strong>non</strong></span> <span class='ocrx_word' id='word_1_495' title='bbox 279 3694 324 3745; x_wconf 92' lang='lat' dir='ltr'><strong>est</strong></span> <span class='ocrx_word' id='word_1_496' title='bbox 339 3689 387 3760; x_wconf 86' lang='lat' dir='ltr'><strong>qui</strong></span> <span class='ocrx_word' id='word_1_497' title='bbox 428 3706 443 3745; x_wconf 91' lang='lat' dir='ltr'><strong>e</strong></span> <span class='ocrx_word' id='word_1_498' title='bbox 459 3705 548 3745; x_wconf 90' lang='lat' dir='ltr'><strong>manu</strong></span> <span class='ocrx_word' id='word_1_499' title='bbox 560 3703 626 3745; x_wconf 92' lang='lat' dir='ltr'><strong>maa</strong></span> <span class='ocrx_word' id='word_1_500' title='bbox 637 3692 737 3746; x_wconf 89' lang='lat' dir='ltr'><strong>eruat:</strong></span> <span class='ocrx_word' id='word_1_501' title='bbox 1006 3688 1102 3746; x_wconf 90' lang='lat' dir='ltr'><strong>Nolite</strong></span> <span class='ocrx_word' id='word_1_502' title='bbox 1112 3691 1225 3758; x_wconf 89' lang='lat' dir='ltr'><strong>timere,</strong></span> <span class='ocrx_word' id='word_1_503' title='bbox 1241 3706 1336 3764; x_wconf 90' lang='lat' dir='ltr'><strong>nsque</strong></span> <span class='ocrx_word' id='word_1_504' title='bbox 1351 3692 1591 3751; x_wconf 89' lang='lat' dir='ltr'><strong>conturbemini:</strong></span> 
     </span>
    </p>

    <p class='ocr_par' dir='ltr' id='par_1_5' title="bbox 127 3758 1649 3891">
     <span class='ocr_line' id='line_1_50' title="bbox 127 3758 1649 3836; baseline 0.005 -22"><span class='ocrx_word' id='word_1_505' title='bbox 127 3758 284 3831; x_wconf 88' lang='lat' dir='ltr'><strong>Operabcr,</strong></span> <span class='ocrx_word' id='word_1_506' title='bbox 1040 3777 1075 3818; x_wconf 82' lang='lat' dir='ltr'><strong>ex</strong></span> <span class='ocrx_word' id='word_1_507' title='bbox 1085 3766 1156 3818; x_wconf 90' lang='lat' dir='ltr'><strong>tune</strong></span> <span class='ocrx_word' id='word_1_508' title='bbox 1171 3762 1273 3819; x_wconf 91' lang='lat' dir='ltr'><strong>audire</strong></span> <span class='ocrx_word' id='word_1_509' title='bbox 1288 3769 1317 3820; x_wconf 90' lang='lat' dir='ltr'><strong>te</strong></span> <span class='ocrx_word' id='word_1_510' title='bbox 1331 3762 1397 3836; x_wconf 84' lang='lat' dir='ltr'><strong>laci,</strong></span> <span class='ocrx_word' id='word_1_511' title='bbox 1413 3767 1442 3821; x_wconf 88' lang='lat' dir='ltr'><strong>ei</strong></span> <span class='ocrx_word' id='word_1_512' title='bbox 1455 3764 1649 3836; x_wconf 85' lang='lat' dir='ltr'><strong>annuntiavi;</strong></span> 
     </span>
     <span class='ocr_line' id='line_1_51' title="bbox 160 3829 1337 3891; baseline 0.003 -4"><span class='ocrx_word' id='word_1_513' title='bbox 160 3834 190 3887; x_wconf 88' lang='lat' dir='ltr'><strong>et</strong></span> <span class='ocrx_word' id='word_1_514' title='bbox 225 3830 269 3887; x_wconf 91' lang='lat' dir='ltr'><strong>uis</strong></span> <span class='ocrx_word' id='word_1_515' title='bbox 285 3829 507 3887; x_wconf 84' lang='lat' dir='ltr'><strong>avertetiilud‘l</strong></span> <span class='ocrx_word' id='word_1_516' title='bbox 1004 3831 1062 3889; x_wconf 92' lang='lat' dir='ltr'><strong>Vos</strong></span> <span class='ocrx_word' id='word_1_517' title='bbox 1076 3834 1148 3889; x_wconf 88' lang='lat' dir='ltr'><strong>estis</strong></span> <span class='ocrx_word' id='word_1_518' title='bbox 1160 3838 1251 3890; x_wconf 89' lang='lat' dir='ltr'><strong>testas</strong></span> <span class='ocrx_word' id='word_1_519' title='bbox 1261 3833 1337 3891; x_wconf 89' lang='lat' dir='ltr'><strong>mei:</strong></span> 
     </span>
    </p>

    <p class='ocr_par' dir='ltr' id='par_1_6' title="bbox 125 3847 1632 4049">
     <span class='ocr_line' id='line_1_52' title="bbox 125 3847 1523 3978; baseline 0.004 -21"><span class='ocrx_word' id='word_1_520' title='bbox 125 3902 188 3958; x_wconf 79' lang='lat' dir='ltr'><strong>lieo</strong></span> <span class='ocrx_word' id='word_1_521' title='bbox 202 3847 273 3958; x_wconf 56' lang='lat' dir='ltr'><strong>dicit</strong></span> <span class='ocrx_word' id='word_1_522' title='bbox 287 3902 430 3961; x_wconf 87' lang='lat' dir='ltr'><strong>Dominus</strong></span> <span class='ocrx_word' id='word_1_523' title='bbox 445 3903 611 3975; x_wconf 86' lang='lat' dir='ltr'><strong>redemptor</strong></span> <span class='ocrx_word' id='word_1_524' title='bbox 625 3905 730 3971; x_wconf 85' lang='lat' dir='ltr'><strong>vester,</strong></span> <span class='ocrx_word' id='word_1_525' title='bbox 1038 3906 1172 3977; x_wconf 85' lang='lat' dir='ltr'><strong>nunquid</strong></span> <span class='ocrx_word' id='word_1_526' title='bbox 1187 3909 1232 3961; x_wconf 90' lang='lat' dir='ltr'><strong>est</strong></span> <span class='ocrx_word' id='word_1_527' title='bbox 1247 3909 1323 3962; x_wconf 89' lang='lat' dir='ltr'><strong>Deus</strong></span> <span class='ocrx_word' id='word_1_528' title='bbox 1337 3906 1450 3978; x_wconf 88' lang='lat' dir='ltr'><strong>absque</strong></span> <span class='ocrx_word' id='word_1_529' title='bbox 1464 3920 1523 3978; x_wconf 89' lang='lat' dir='ltr'><strong>me,</strong></span> 
     </span>
     <span class='ocr_line' id='line_1_53' title="bbox 159 3973 1632 4049; baseline 0.005 -21"><span class='ocrx_word' id='word_1_530' title='bbox 159 3978 279 4030; x_wconf 91' lang='lat' dir='ltr'><strong>sanetus</strong></span> <span class='ocrx_word' id='word_1_531' title='bbox 294 3973 404 4043; x_wconf 85' lang='lat' dir='ltr'><strong>israol;</strong></span> <span class='ocrx_word' id='word_1_532' title='bbox 1037 3981 1066 4032; x_wconf 91' lang='lat' dir='ltr'><strong>et</strong></span> <span class='ocrx_word' id='word_1_533' title='bbox 1080 3975 1222 4034; x_wconf 76' lang='lat' dir='ltr'><strong>formator</strong></span> <span class='ocrx_word' id='word_1_534' title='bbox 1236 3993 1323 4049; x_wconf 91' lang='lat' dir='ltr'><strong>quem</strong></span> <span class='ocrx_word' id='word_1_535' title='bbox 1337 3992 1389 4045; x_wconf 82' lang='lat' dir='ltr'><strong>ago</strong></span> <span class='ocrx_word' id='word_1_536' title='bbox 1404 3994 1462 4034; x_wconf 91' lang='lat' dir='ltr'><strong>nou</strong></span> <span class='ocrx_word' id='word_1_537' title='bbox 1477 3977 1632 4036; x_wconf 75' lang='lat' dir='ltr'><strong>noverim?</strong></span> 
     </span>
    </p>

    <p class='ocr_par' dir='ltr' id='par_1_7' title="bbox 122 4043 1488 4121">
     <span class='ocr_line' id='line_1_54' title="bbox 122 4043 1488 4121; baseline 0.005 -23"><span class='ocrx_word' id='word_1_538' title='bbox 122 4043 244 4118; x_wconf 82' lang='lat' dir='ltr'><strong>Propter</strong></span> <span class='ocrx_word' id='word_1_539' title='bbox 256 4060 309 4102; x_wconf 89' lang='lat' dir='ltr'><strong>vos</strong></span> <span class='ocrx_word' id='word_1_540' title='bbox 325 4046 392 4103; x_wconf 92' lang='lat' dir='ltr'><strong>misi</strong></span> <span class='ocrx_word' id='word_1_541' title='bbox 408 4046 438 4102; x_wconf 93' lang='lat' dir='ltr'><strong>in</strong></span> <span class='ocrx_word' id='word_1_542' title='bbox 455 4043 642 4119; x_wconf 79' lang='lat' dir='ltr'><strong>babylonem,</strong></span> <span class='ocrx_word' id='word_1_543' title='bbox 658 4049 687 4101; x_wconf 91' lang='lat' dir='ltr'><strong>et</strong></span> <span class='ocrx_word' id='word_1_544' title='bbox 711 4045 822 4102; x_wconf 82' lang='lat' dir='ltr'><strong>detraxi</strong></span> <span class='ocrx_word' id='word_1_545' title='bbox 851 4049 947 4104; x_wconf 86' lang='lat' dir='ltr'><strong>vectos</strong></span> <span class='ocrx_word' id='word_1_546' title='bbox 1000 4043 1105 4103; x_wconf 77' lang='lat' dir='ltr'><strong>plustre</strong></span> <span class='ocrx_word' id='word_1_547' title='bbox 1120 4047 1189 4104; x_wconf 92' lang='lat' dir='ltr'><strong>idoli</strong></span> <span class='ocrx_word' id='word_1_548' title='bbox 1200 4064 1302 4105; x_wconf 76' lang='lat' dir='ltr'><strong>omnes</strong></span> <span class='ocrx_word' id='word_1_549' title='bbox 1319 4048 1393 4105; x_wconf 88' lang='lat' dir='ltr'><strong>nihil</strong></span> <span class='ocrx_word' id='word_1_550' title='bbox 1407 4053 1488 4121; x_wconf 89' lang='lat' dir='ltr'><strong>sunt,</strong></span> 
     </span>
    </p>

    <p class='ocr_par' dir='ltr' id='par_1_8' title="bbox 157 4117 1713 4265">
     <span class='ocr_line' id='line_1_55' title="bbox 195 4117 1713 4194; baseline 0.003 -22"><span class='ocrx_word' id='word_1_551' title='bbox 195 4117 360 4183; x_wconf 86' lang='lat' dir='ltr'><strong>universos,</strong></span> <span class='ocrx_word' id='word_1_552' title='bbox 1035 4124 1065 4174; x_wconf 88' lang='lat' dir='ltr'><strong>et</strong></span> <span class='ocrx_word' id='word_1_553' title='bbox 1076 4119 1281 4176; x_wconf 82' lang='lat' dir='ltr'><strong>atnanlissima</strong></span> <span class='ocrx_word' id='word_1_554' title='bbox 1295 4136 1397 4178; x_wconf 93' lang='lat' dir='ltr'><strong>eurum</strong></span> <span class='ocrx_word' id='word_1_555' title='bbox 1412 4136 1470 4177; x_wconf 92' lang='lat' dir='ltr'><strong>nou</strong></span> <span class='ocrx_word' id='word_1_556' title='bbox 1486 4120 1647 4194; x_wconf 91' lang='lat' dir='ltr'><strong>proderunt</strong></span> <span class='ocrx_word' id='word_1_557' title='bbox 1664 4120 1713 4179; x_wconf 89' lang='lat' dir='ltr'><strong>eis.</strong></span> 
     </span>
     <span class='ocr_line' id='line_1_56' title="bbox 157 4186 1661 4265; baseline 0.003 -21"><span class='ocrx_word' id='word_1_558' title='bbox 157 4193 186 4244; x_wconf 90' lang='lat' dir='ltr'><strong>et</strong></span> <span class='ocrx_word' id='word_1_559' title='bbox 200 4187 352 4245; x_wconf 78' lang='lat' dir='ltr'><strong>chaldeos</strong></span> <span class='ocrx_word' id='word_1_560' title='bbox 366 4188 397 4243; x_wconf 93' lang='lat' dir='ltr'><strong>in</strong></span> <span class='ocrx_word' id='word_1_561' title='bbox 412 4188 535 4244; x_wconf 85' lang='lat' dir='ltr'><strong>naribus</strong></span> <span class='ocrx_word' id='word_1_562' title='bbox 550 4188 612 4245; x_wconf 87' lang='lat' dir='ltr'><strong>suis</strong></span> <span class='ocrx_word' id='word_1_563' title='bbox 627 4186 796 4263; x_wconf 76' lang='lat' dir='ltr'><strong>gloriantes.</strong></span> <span class='ocrx_word' id='word_1_564' title='bbox 1000 4188 1056 4260; x_wconf 86' lang='lat' dir='ltr'><strong>Ipsi</strong></span> <span class='ocrx_word' id='word_1_565' title='bbox 1074 4195 1144 4246; x_wconf 90' lang='lat' dir='ltr'><strong>sunl</strong></span> <span class='ocrx_word' id='word_1_566' title='bbox 1157 4194 1248 4247; x_wconf 85' lang='lat' dir='ltr'><strong>testes</strong></span> <span class='ocrx_word' id='word_1_567' title='bbox 1263 4206 1377 4258; x_wconf 89' lang='lat' dir='ltr'><strong>eorum,</strong></span> <span class='ocrx_word' id='word_1_568' title='bbox 1391 4192 1462 4265; x_wconf 87' lang='lat' dir='ltr'><strong>quis</strong></span> <span class='ocrx_word' id='word_1_569' title='bbox 1477 4208 1536 4249; x_wconf 93' lang='lat' dir='ltr'><strong>non</strong></span> <span class='ocrx_word' id='word_1_570' title='bbox 1550 4193 1661 4265; x_wconf 84' lang='lat' dir='ltr'><strong>vident,</strong></span> 
     </span>
    </p>

    <p class='ocr_par' dir='ltr' id='par_1_9' title="bbox 122 4259 1618 4402">
     <span class='ocr_line' id='line_1_57' title="bbox 122 4259 1618 4335; baseline 0.003 -21"><span class='ocrx_word' id='word_1_571' title='bbox 122 4262 180 4332; x_wconf 80' lang='lat' dir='ltr'><strong>Ego</strong></span> <span class='ocrx_word' id='word_1_572' title='bbox 193 4259 336 4317; x_wconf 91' lang='lat' dir='ltr'><strong>Dominus</strong></span> <span class='ocrx_word' id='word_1_573' title='bbox 350 4265 470 4317; x_wconf 84' lang='lat' dir='ltr'><strong>sanctus</strong></span> <span class='ocrx_word' id='word_1_574' title='bbox 485 4264 589 4328; x_wconf 84' lang='lat' dir='ltr'><strong>vester,</strong></span> <span class='ocrx_word' id='word_1_575' title='bbox 1036 4277 1130 4334; x_wconf 89' lang='lat' dir='ltr'><strong>neque</strong></span> <span class='ocrx_word' id='word_1_576' title='bbox 1144 4261 1323 4335; x_wconf 88' lang='lat' dir='ltr'><strong>intelligunt,</strong></span> <span class='ocrx_word' id='word_1_577' title='bbox 1341 4267 1373 4320; x_wconf 91' lang='lat' dir='ltr'><strong>ut</strong></span> <span class='ocrx_word' id='word_1_578' title='bbox 1387 4263 1618 4321; x_wconf 79' lang='lat' dir='ltr'><strong>confundantur.</strong></span> 
     </span>
     <span class='ocr_line' id='line_1_58' title="bbox 157 4331 1338 4402; baseline 0.003 -16"><span class='ocrx_word' id='word_1_579' title='bbox 157 4347 260 4388; x_wconf 90' lang='lat' dir='ltr'><strong>creans</strong></span> <span class='ocrx_word' id='word_1_580' title='bbox 276 4331 365 4388; x_wconf 84' lang='lat' dir='ltr'><strong>lsrael</strong></span> <span class='ocrx_word' id='word_1_581' title='bbox 379 4347 428 4387; x_wconf 85' lang='lat' dir='ltr'><strong>rex</strong></span> <span class='ocrx_word' id='word_1_582' title='bbox 438 4336 543 4389; x_wconf 88' lang='lat' dir='ltr'><strong>vester.</strong></span> <span class='ocrx_word' id='word_1_583' title='bbox 999 4331 1069 4396; x_wconf 86' lang='lat' dir='ltr'><strong>Quis</strong></span> <span class='ocrx_word' id='word_1_584' title='bbox 1085 4334 1220 4389; x_wconf 81' lang='lat' dir='ltr'><strong>formavit</strong></span> <span class='ocrx_word' id='word_1_585' title='bbox 1235 4338 1338 4402; x_wconf 89' lang='lat' dir='ltr'><strong>Deum,</strong></span> 
     </span>
    </p>

    <p class='ocr_par' dir='ltr' id='par_1_10' title="bbox 121 4401 1678 4550">
     <span class='ocr_line' id='line_1_59' title="bbox 121 4401 1621 4477; baseline 0.003 -18"><span class='ocrx_word' id='word_1_586' title='bbox 121 4401 187 4459; x_wconf 83' lang='lat' dir='ltr'><strong>Haec</strong></span> <span class='ocrx_word' id='word_1_587' title='bbox 200 4403 272 4460; x_wconf 90' lang='lat' dir='ltr'><strong>dicit</strong></span> <span class='ocrx_word' id='word_1_588' title='bbox 285 4402 439 4472; x_wconf 89' lang='lat' dir='ltr'><strong>Dominus,</strong></span> <span class='ocrx_word' id='word_1_589' title='bbox 455 4403 506 4475; x_wconf 92' lang='lat' dir='ltr'><strong>qui</strong></span> <span class='ocrx_word' id='word_1_590' title='bbox 522 4402 603 4459; x_wconf 89' lang='lat' dir='ltr'><strong>dedit</strong></span> <span class='ocrx_word' id='word_1_591' title='bbox 616 4401 646 4458; x_wconf 92' lang='lat' dir='ltr'><strong>in</strong></span> <span class='ocrx_word' id='word_1_592' title='bbox 663 4401 737 4460; x_wconf 91' lang='lat' dir='ltr'><strong>mari</strong></span> <span class='ocrx_word' id='word_1_593' title='bbox 751 4401 841 4474; x_wconf 83' lang='lat' dir='ltr'><strong>viam,</strong></span> <span class='ocrx_word' id='word_1_594' title='bbox 865 4407 895 4460; x_wconf 90' lang='lat' dir='ltr'><strong>et</strong></span> <span class='ocrx_word' id='word_1_595' title='bbox 914 4403 943 4460; x_wconf 91' lang='lat' dir='ltr'><strong>in</strong></span> <span class='ocrx_word' id='word_1_596' title='bbox 1034 4409 1062 4459; x_wconf 86' lang='lat' dir='ltr'><strong>et</strong></span> <span class='ocrx_word' id='word_1_597' title='bbox 1078 4403 1216 4477; x_wconf 89' lang='lat' dir='ltr'><strong>sculptile</strong></span> <span class='ocrx_word' id='word_1_598' title='bbox 1231 4405 1367 4462; x_wconf 82' lang='lat' dir='ltr'><strong>conflarit</strong></span> <span class='ocrx_word' id='word_1_599' title='bbox 1381 4405 1418 4461; x_wconf 93' lang='lat' dir='ltr'><strong>ad</strong></span> <span class='ocrx_word' id='word_1_600' title='bbox 1435 4404 1508 4462; x_wconf 89' lang='lat' dir='ltr'><strong>nihil</strong></span> <span class='ocrx_word' id='word_1_601' title='bbox 1524 4404 1621 4464; x_wconf 80' lang='lat' dir='ltr'><strong>utile?</strong></span> 
     </span>
     <span class='ocr_line' id='line_1_60' title="bbox 156 4463 1678 4550; baseline 0.001 -19"><span class='ocrx_word' id='word_1_602' title='bbox 156 4473 239 4546; x_wconf 81' lang='lat' dir='ltr'><strong>aquis</strong></span> <span class='ocrx_word' id='word_1_603' title='bbox 253 4475 433 4532; x_wconf 90' lang='lat' dir='ltr'><strong>torrentibus</strong></span> <span class='ocrx_word' id='word_1_604' title='bbox 444 4473 591 4532; x_wconf 85' lang='lat' dir='ltr'><strong>semitam.</strong></span> <span class='ocrx_word' id='word_1_605' title='bbox 959 4463 1069 4532; x_wconf 78' lang='lat' dir='ltr'><strong>DDeoe</strong></span> <span class='ocrx_word' id='word_1_606' title='bbox 1084 4492 1186 4531; x_wconf 86' lang='lat' dir='ltr'><strong>omnes</strong></span> <span class='ocrx_word' id='word_1_607' title='bbox 1201 4477 1357 4550; x_wconf 87' lang='lat' dir='ltr'><strong>participes</strong></span> <span class='ocrx_word' id='word_1_608' title='bbox 1372 4479 1437 4548; x_wconf 89' lang='lat' dir='ltr'><strong>ejus</strong></span> <span class='ocrx_word' id='word_1_609' title='bbox 1451 4476 1678 4536; x_wconf 76' lang='lat' dir='ltr'><strong>confundentur.</strong></span> 
     </span>
    </p>

    <p class='ocr_par' dir='ltr' id='par_1_11' title="bbox 120 4545 1684 4832">
     <span class='ocr_line' id='line_1_61' title="bbox 120 4545 1543 4631; baseline 0.004 -31"><span class='ocrx_word' id='word_1_610' title='bbox 120 4545 173 4611; x_wconf 82' lang='lat' dir='ltr'><strong>Oui</strong></span> <span class='ocrx_word' id='word_1_611' title='bbox 189 4546 290 4602; x_wconf 84' lang='lat' dir='ltr'><strong>eduxit</strong></span> <span class='ocrx_word' id='word_1_612' title='bbox 304 4547 478 4618; x_wconf 84' lang='lat' dir='ltr'><strong>quadrigam</strong></span> <span class='ocrx_word' id='word_1_613' title='bbox 493 4553 522 4603; x_wconf 89' lang='lat' dir='ltr'><strong>et</strong></span> <span class='ocrx_word' id='word_1_614' title='bbox 536 4562 656 4619; x_wconf 88' lang='lat' dir='ltr'><strong>aquom,</strong></span> <span class='ocrx_word' id='word_1_615' title='bbox 1034 4547 1109 4604; x_wconf 86' lang='lat' dir='ltr'><strong>labri</strong></span> <span class='ocrx_word' id='word_1_616' title='bbox 1124 4547 1203 4631; x_wconf 85' lang='lat' dir='ltr'><strong>enim</strong></span> <span class='ocrx_word' id='word_1_617' title='bbox 1219 4553 1288 4605; x_wconf 90' lang='lat' dir='ltr'><strong>sunt</strong></span> <span class='ocrx_word' id='word_1_618' title='bbox 1303 4565 1337 4605; x_wconf 86' lang='lat' dir='ltr'><strong>ex</strong></span> <span class='ocrx_word' id='word_1_619' title='bbox 1351 4548 1543 4605; x_wconf 88' lang='lat' dir='ltr'><strong>bominibus:</strong></span> 
     </span>
     <span class='ocr_line' id='line_1_62' title="bbox 154 4618 1684 4773; baseline 0.001 -29"><span class='ocrx_word' id='word_1_620' title='bbox 154 4618 553 4772; x_wconf 68' lang='grc' dir='ltr'><strong>ιιιιιιιιιιιιι</strong></span> <span class='ocrx_word' id='word_1_621' title='bbox 569 4692 764 4773; x_wconf 85' lang='grc' dir='ltr'><strong>ιιι</strong></span> <span class='ocrx_word' id='word_1_622' title='bbox 1032 4619 1471 4773; x_wconf 56' lang='lat' dir='ltr'><strong>{titillarentur</strong></span> <span class='ocrx_word' id='word_1_623' title='bbox 1483 4626 1512 4677; x_wconf 66' lang='lat'><strong>0²</strong></span> <span class='ocrx_word' id='word_1_624' title='bbox 1527 4621 1684 4693; x_wconf 56' lang='lat' dir='ltr'><strong>rubri</strong></span> 
     </span>
     <span class='ocr_line' id='line_1_63' title="bbox 154 4759 1554 4832; baseline 0.004 -18"><span class='ocrx_word' id='word_1_625' title='bbox 154 4762 272 4814; x_wconf 86' lang='lat' dir='ltr'><strong>eontrrtt</strong></span> <span class='ocrx_word' id='word_1_626' title='bbox 285 4764 356 4815; x_wconf 89' lang='lat' dir='ltr'><strong>sunt</strong></span> <span class='ocrx_word' id='word_1_627' title='bbox 369 4776 454 4830; x_wconf 85' lang='lat' dir='ltr'><strong>quast</strong></span> <span class='ocrx_word' id='word_1_628' title='bbox 468 4759 573 4832; x_wconf 91' lang='lat' dir='ltr'><strong>linum,</strong></span> <span class='ocrx_word' id='word_1_629' title='bbox 589 4766 616 4817; x_wconf 90' lang='lat' dir='ltr'><strong>el</strong></span> <span class='ocrx_word' id='word_1_630' title='bbox 630 4760 765 4818; x_wconf 81' lang='lat' dir='ltr'><strong>exstincti</strong></span> <span class='ocrx_word' id='word_1_631' title='bbox 781 4763 859 4816; x_wconf 86' lang='lat' dir='ltr'><strong>suni.</strong></span> <span class='ocrx_word' id='word_1_632' title='bbox 996 4760 1089 4818; x_wconf 79' lang='lat' dir='ltr'><strong>Faber</strong></span> <span class='ocrx_word' id='word_1_633' title='bbox 1101 4763 1241 4818; x_wconf 78' lang='lat' dir='ltr'><strong>ferrarius</strong></span> <span class='ocrx_word' id='word_1_634' title='bbox 1255 4760 1327 4819; x_wconf 90' lang='lat' dir='ltr'><strong>lima</strong></span> <span class='ocrx_word' id='word_1_635' title='bbox 1339 4767 1476 4832; x_wconf 89' lang='lat' dir='ltr'><strong>operatus</strong></span> <span class='ocrx_word' id='word_1_636' title='bbox 1490 4767 1554 4819; x_wconf 89' lang='lat' dir='ltr'><strong>est:</strong></span> 
     </span>
    </p>

    <p class='ocr_par' dir='ltr' id='par_1_12' title="bbox 116 4827 1822 4977">
     <span class='ocr_line' id='line_1_64' title="bbox 116 4827 1822 4915; baseline 0.005 -32"><span class='ocrx_word' id='word_1_637' title='bbox 116 4827 158 4884; x_wconf 89' lang='lat' dir='ltr'><strong>Ne</strong></span> <span class='ocrx_word' id='word_1_638' title='bbox 174 4828 364 4886; x_wconf 88' lang='lat' dir='ltr'><strong>memineritis</strong></span> <span class='ocrx_word' id='word_1_639' title='bbox 377 4831 521 4915; x_wconf 85' lang='lat' dir='ltr'><strong>priorum,</strong></span> <span class='ocrx_word' id='word_1_640' title='bbox 1030 4834 1060 4889; x_wconf 91' lang='lat' dir='ltr'><strong>in</strong></span> <span class='ocrx_word' id='word_1_641' title='bbox 1076 4834 1189 4906; x_wconf 89' lang='lat' dir='ltr'><strong>prunis,</strong></span> <span class='ocrx_word' id='word_1_642' title='bbox 1202 4839 1230 4890; x_wconf 89' lang='lat' dir='ltr'><strong>et</strong></span> <span class='ocrx_word' id='word_1_643' title='bbox 1245 4834 1274 4889; x_wconf 92' lang='lat' dir='ltr'><strong>in</strong></span> <span class='ocrx_word' id='word_1_644' title='bbox 1290 4834 1402 4890; x_wconf 88' lang='lat' dir='ltr'><strong>malleis</strong></span> <span class='ocrx_word' id='word_1_645' title='bbox 1419 4835 1557 4891; x_wconf 83' lang='lat' dir='ltr'><strong>tornavit</strong></span> <span class='ocrx_word' id='word_1_646' title='bbox 1571 4833 1655 4892; x_wconf 89' lang='lat' dir='ltr'><strong>iilud.</strong></span> <span class='ocrx_word' id='word_1_647' title='bbox 1820 4904 1822 4909; x_wconf 23' lang='grc' dir='ltr'>Ι</span> 
     </span>
     <span class='ocr_line' id='line_1_65' title="bbox 152 4899 1822 4977; baseline 0.001 -21"><span class='ocrx_word' id='word_1_648' title='bbox 152 4899 314 4972; x_wconf 87' lang='lat' dir='ltr'><strong>etantiqua</strong></span> <span class='ocrx_word' id='word_1_649' title='bbox 329 4917 365 4958; x_wconf 88' lang='lat' dir='ltr'><strong>ne</strong></span> <span class='ocrx_word' id='word_1_650' title='bbox 378 4901 564 4959; x_wconf 83' lang='lat' dir='ltr'><strong>intueamini.</strong></span> <span class='ocrx_word' id='word_1_651' title='bbox 1029 4911 1058 4961; x_wconf 93' lang='lat' dir='ltr'><strong>et</strong></span> <span class='ocrx_word' id='word_1_652' title='bbox 1072 4908 1209 4977; x_wconf 88' lang='lat' dir='ltr'><strong>operatus</strong></span> <span class='ocrx_word' id='word_1_653' title='bbox 1223 4910 1269 4961; x_wconf 89' lang='lat' dir='ltr'><strong>eat</strong></span> <span class='ocrx_word' id='word_1_654' title='bbox 1284 4905 1314 4962; x_wconf 93' lang='lat' dir='ltr'><strong>in</strong></span> <span class='ocrx_word' id='word_1_655' title='bbox 1328 4903 1447 4963; x_wconf 88' lang='lat' dir='ltr'><strong>brachio</strong></span> <span class='ocrx_word' id='word_1_656' title='bbox 1463 4906 1726 4964; x_wconf 74' lang='lat' dir='ltr'><strong>fortitudinissua:</strong></span> <span class='ocrx_word' id='word_1_657' title='bbox 1819 4920 1822 4977; x_wconf 67' lang='grc' dir='ltr'>ς</span> 
     </span>
    </p>

    <p class='ocr_par' dir='ltr' id='par_1_13' title="bbox 117 4969 1822 5203">
     <span class='ocr_line' id='line_1_66' title="bbox 117 4969 1822 5047; baseline 0.006 -21"><span class='ocrx_word' id='word_1_658' title='bbox 117 4969 188 5027; x_wconf 73' lang='lat' dir='ltr'><strong>deos</strong></span> <span class='ocrx_word' id='word_1_659' title='bbox 202 4986 255 5045; x_wconf 92' lang='lat' dir='ltr'><strong>ego</strong></span> <span class='ocrx_word' id='word_1_660' title='bbox 271 4970 344 5028; x_wconf 82' lang='lat' dir='ltr'><strong>faeie</strong></span> <span class='ocrx_word' id='word_1_661' title='bbox 359 4989 444 5041; x_wconf 84' lang='lat' dir='ltr'><strong>nors,</strong></span> <span class='ocrx_word' id='word_1_662' title='bbox 994 4977 1110 5035; x_wconf 82' lang='lat' dir='ltr'><strong>Deuriet</strong></span> <span class='ocrx_word' id='word_1_663' title='bbox 1123 4982 1153 5033; x_wconf 90' lang='lat' dir='ltr'><strong>st</strong></span> <span class='ocrx_word' id='word_1_664' title='bbox 1165 4975 1290 5047; x_wconf 86' lang='lat' dir='ltr'><strong>dedoiet‚</strong></span> <span class='ocrx_word' id='word_1_665' title='bbox 1820 4998 1822 5017; x_wconf 80' lang='lat'><strong>¹</strong></span> 
     </span>
     <span class='ocr_line' id='line_1_67' title="bbox 151 5040 1529 5126; baseline 0.003 -27"><span class='ocrx_word' id='word_1_666' title='bbox 151 5046 181 5099; x_wconf 92' lang='lat' dir='ltr'><strong>et</strong></span> <span class='ocrx_word' id='word_1_667' title='bbox 195 5057 274 5099; x_wconf 92' lang='lat' dir='ltr'><strong>nune</strong></span> <span class='ocrx_word' id='word_1_668' title='bbox 289 5040 431 5126; x_wconf 61' lang='lat' dir='ltr'><strong>orientur2</strong></span> <span class='ocrx_word' id='word_1_669' title='bbox 1030 5065 1088 5104; x_wconf 93' lang='lat' dir='ltr'><strong>non</strong></span> <span class='ocrx_word' id='word_1_670' title='bbox 1104 5048 1184 5105; x_wconf 88' lang='lat' dir='ltr'><strong>bibet</strong></span> <span class='ocrx_word' id='word_1_671' title='bbox 1199 5064 1321 5121; x_wconf 88' lang='lat' dir='ltr'><strong>aquam,</strong></span> <span class='ocrx_word' id='word_1_672' title='bbox 1335 5050 1365 5104; x_wconf 88' lang='lat' dir='ltr'><strong>et</strong></span> <span class='ocrx_word' id='word_1_673' title='bbox 1379 5045 1529 5105; x_wconf 85' lang='lat' dir='ltr'><strong>lassescet.</strong></span> 
     </span>
     <span class='ocr_line' id='line_1_68' title="bbox 151 5114 1560 5203; baseline 0.005 -33"><span class='ocrx_word' id='word_1_674' title='bbox 151 5114 252 5186; x_wconf 87' lang='lat' dir='ltr'><strong>utique</strong></span> <span class='ocrx_word' id='word_1_675' title='bbox 266 5129 299 5170; x_wconf 94' lang='lat' dir='ltr'><strong>eo</strong></span> <span class='ocrx_word' id='word_1_676' title='bbox 321 5119 448 5170; x_wconf 80' lang='lat' dir='ltr'><strong>noscetis</strong></span> <span class='ocrx_word' id='word_1_677' title='bbox 463 5129 514 5171; x_wconf 86' lang='lat' dir='ltr'><strong>aa:</strong></span> <span class='ocrx_word' id='word_1_678' title='bbox 993 5118 1103 5174; x_wconf 75' lang='lat' dir='ltr'><strong>artilex</strong></span> <span class='ocrx_word' id='word_1_679' title='bbox 1117 5119 1261 5203; x_wconf 85' lang='lat' dir='ltr'><strong>lignarius</strong></span> <span class='ocrx_word' id='word_1_680' title='bbox 1275 5119 1403 5177; x_wconf 86' lang='lat' dir='ltr'><strong>extendit</strong></span> <span class='ocrx_word' id='word_1_681' title='bbox 1413 5135 1560 5187; x_wconf 85' lang='lat' dir='ltr'><strong>normam,</strong></span> 
     </span>
    </p>

    <p class='ocr_par' dir='ltr' id='par_1_14' title="bbox 116 5185 1449 5336">
     <span class='ocr_line' id='line_1_69' title="bbox 116 5185 1438 5255; baseline 0.003 -12"><span class='ocrx_word' id='word_1_682' title='bbox 116 5185 222 5243; x_wconf 83' lang='lat' dir='ltr'><strong>Ponam</strong></span> <span class='ocrx_word' id='word_1_683' title='bbox 242 5186 272 5242; x_wconf 91' lang='lat' dir='ltr'><strong>in</strong></span> <span class='ocrx_word' id='word_1_684' title='bbox 309 5186 506 5255; x_wconf 86' lang='lat' dir='ltr'><strong>esertoviam,</strong></span> <span class='ocrx_word' id='word_1_685' title='bbox 1028 5191 1163 5247; x_wconf 78' lang='lat' dir='ltr'><strong>formavit</strong></span> <span class='ocrx_word' id='word_1_686' title='bbox 1177 5190 1252 5247; x_wconf 93' lang='lat' dir='ltr'><strong>illud</strong></span> <span class='ocrx_word' id='word_1_687' title='bbox 1267 5191 1297 5247; x_wconf 94' lang='lat' dir='ltr'><strong>in</strong></span> <span class='ocrx_word' id='word_1_688' title='bbox 1313 5190 1438 5247; x_wconf 88' lang='lat' dir='ltr'><strong>runcina</strong></span> 
     </span>
     <span class='ocr_line' id='line_1_70' title="bbox 149 5256 1449 5336; baseline 0.002 -21"><span class='ocrx_word' id='word_1_689' title='bbox 149 5264 179 5315; x_wconf 88' lang='lat' dir='ltr'><strong>et</strong></span> <span class='ocrx_word' id='word_1_690' title='bbox 192 5261 221 5314; x_wconf 93' lang='lat' dir='ltr'><strong>in</strong></span> <span class='ocrx_word' id='word_1_691' title='bbox 238 5257 314 5314; x_wconf 82' lang='lat' dir='ltr'><strong>invio</strong></span> <span class='ocrx_word' id='word_1_692' title='bbox 326 5256 457 5313; x_wconf 85' lang='lat' dir='ltr'><strong>flumina.</strong></span> <span class='ocrx_word' id='word_1_693' title='bbox 1028 5262 1096 5316; x_wconf 88' lang='lat' dir='ltr'><strong>l&#39;eoit</strong></span> <span class='ocrx_word' id='word_1_694' title='bbox 1111 5262 1182 5319; x_wconf 90' lang='lat' dir='ltr'><strong>illud</strong></span> <span class='ocrx_word' id='word_1_695' title='bbox 1199 5262 1228 5318; x_wconf 93' lang='lat' dir='ltr'><strong>iu</strong></span> <span class='ocrx_word' id='word_1_696' title='bbox 1245 5262 1449 5336; x_wconf 83' lang='lat' dir='ltr'><strong>angularibus,</strong></span> 
     </span>
    </p>

    <p class='ocr_par' dir='ltr' id='par_1_15' title="bbox 113 5325 1791 5619">
     <span class='ocr_line' id='line_1_71' title="bbox 113 5325 1472 5398; baseline 0.001 -12"><span class='ocrx_word' id='word_1_697' title='bbox 113 5329 294 5386; x_wconf 86' lang='lat' dir='ltr'><strong>Gloridoabit</strong></span> <span class='ocrx_word' id='word_1_698' title='bbox 309 5345 357 5386; x_wconf 93' lang='lat' dir='ltr'><strong>me</strong></span> <span class='ocrx_word' id='word_1_699' title='bbox 371 5329 465 5385; x_wconf 87' lang='lat' dir='ltr'><strong>bestia</strong></span> <span class='ocrx_word' id='word_1_700' title='bbox 480 5325 556 5398; x_wconf 83' lang='lat' dir='ltr'><strong>agri,</strong></span> <span class='ocrx_word' id='word_1_701' title='bbox 1027 5339 1055 5387; x_wconf 90' lang='lat' dir='ltr'><strong>et</strong></span> <span class='ocrx_word' id='word_1_702' title='bbox 1071 5333 1099 5386; x_wconf 91' lang='lat' dir='ltr'><strong>in</strong></span> <span class='ocrx_word' id='word_1_703' title='bbox 1115 5334 1224 5390; x_wconf 89' lang='lat' dir='ltr'><strong>eircino</strong></span> <span class='ocrx_word' id='word_1_704' title='bbox 1238 5333 1366 5391; x_wconf 79' lang='lat' dir='ltr'><strong>tornavit</strong></span> <span class='ocrx_word' id='word_1_705' title='bbox 1381 5332 1472 5388; x_wconf 90' lang='lat' dir='ltr'><strong>illud:</strong></span> 
     </span>
     <span class='ocr_line' id='line_1_72' title="bbox 148 5398 1791 5482; baseline 0.003 -24"><span class='ocrx_word' id='word_1_706' title='bbox 148 5403 289 5460; x_wconf 87' lang='lat' dir='ltr'><strong>dracones</strong></span> <span class='ocrx_word' id='word_1_707' title='bbox 304 5405 333 5458; x_wconf 86' lang='lat' dir='ltr'><strong>et</strong></span> <span class='ocrx_word' id='word_1_708' title='bbox 348 5400 551 5457; x_wconf 85' lang='lat' dir='ltr'><strong>struthiones:</strong></span> <span class='ocrx_word' id='word_1_709' title='bbox 683 5466 690 5482; x_wconf 89' lang='lat'><strong>.</strong></span> <span class='ocrx_word' id='word_1_710' title='bbox 793 5467 800 5482; x_wconf 39' lang='lat'>⁸</span> <span class='ocrx_word' id='word_1_711' title='bbox 844 5468 851 5482; x_wconf 91' lang='lat'><strong>.</strong></span> <span class='ocrx_word' id='word_1_712' title='bbox 1027 5409 1056 5459; x_wconf 85' lang='lat' dir='ltr'><strong>et</strong></span> <span class='ocrx_word' id='word_1_713' title='bbox 1071 5404 1136 5460; x_wconf 88' lang='lat' dir='ltr'><strong>lecit</strong></span> <span class='ocrx_word' id='word_1_714' title='bbox 1152 5406 1309 5478; x_wconf 89' lang='lat' dir='ltr'><strong>imaginem</strong></span> <span class='ocrx_word' id='word_1_715' title='bbox 1325 5404 1379 5462; x_wconf 87' lang='lat' dir='ltr'><strong>viri</strong></span> <span class='ocrx_word' id='word_1_716' title='bbox 1394 5398 1791 5478; x_wconf 73' lang='lat' dir='ltr'><strong>quasiapecioeomboninrtl</strong></span> 
     </span>
     <span class='ocr_line' id='line_1_73' title="bbox 148 5467 1408 5545; baseline 0.005 -17"><span class='ocrx_word' id='word_1_717' title='bbox 148 5474 219 5545; x_wconf 87' lang='lat' dir='ltr'><strong>quia</strong></span> <span class='ocrx_word' id='word_1_718' title='bbox 234 5474 299 5530; x_wconf 91' lang='lat' dir='ltr'><strong>dedi</strong></span> <span class='ocrx_word' id='word_1_719' title='bbox 316 5474 346 5529; x_wconf 91' lang='lat' dir='ltr'><strong>in</strong></span> <span class='ocrx_word' id='word_1_720' title='bbox 361 5474 477 5530; x_wconf 89' lang='lat' dir='ltr'><strong>deserto</strong></span> <span class='ocrx_word' id='word_1_721' title='bbox 489 5485 591 5542; x_wconf 85' lang='lat' dir='ltr'><strong>aquas,</strong></span> <span class='ocrx_word' id='word_1_722' title='bbox 608 5467 732 5526; x_wconf 83' lang='lat' dir='ltr'><strong>flumina</strong></span> <span class='ocrx_word' id='word_1_723' title='bbox 747 5469 776 5526; x_wconf 93' lang='lat' dir='ltr'><strong>in</strong></span> <span class='ocrx_word' id='word_1_724' title='bbox 792 5485 882 5541; x_wconf 80' lang='lat' dir='ltr'><strong>invto,</strong></span> <span class='ocrx_word' id='word_1_725' title='bbox 1064 5475 1248 5533; x_wconf 88' lang='lat' dir='ltr'><strong>habitantem</strong></span> <span class='ocrx_word' id='word_1_726' title='bbox 1265 5477 1294 5533; x_wconf 91' lang='lat' dir='ltr'><strong>in</strong></span> <span class='ocrx_word' id='word_1_727' title='bbox 1310 5479 1408 5534; x_wconf 92' lang='lat' dir='ltr'><strong>domo.</strong></span> 
     </span>
     <span class='ocr_line' id='line_1_74' title="bbox 148 5539 1254 5619; baseline 0.005 -20"><span class='ocrx_word' id='word_1_728' title='bbox 148 5552 182 5602; x_wconf 94' lang='lat' dir='ltr'><strong>ut</strong></span> <span class='ocrx_word' id='word_1_729' title='bbox 196 5546 296 5603; x_wconf 89' lang='lat' dir='ltr'><strong>darem</strong></span> <span class='ocrx_word' id='word_1_730' title='bbox 312 5549 413 5619; x_wconf 89' lang='lat' dir='ltr'><strong>potum</strong></span> <span class='ocrx_word' id='word_1_731' title='bbox 428 5542 536 5619; x_wconf 88' lang='lat' dir='ltr'><strong>populo</strong></span> <span class='ocrx_word' id='word_1_732' title='bbox 551 5555 627 5605; x_wconf 89' lang='lat' dir='ltr'><strong>meo,</strong></span> <span class='ocrx_word' id='word_1_733' title='bbox 642 5539 735 5598; x_wconf 86' lang='lat' dir='ltr'><strong>eleeto</strong></span> <span class='ocrx_word' id='word_1_734' title='bbox 756 5556 820 5598; x_wconf 90' lang='lat' dir='ltr'><strong>meo</strong></span> <span class='ocrx_word' id='word_1_735' title='bbox 992 5545 1123 5604; x_wconf 89' lang='lat' dir='ltr'><strong>Succidit</strong></span> <span class='ocrx_word' id='word_1_736' title='bbox 1140 5549 1254 5606; x_wconf 88' lang='lat' dir='ltr'><strong>cedros.</strong></span> 
     </span>
    </p>
   </div>
   <div class='ocr_carea' id='block_1_5' title="bbox 106 5683 1801 5836">
    <p class='ocr_par' dir='ltr' id='par_1_16' title="bbox 106 5683 1801 5836">
     <span class='ocr_line' id='line_1_75' title="bbox 146 5683 1801 5766; baseline 0.001 -26"><span class='ocrx_word' id='word_1_737' title='bbox 146 5685 289 5743; x_wconf 74' lang='lat' dir='ltr'><strong>¹addunt</strong></span> <span class='ocrx_word' id='word_1_738' title='bbox 301 5687 350 5746; x_wconf 90' lang='lat' dir='ltr'><strong>hle</strong></span> <span class='ocrx_word' id='word_1_739' title='bbox 364 5704 438 5746; x_wconf 86' lang='lat' dir='ltr'><strong>mss.</strong></span> <span class='ocrx_word' id='word_1_740' title='bbox 454 5684 569 5745; x_wconf 89' lang='lat' dir='ltr'><strong>codices</strong></span> <span class='ocrx_word' id='word_1_741' title='bbox 582 5686 613 5742; x_wconf 90' lang='lat' dir='ltr'><strong>ot</strong></span> <span class='ocrx_word' id='word_1_742' title='bbox 623 5684 752 5744; x_wconf 86' lang='lat' dir='ltr'><strong>Danonis</strong></span> <span class='ocrx_word' id='word_1_743' title='bbox 767 5684 947 5761; x_wconf 81' lang='lat' dir='ltr'><strong>exemplaria</strong></span> <span class='ocrx_word' id='word_1_744' title='bbox 962 5703 1070 5747; x_wconf 87' lang='lat' dir='ltr'><strong>nomen</strong></span> <span class='ocrx_word' id='word_1_745' title='bbox 1083 5689 1209 5764; x_wconf 79' lang='lat' dir='ltr'><strong>Domini,</strong></span> <span class='ocrx_word' id='word_1_746' title='bbox 1225 5691 1305 5764; x_wconf 87' lang='lat' dir='ltr'><strong>quod</strong></span> <span class='ocrx_word' id='word_1_747' title='bbox 1334 5705 1393 5748; x_wconf 94' lang='lat' dir='ltr'><strong>non</strong></span> <span class='ocrx_word' id='word_1_748' title='bbox 1425 5691 1472 5747; x_wconf 90' lang='lat' dir='ltr'><strong>est</strong></span> <span class='ocrx_word' id='word_1_749' title='bbox 1486 5687 1517 5745; x_wconf 93' lang='lat' dir='ltr'><strong>in</strong></span> <span class='ocrx_word' id='word_1_750' title='bbox 1540 5685 1664 5748; x_wconf 75' lang='lat' dir='ltr'><strong>ilcbrso</strong></span> <span class='ocrx_word' id='word_1_751' title='bbox 1679 5683 1801 5766; x_wconf 81' lang='lat' dir='ltr'><strong>negucia</strong></span> 
     </span>
     <span class='ocr_line' id='line_1_76' title="bbox 106 5754 681 5836; baseline 0.005 -23"><span class='ocrx_word' id='word_1_752' title='bbox 106 5754 337 5818; x_wconf 79' lang='lat' dir='ltr'><strong>commentariis</strong></span> <span class='ocrx_word' id='word_1_753' title='bbox 348 5759 378 5818; x_wconf 83' lang='lat'><strong>8.</strong></span> <span class='ocrx_word' id='word_1_754' title='bbox 389 5758 573 5836; x_wconf 69' lang='lat' dir='ltr'><strong>Hieronymi.</strong></span> <span class='ocrx_word' id='word_1_755' title='bbox 586 5756 681 5817; x_wconf 72' lang='lat' dir='ltr'><strong>Mser.</strong></span> 
     </span>
    </p>
   </div>
   <div class='ocr_carea' id='block_1_6' title="bbox 0 0 1940 6116">
    <p class='ocr_par' dir='ltr' id='par_1_17' title="bbox 0 0 1940 6116">
     <span class='ocr_line' id='line_1_77' title="bbox 0 0 1940 6116; baseline 0 0"><span class='ocrx_word' id='word_1_756' title='bbox 0 0 1940 6116; x_wconf 95' lang='lat' dir='ltr'><strong> </strong></span> 
     </span>
    </p>
   </div>
  </div>
 </body>
</html>
