3870 6120
107 199 177 258 issi
633 196 663 250 S.
683 196 888 253 neusciam
906 197 1036 253 bivias
1052 197 1300 254 ammcrflecs.

143 343 161 383 a
175 336 301 408 paupere
315 322 412 376 aetem
428 320 456 400 st
468 316 510 399 bl,
526 314 725 417 quoshabuit,
741 323 930 390 separantur.
944 322 970 390 Α
985 319 1001 376 J
1006 323 1101 390 ustus,
1119 318 1170 391 qut
1186 315 1319 400 ambulat
1333 317 1363 373 in
1374 316 1562 445 simplicitate
1576 335 1644 388 sus,

106 393 769 539 'littilitzttlttiiittliliis...
984 390 1257 534 ...titileia
1270 388 1561 533 filttttiiilll‘l

107 539 193 601 Multi
208 537 309 594 colunt
334 548 490 606 personam
506 532 646 616 potentis,
1022 534 1148 606 dissipat
1164 549 1251 589 omne
1267 534 1374 589 maium
1386 533 1494 590 intuitu
1512 550 1577 591 suo.

143 615 172 668 et
186 608 272 666 amici
288 611 359 690 sunt
377 605 455 661 dona
478 605 667 728 tribuentis,t
681 688 769 729 eum·
985 606 1058 732 Quis1
1062 609 1165 733 rplostesslt
1167 605 1305 733 niligerep:o
1307 605 1454 733 &aigum
1470 610 1515 663 est
1528 619 1711 677 cormeum,

108 679 531 824 Friiigieipglrmeliunlirsiigiauppriirclisrl
542 677 730 804 orggggsnerunt
745 716 782 801 ab
795 760 840 802 eo.
984 695 1103 806 scirtius
1118 753 1147 805 et
1158 692 1286 821 poncii,
1300 764 1439 805 mensura
1455 753 1485 805 et
1499 765 1644 807 mensura
1665 764 1674 807 r

2 842 4 847 ·
107 825 162 891 Qui
179 828 293 882 tantum
312 821 400 878 verba
414 824 554 887 sectatur,
572 819 645 874 nihil
661 816 804 873 babebit:
1021 825 1179 893 utrumque
1194 820 1393 877 abominabile
1407 825 1452 878 est
1466 822 1544 893 apud
1559 820 1672 879 Deum.

143 895 195 970 qui
210 899 309 951 autem
325 908 478 966 possessor
492 894 537 948 est
552 891 671 958 mentis,
684 887 781 961 diligit
795 886 929 946 animam
984 896 1023 948 Ex
1037 892 1144 948 studiis
1160 891 1223 949 suis
1238 891 1405 976 inteligitur
1425 908 1508 966 puer,

181 982 277 1036 suam,
432 1033 439 1047 .
488 1032 493 1045 ι
575 1032 583 1047 .
1020 963 1578 1091 simundaetrectasintoperaejus.

145 1043 175 1096 et
189 1041 288 1095 custos
303 1036 464 1110 prudentiis
486 1036 615 1090 inveniet
631 1033 717 1089 bona.
983 1037 1090 1092 Aurem
1107 1035 1289 1104 audientem,
1304 1036 1333 1091 et
1354 1051 1407 1093 ocu
1422 1052 1472 1092 um
1486 1037 1654 1106 videntem,

110 1111 206 1168 Testis
222 1108 315 1166 salsus
331 1123 389 1163 non
413 1108 469 1161 erit
482 1105 663 1190 impunitus:
1023 1106 1164 1163 Dominus
1179 1106 1247 1163 lecit
1262 1111 1434 1179 utrumque.

145 1187 174 1241 et
211 1181 240 1238 ui
255 1180 386 1253 loquitor
401 1176 565 1248 mendacia,
581 1178 697 1251 peribit.
983 1177 1048 1235 Noli
1064 1177 1186 1251 diligere
1201 1193 1349 1247 somnum,
1361 1194 1398 1234 ne
1412 1183 1441 1234 te
1456 1182 1573 1252 egestas
1586 1178 1763 1253 opprimat:

109 1257 174 1313 Non
187 1200 291 1311 iacent
306 1250 433 1330 stultum
454 1247 575 1333 delicia,
606 1321 612 1333 .
638 1322 644 1333 ι
1020 1248 1099 1376 aperi
1112 1248 1213 1306 oeulos
1228 1254 1304 1322 tuos,
1319 1255 1348 1305 st
1360 1255 1493 1308 saturare
1510 1251 1655 1324 panibus.

145 1343 197 1383 nee
222 1340 337 1382 serium
353 1322 498 1403 dominari
521 1324 715 1393 principibiis.
984 1320 1032 1377 Ma
1047 1338 1095 1378 um
1111 1326 1166 1389 est,
1183 1319 1293 1377 malum
1310 1324 1365 1391 est,
1380 1322 1453 1379 dicit
1466 1322 1565 1379 omnis
1584 1328 1724 1397 emptor:

107 1397 247 1456 Doctrina
261 1395 315 1452 viri
330 1410 383 1466 per
397 1393 571 1465 patientiam
599 1396 750 1453 noscitur:
1019 1397 1130 1448 etcum
1146 1393 1312 1461 recesserit,
1337 1396 1408 1449 tunc
1423 1392 1609 1467 gloriabitur.

144 1475 172 1526 st
186 1467 279 1542 gloria
293 1466 358 1536 ejus
373 1463 531 1546 estiniqiia
553 1468 750 1540 pretergredi,
984 1464 1196 1533 Dataurum,st
1212 1464 1369 1521 multitudo
1380 1481 1568 1592 femmarum
1586 1483 1593 1523 ι

107 1542 189 1599 Siout
204 1538 339 1596 fremitus
349 1535 453 1603 leonis,
467 1539 508 1590 ita
523 1540 552 1591 et
567 1537 644 1609 regis
669 1539 732 1599 ira:
1018 1553 1069 1592 iias
1085 1540 1182 1592 autem
1199 1536 1361 1609 pretiosum
1392 1537 1458 1593 abia
1473 1537 1614 1594 scientiae.

142 1618 171 1671 et
185 1612 261 1668 siout
276 1626 323 1665 ros
338 1623 428 1691 super
441 1605 573 1678 herbam,
590 1607 630 1665 ita
645 1609 778 1669 hilaritas
798 1612 873 1685 ejus.
982 1606 1363 1679 Tollevestimentumejus,
1374 1608 1717 1681 quitldejussorerstitit
1728 1610 1812 1671 alicui

108 1684 196 1743 Dolor
211 1682 314 1756 patris,
330 1677 409 1735 iilius
426 1677 557 1760 stultus:
945 1689 970 1756 Β
1020 1683 1049 1736 et
1064 1696 1115 1762 pro
1130 1680 1276 1737 extraneis
1286 1680 1369 1736 auter
1383 1680 1492 1754 pignus
1506 1681 1543 1736 ab
1558 1697 1603 1751 eo,

143 1763 171 1813 at
186 1759 262 1811 tecta
273 1751 384 1834 jugiter
398 1748 603 1822 perstillantia,
619 1749 750 1825 litigiosa
763 1752 880 1812 mulier.
986 1751 1089 1809 Suavis
1099 1755 1144 1807 est
1157 1750 1268 1808 homini
1286 1752 1371 1836 panis
1387 1751 1530 1809 mendacii
1544 1769 1551 1806 :

109 1834 229 1894 Domus,
245 1829 274 1881 et
288 1825 394 1880 divitia
407 1823 516 1878 dantur
531 1838 548 1877 a
562 1823 716 1894 patribus:
1022 1828 1051 1878 et
1066 1826 1167 1895 postea
1180 1822 1353 1897 implebitur
1365 1839 1398 1880 os
1413 1825 1479 1895 ejus
1490 1821 1619 1884 calculo.

144 1916 162 1956 a
175 1897 299 1979 Domino
314 1897 410 1979 autem
427 1893 543 1966 proprie
559 1910 631 1951 uror
646 1897 787 1970 prudens.
986 1893 1183 1968 Cogitationes
1195 1894 1325 1952 consiliis
1342 1895 1539 1953 robornntur:

113 1971 233 2042 Pigredo
249 1966 382 2023 immittit
395 1981 541 2036 soporem,
1022 1970 1052 2022 at
1065 1965 1274 2039 gubernaculis
1285 1968 1436 2023 tractanda
1451 1972 1522 2023 sunt
1541 1966 1633 2033 bella,

148 2046 177 2099 et
192 2040 295 2121 anima·
306 2036 449 2094 dissoluta
459 2036 577 2092 esuriet.
631 2108 637 2120 ⁸
987 2037 1031 2109 Ei,
1048 2036 1098 2110 qui
1114 2036 1222 2094 revelat
1238 2039 1386 2109 mysteria,
1402 2039 1580 2096 obambulat
1596 2039 1811 2115 fraudulenter,

112 2115 167 2180 Qui
181 2110 312 2170 custodit
326 2107 510 2176 mandatam,
523 2109 652 2165 custodit
669 2111 796 2167 animam
811 2127 897 2167 suam
1024 2113 1053 2165 et
1072 2109 1176 2165 dilatat
1190 2109 1265 2166 labia
1278 2126 1343 2178 sua,
1359 2125 1395 2166 ne
1409 2111 1645 2169 commiscearis.

147 2184 195 2257 qui
212 2185 311 2239 autem
327 2179 448 2252 negligit
462 2178 528 2261 aias·
539 2196 621 2248 suas,
646 2181 879 2238 mortificabitur.
988 2181 1043 2248 Qui
1060 2179 1211 2237 maledicit
1223 2181 1298 2256 patri
1315 2198 1380 2253 suo,
1394 2185 1424 2239 et
1437 2183 1535 2249 matri,

111 2256 271 2313 Feneratur
288 2252 408 2334 Domino
423 2265 474 2322 qui
491 2255 646 2307 miseretur
660 2253 818 2325 pauperis:
1025 2251 1230 2325 exstinguetur
1244 2251 1365 2310 lucerna
1380 2254 1443 2337 ejus
1459 2255 1487 2310 in
1500 2253 1609 2310 mediis
1621 2255 1766 2314 tenebris.

150 2332 179 2384 et
192 2324 426 2382 vicissitudinem
442 2337 526 2377 suam
543 2323 643 2378 reddet
657 2324 704 2380 ei:
990 2322 1163 2393 Hereditas,
1180 2324 1214 2380 ed
1231 2340 1320 2397 quam
1334 2326 1491 2382 testinatur
1504 2325 1535 2382 in
1551 2326 1715 2410 principio,

1 2402 2 2406 ’
113 2397 204 2455 Drudi
218 2396 312 2452 tilium
329 2399 425 2463 tuum,
442 2408 477 2448 ne
492 2393 650 2466 desperes:
1025 2396 1055 2453 in
1071 2395 1232 2452 novissimo
1247 2396 1449 2453 benedictione
1464 2397 1587 2455 carebit.

150 2470 187 2527 ad
202 2466 435 2524 interiectionem
451 2468 550 2521 autem
566 2466 630 2537 sius
646 2481 682 2522 ns
696 2482 790 2540 ponas
804 2465 936 2525 animam
989 2466 1030 2524 Ne
1045 2467 1148 2525 dicas:
1167 2467 1298 2524 Reddam
1314 2466 1422 2525 malum
1437 2472 1445 2506 ¹
1460 2486 1466 2523 :

161 2543 288 2625 minam..
499 2607 504 2618 ι
569 2607 575 2619 ὓ
1062 2544 1197 2610 exspecta
1214 2539 1384 2607 Dominum,
1401 2545 1430 2596 et
1443 2539 1585 2598 liberabit
1600 2544 1642 2597 te.

114 2614 170 2679 Qui
185 2615 345 2684 impatiens
359 2611 415 2690 est,
430 2607 590 2691 sustinebit
605 2608 748 2668 damnum
768 2627 775 2667 ι
990 2611 1176 2669 Abominatio
1187 2615 1231 2667 ast
1246 2612 1324 2684 apud
1334 2613 1491 2669 Dominum
1508 2612 1630 2686 pondua
1644 2617 1676 2670 st
1686 2612 1812 2688 pondus:

150 2689 179 2741 et
194 2701 262 2740 cum
278 2684 420 2766 rapuerit,
437 2679 516 2764 aliud
532 2696 569 2752 ap
582 2685 675 2765 ,⁰¹²9t'.
1027 2685 1138 2739 statera
1153 2681 1253 2739 dolosa
1267 2698 1326 2739 non
1347 2687 1392 2740 est
1406 2684 1492 2740 bona.

113 2755 192 2812 Audi
208 2753 415 2839 consiliumet
428 2767 543 2835 suscipe
577 2752 760 2837 rompheam,
992 2759 1015 2809 Α
1029 2753 1153 2837 Domino
1168 2753 1337 2882 diriguntur
1350 2770 1471 2828 gressus
1484 2754 1560 2813 viri:

116 2832 420 2955 Μιιιῐιὲιὲοοῃίὲῗὶῐιοεῃέἓ
431 2829 688 2951 liiloxzsrsdgmlssrtuis.
1028 2841 1095 2899 quis
1110 2828 1209 2952 ⁸¹¹i3⁰m
1246 2825 1378 2883 ominum
1393 2826 1557 2900 intelligere
1571 2830 1674 2901 potest
1689 2827 1763 2887 mam

145 2917 163 2956 u
283 2915 292 2952 i
641 2911 648 2951 :
1063 2912 1147 2952 suam

152 2914 288 3054 volenberge
303 2972 401 3023 autem
412 2965 533 3049 ‘Domini
550 2966 746 3038 permanebit.
991 2966 1088 3025 Ruina
1103 2973 1147 3024 est
1163 2967 1297 3029 hominia
1310 2968 1446 3027 devorare
1461 2976 1581 3030 sanctos
1596 2972 1619 3041 ¹,

116 3041 209 3100 Homo
227 3041 363 3124 indigens
379 3053 548 3095 misericors
563 3042 608 3094 est
620 3055 643 3121 i·
954 3051 977 3119 ρ
1031 3044 1060 3096 et
1075 3044 1140 3111 post
1153 3044 1221 3095 cota
1234 3042 1369 3096 tractare.

151 3118 179 3170 et
194 3111 297 3169 melior
310 3114 356 3194 est
371 3125 492 3192 pauper,
507 3125 594 3180 quam
616 3125 662 3168 iir
678 3108 814 3167 mendax.
995 3110 1126 3194 Dissipat
1140 3111 1247 3184 impios
1263 3128 1313 3167 rex
1327 3110 1457 3183 rapiens,

117 3185 219 3268 Timor
232 3183 350 3266 Domini
365 3182 400 3263 ad
416 3187 524 3236 vitam:
622 3251 628 3263 .
859 3249 893 3265 ..
1032 3187 1308 3256 etincurvatsupsr
1326 3199 1376 3240 eos
1397 3182 1549 3240 fornicem.

151 3261 181 3314 et
195 3272 225 3338 in
242 3253 423 3336 plenitudine
447 3251 689 3334 commorabitur,
703 3252 815 3325 absque
840 3254 940 3309 visita·
995 3254 1129 3310 Lucerna
1145 3254 1257 3310 Domini
1273 3253 1455 3327 spiraculum
1479 3254 1623 3313 bominis.

190 3330 269 3408 tione
284 3339 406 3408 pessimi
422 3323 476 3396 [At.
491 3323 643 3395 pessima].
1031 3342 1095 3398 quie
1111 3325 1269 3398 investigat
1283 3327 1383 3382 omnia
1396 3333 1510 3384 secreta
1523 3328 1646 3385 ventris.

115 3398 275 3455 itbsoondit
285 3411 367 3469 piger
382 3409 602 3475 manum'suam
614 3393 669 3451 aab
680 3393 799 3467 ascella,
995 3396 1195 3454 Misericordia
1210 3402 1239 3453 at
1252 3398 1358 3454 veritas
1374 3397 1546 3455 custodiunt
1564 3414 1678 3472 regem,

154 3468 409 3552 necadossuum
437 3464 656 3549 applicateam.
700 3535 706 3548 ·
792 3535 798 3547 Ι
1031 3469 1231 3553 struboratur
1254 3468 1642 3553 clementiatbronusejns.

117 3539 273 3625 Pestilente
288 3536 445 3621 flagellato,
459 3535 568 3621 stultus
580 3539 742 3608 sapientior
758 3539 834 3621 erit:
874 3605 880 3618 .
919 3604 925 3619 .
996 3538 1157 3597 Exsultniio
1169 3555 1315 3612 Juvenum
1330 3541 1470 3598 lenitudo
1483 3558 1608 3599 eorum:

152 3629 179 3669 si
194 3616 293 3669 autem
308 3624 486 3681 corripueris
500 3612 676 3681 sapientem,
692 3606 837 3681 intelliget
852 3607 941 3663 disci·
1031 3617 1060 3668 et
1074 3611 1202 3684 dignitas
1217 3628 1331 3683 serium,
1343 3611 1476 3680 canities,

164 3754 172 3768 ο
190 3682 313 3766 plicam.
995 3683 1080 3740 Livor
1094 3682 1223 3739 vulneris
1239 3684 1388 3757 absterget
1411 3683 1509 3740 male:

119 3758 173 3839 Qui
188 3756 301 3839 alliget
310 3756 434 3826 patrem,
450 3753 479 3807 et
493 3750 577 3876 lugat
591 3754 727 3822 matrem,
1032 3761 1060 3812 et
1075 3754 1166 3827 plagae
1181 3755 1212 3811 in
1228 3755 1435 3813 secretioribus
1448 3755 1573 3813 ventris.

156 3842 376 3952 ignominiossilis
391 3826 479 3950 ecidit
495 3821 607 3950 indoli?
995 3825 1076 3911 (Cap3
1092 3825 1181 3899 XXI.)
1194 3826 1275 3883 Siout
1287 3827 1448 3912 diuisiones
1463 3827 1669 3901 aquarum,ita
1681 3822 1795 3898 cormac

121 3903 341 4054 Noiisgeisgsiigies
354 3910 505 4050 &301ss
519 3909 680 4021 sgioeiiltilgm
686 3937 693 3962 ⁹
1032 3900 1361 4053 ᾳυιὲοιῗιραὲυῦρῖἓῐῐῗένιὶῑ,
1373 3969 1529 4027 inclinabit
1538 3968 1628 4041 illud,

122 4043 219 4099 Testis
229 4056 349 4126 iniquus
360 4038 473 4096 deridet
489 4036 656 4120 judiciumg
996 4040 1099 4097 Omnis
1113 4058 1160 4096 iiia
1173 4058 1228 4097 ciri
1244 4047 1323 4098 recta
1337 4041 1392 4098 sibi
1407 4041 1542 4099 videtur:

157 4120 186 4170 et
200 4130 233 4170 os
249 4127 407 4194 impiorum
423 4110 543 4193 devorat
563 4110 762 4192 iniquitatem.
1032 4113 1173 4187 appendit
1186 4122 1284 4170 autem
1296 4113 1384 4170 corda
1398 4112 1553 4172 Dominus.

121 4185 224 4243 Parata
239 4189 307 4267 sunt
321 4179 639 4265 derisoribusiudioia:
810 4248 816 4261 α
995 4183 1100 4241 Facere
1115 4185 1348 4242 misericordiam
1365 4188 1393 4241 st
1407 4184 1568 4256 judicium,

119 4261 185 4397 (egi
201 4255 299 4399 ιιὶιζαὶῐζὶῗι
306 4256 510 4383 1percutientes
521 4249 680 4307 stultorum
704 4248 887 4323 corporibus.
1031 4256 1126 4328 magis
1150 4255 1245 4329 placet
1266 4254 1397 4324 Domino,
1414 4272 1503 4329 quam
1518 4256 1658 4316 victims.

189 4398 335 4455 ebrietas:
682 4461 689 4475 ,
955 4417 977 4483 0
1031 4396 1325 4472 lucerneimpiorum
1346 4405 1509 4471 paccatum.

118 4470 323 4596 &quicunque
337 4469 384 4526 his
394 4465 564 4551 delectatur.
576 4480 634 4520 non
650 4468 705 4547 erit
716 4463 848 4566 sapiens.
992 4468 1188 4552 Cogitationes
1203 4471 1317 4556 robusti
1328 4486 1444 4544 semper
1458 4471 1489 4555 in
1506 4470 1691 4529 abundatia:

140 4541 450 4694 illitteratos:
464 4541 612 4691 iiiiii
627 4551 757 4664 ltili..
771 4619 868 4687 sem,
992 4549 1512 4687 0.⁰.¹¹iii⁸,ti¹,¹ti.ittttiti⁰titii
1527 4549 1689 4682 {iiiiii

117 4682 215 4740 Houor
229 4692 273 4740 esi
286 4683 410 4753 homini,
421 4697 471 4809 qut
487 4684 642 4764 Sttpmsse
657 4697 674 4734 D
689 4673 938 4759 contentionibus:
1026 4701 1121 4767 ugnus
1135 4685 1215 4768 est-³,
1232 4689 1261 4741 gt
1274 4684 1367 4757 impin
1390 4690 1455 4741 otus
1469 4685 1505 4741 gd
1520 4684 1646 4759 laqueo.
1661 4682 1767 4743 mortis,

152 4770 255 4813 omnes
269 4759 366 4838 antem
381 4758 428 4836 stu
444 4758 462 4809 ti
481 4756 641 4832 miscentur
660 4750 858 4805 contumeliis.
990 4753 1109 4828 Rapina
1122 4756 1280 4829 impiorum
1297 4757 1378 4812 detra
1400 4760 1451 4812 eiit
1463 4771 1525 4828 eos,

115 4826 443 4910 Proptertrigiispiiier
462 4822 669 4879 ararenoluit:
735 4892 740 4903 ,
811 4891 816 4902 ,
845 4887 851 4900 ,
1024 4826 1547 4910 quianoluerunttacereJudicium.

151 4898 331 4955 mendicabit
344 4913 412 4969 ergo
427 4900 537 4977 astate,
553 4897 582 4950 et
601 4909 659 4976 non
675 4892 794 4976 dabitur
810 4888 864 4945 illi.
908 4955 915 4971 ·
988 4896 1453 4968 perversav12viri‚alienspgt2

113 4968 196 5027 Siout
211 4985 287 5042 aqua
303 4966 460 5051 profunda,
484 4982 525 5021 sie
541 4964 697 5049 eonsilium
714 4981 745 5020 in
758 4964 846 5022 eorde
860 4967 935 5024 viri:
1023 4969 1073 5096 (ini
1089 4973 1187 5026 autem
1204 4971 1333 5028 mundus
1347 4974 1403 5039 est,
1418 4974 1532 5028 rectum
1548 4973 1712 5045 opusejus.

149 5043 201 5126 ssd
219 5041 303 5126 tiemo
314 5055 433 5122 sapiens
447 5036 599 5120 exhauriet
619 5036 704 5092 illud.
987 5043 1028 5097 lle
1042 5042 1088 5098 ius
1103 5046 1149 5099 est
1163 5042 1263 5099 sedero
1278 5043 1309 5099 in
1324 5042 1432 5126 angulo
1445 5041 1587 5109 domatis,
1789 5106 1795 5118 ‚

111 5113 196 5196 Multi
213 5112 348 5170 homines
360 5109 564 5189 misericordes
578 5112 738 5190 iocantur:
1021 5128 1185 5197 quam'oum
1198 5114 1319 5172 muliere
1331 5111 1471 5187 litigiosa,
1482 5119 1512 5171 st
1521 5113 1651 5174 indumo
1664 5124 1795 5175 communi

145 5201 242 5243 virum
257 5191 355 5241 autem
371 5178 487 5238 fidelem
503 5194 571 5250 quis
585 5178 740 5234 inveniet?
984 5183 1090 5242 Anima
1107 5186 1192 5258 impii
1207 5185 1354 5244 desiderat
1368 5184 1492 5256 indum,

329 4325 468 4383 uauriosa
478 4339 534 4394 res,
550 4322 650 4378 vinum
667 4326 695 4377 et
710 4321 892 4377 tumultuosa
996 4327 1138 4383 Exultatio
1153 4328 1306 4385 oculorum
1321 4333 1350 4384 et
1364 4327 1495 4384 dilatatio
1510 4330 1629 4386 cordis:

147 5398 370 5472 ¹Exsoriptores
384 5389 595 5520 exemplarium
608 5390 733 5476 canonis
755 5394 931 5483 addiderunt
983 5404 1040 5453 etos
1059 5394 1280 5468 elicitorem,
1296 5399 1347 5482 aut
1366 5398 1501 5455 Dceotorc
1523 5401 1651 5457 mactra
1677 5394 1793 5472 Proprius

112 5467 166 5526 hoc
180 5471 244 5528 loeo
259 5468 413 5528 verbaduo
428 5472 468 5523 ist
490 5479 541 5531 ac,
549 5478 599 5534 pro
611 5462 703 5530 mota·
716 5479 879 5551 ¹¹¹.¹¹⁸9¹¹.¹m
890 5469 931 5530 la·
983 5468 1100 5525 Hebrieo
1116 5484 1148 5525 ao
1160 5484 1298 5553 germana
1309 5484 1455 5543 impressa
1469 5468 1556 5528 lectio
1570 5476 1629 5529 est.
1642 5474 1793 5529 uernae

109 5540 219 5612 glenus,
246 5541 359 5599 reddam
372 5538 481 5595 malam
497 5548 547 5609 pro
562 5531 638 5590 mulo
655 5550 662 5602 3
676 5535 728 5590 sed
744 5537 772 5591 id
787 5543 928 5601 vitiosum
981 5539 1166 5668 wilgar?
1183 5539 1250 5669 litbri
1269 5556 1323 5668 piro
1338 5544 1461 5597 tradere
1475 5538 1593 5627 legarit.
1738 5605 1781 5668 'M

109 5611 443 5739 ωριξίῗεξῗιιῐῗὲηῗᾶῗιῗῖετ
457 5694 489 5734 ss
504 5675 611 5732 Latine
624 5676 756 5746 quedam
772 5679 925 5758 editiones,
984 5614 1745 5753 Vanggaessognpez§affitigexnzgwiiffinhrrgisseii
1782 5649 1789 5673 Ι

108 5763 235 5823 quarum
249 5753 311 5811 alia
326 5753 446 5822 babent,
457 5750 548 5806 Ruina
561 5751 601 5806 esi
619 5747 717 5805 bonini
727 5747 924 5813 acciaens
