3870 6120
123 248 175 304 751
644 250 674 304 S.
694 248 898 306 antenorem
916 248 1046 304 mvnvs
1063 250 1314 311 nlnnonnucs.
1780 264 1831 325 m

122 371 248 446 AEgvpti,
264 379 291 428 et
306 371 361 428 init
378 371 407 427 iu
422 375 543 445 AEgypto
559 372 705 445 usquead
721 375 846 429 mortem
861 369 943 427 Salo·
961 373 988 441 Α
1003 386 1083 429 nuno
1099 375 1183 446 pater
1207 391 1292 433 meus
1307 378 1407 451 posuit
1430 397 1523 456 super
1546 383 1721 461 vosJugum
1737 403 1830 463 grava,

124 462 231 519 monis.
248 461 405 534 Reliquum
420 466 517 518 autem
542 461 705 519 Verborum
727 460 902 532 Salomonis,
919 462 949 518 et
1005 475 1060 534 ego
1078 465 1176 520 nutem
1199 465 1306 523 addam
1331 471 1544 547 superjugum
1569 479 1726 547 vestrum3
1752 482 1829 553 pater

121 553 222 609 omnia
236 568 301 626 qus
317 551 394 620 iecit,
418 555 447 608 et
461 552 608 625 sapientia
621 553 706 626 ejus:
727 569 795 610 eone
809 552 949 609 universa
1006 565 1091 608 meus
1105 551 1210 610 cecidit
1224 570 1275 612 vus
1299 555 1437 631 llagellis,
1452 575 1506 635 ego
1521 565 1622 621 autam
1646 565 1714 639 vos(
1724 582 1780 624 ιιιι.
1791 570 1828 627 ιι·

123 641 234 715 scripta
260 647 329 699 sunt
356 641 387 698 in
412 640 486 698 libro
511 641 667 699 verborum
697 641 874 700 Salomonis.
904 640 948 715 [Τ.
1005 647 1046 696 cet
1069 643 1132 711 vos)
1155 643 1372 717 scorpionibus,
1399 648 1490 707 Venit
1515 667 1585 727 erge
1607 653 1826 729 tentoriae

121 729 295 804 xxxviii]
311 730 377 788 Dies
393 733 502 801 autem,
519 748 594 805 quos
616 731 749 806 regnavit
762 731 900 789 Salomon
916 730 948 786 in
1005 732 1103 790 omnis
1118 733 1246 808 populus
1256 736 1292 793 ad
1308 736 1438 796 Roboam
1453 741 1499 800 die
1514 743 1704 817 tertis,siout
1717 745 1825 809 locutus

120 819 282 877 Jerusalem
299 836 387 894 super
410 837 529 878 omnem
544 819 644 891 lsrael,
667 821 863 895 quadraginta
878 818 949 878 anni
1005 821 1102 878 luerat
1116 838 1176 895 rex,
1192 824 1314 884 dioens:
1339 829 1530 888 Revertimiui
1555 832 1592 890 ad
1608 849 1658 891 me
1672 835 1722 893 die
1737 837 1824 899 tertia

120 913 190 966 sunt
205 912 225 966 ¹.
253 909 452 982 Dormivitque
476 909 614 968 Salomon
637 926 705 967 cum
722 909 856 984 putribus
871 909 951 984 suis,
1004 911 1225 987 Responditque
1241 932 1291 973 rex
1315 917 1426 991 populo
1450 920 1535 991 dura,
1552 921 1694 982 derelicto
1710 925 1824 987 oonsilio

119 1006 148 1058 et
160 999 296 1073 sepultus
311 1003 357 1057 est
369 999 399 1057 in
415 999 533 1057 civitate
549 1000 639 1057 David
655 1001 748 1074 patris
764 1000 822 1071 sui,
844 1016 950 1075 regna·
1004 999 1164 1073 seniorum,
1181 1003 1259 1076 quod
1276 1005 1419 1066 dederant
1433 1008 1471 1081 ei,
1486 1017 1515 1068 et
1528 1010 1647 1072 locutus
1664 1019 1712 1072 est
1728 1015 1773 1074 ais
1786 1032 1822 1075 se·

123 1089 219 1163 vitque
246 1089 377 1149 Roboam
413 1089 455 1163 [b.
485 1089 649 1164 Rehabam]
688 1089 768 1148 lilius
801 1091 865 1162 ejus
896 1107 949 1164 pro
1003 1091 1132 1148 eundum
1155 1092 1311 1152 consilium
1333 1096 1477 1170 iuvenum
1502 1099 1543 1173 (b.
1571 1101 1822 1179 parvulorumldi·

122 1196 166 1237 00,
1002 1195 1072 1237 oens
1086 1197 1092 1236 :
1108 1185 1194 1240 Pater
1209 1199 1293 1241 meus
1308 1188 1478 1260 aggravavit
1493 1189 1602 1265 jngum
1618 1196 1766 1266 vestrum,
1779 1209 1821 1269 ago

157 1270 166 1343 [
182 1268 215 1325 Τ.
232 1268 364 1340 xxxix,
381 1270 445 1343 dap.
460 1267 534 1341 xit]
549 1268 636 1326 Venit
655 1273 752 1326 autem
768 1268 899 1326 Roboam
915 1268 946 1325 in
1002 1273 1101 1326 autem
1116 1271 1223 1328 addam
1235 1274 1307 1348 jugo
1324 1280 1442 1348 vestro;
1458 1282 1542 1353 pater
1562 1296 1648 1340 meus
1660 1282 1770 1341 cecidit
1781 1300 1821 1343 ιιι

120 1358 341 1417 Siobem:illuo
355 1358 433 1415 enim
452 1363 649 1433 congregatus
663 1363 727 1417 erat
741 1358 840 1416 omnis
856 1358 946 1417 Israel
1001 1358 1327 1435 flagellis:egonutsm
1352 1365 1463 1423 cedam
1492 1384 1544 1426 vos
1563 1372 1821 1446 scorpionibusdt

121 1449 157 1505 ad
174 1447 413 1506 constituendum
427 1461 495 1504 eum
511 1461 621 1520 regem.
644 1451 682 1503 at
695 1447 852 1505 Jerobuam
867 1445 946 1504 sslius
1001 1464 1059 1504 non
1075 1449 1222 1522 acquievit
1236 1467 1286 1509 rex
1301 1455 1411 1526 populo
1425 1472 1432 1511 ι
1447 1457 1588 1528 quoniam
1598 1466 1756 1520 aversatus
1768 1463 1820 1521 lue·

15 1602 19 1611 Ι
121 1537 225 1608 Nabal,
250 1553 318 1595 eum
342 1536 439 1593 adbuc
468 1540 546 1594 esset
569 1537 600 1594 in
622 1537 744 1612 AEgypto
769 1537 946 1611 profugusa
1000 1541 1046 1594 rat
1067 1554 1134 1595 eum
1159 1538 1313 1614 Dominus,
1340 1547 1373 1600 ut
1395 1546 1553 1605 suscitaret
1574 1550 1701 1608 verbum
1731 1568 1817 1624 suum,

121 1628 194 1686 lacis
209 1627 287 1703 regis
302 1625 478 1698 Salomonis,
494 1626 595 1684 audita
610 1630 704 1684 morte
717 1627 794 1701 ejus,
810 1643 945 1686 reversus
1000 1628 1076 1700 quod
1093 1626 1211 1687 locutus
1227 1631 1322 1688 luerat
1333 1632 1373 1704 {in
1390 1651 1478 1693 manu
1494 1636 1576 1695 ahia
1591 1639 1656 1711 (ma.
1672 1640 1765 1714 Abia)
1777 1641 1817 1699 si.

120 1721 166 1776 est
177 1717 212 1775 de
226 1717 359 1791 AEgypto.
384 1716 596 1789 ldlseruntque.
620 1720 649 1773 et
664 1719 840 1774 vocaverunt
856 1733 943 1775 eum:
998 1716 1107 1786 ionitae,
1123 1719 1159 1774 ad
1182 1718 1339 1778 Jeroboam
1362 1722 1456 1781 illium
1472 1725 1576 1785 Nubat.
1592 1729 1639 1790 (Τ.
1663 1730 1765 1805 XLll.)
1777 1731 1818 1791 Vi.

120 1807 199 1864 veuit
212 1822 281 1881 ergo
293 1805 461 1874 Jeroboam,
476 1808 506 1863 et
521 1804 786 1862 omniemultitudo
802 1804 904 1878 lsrael,
917 1810 947 1863 et
999 1807 1073 1864 deus
1101 1807 1202 1880 itaque
1229 1810 1360 1882 populus
1382 1811 1425 1886 (b.
1456 1813 1570 1874 Videns
1598 1816 1703 1892 itaque
1731 1821 1817 1879 oman

121 1897 211 1956 loeutl
227 1895 348 1954 suntad
364 1896 507 1965 Roboem,
533 1896 664 1953 diceutes
679 1914 686 1953 ε
703 1899 790 1952 Pater
805 1898 874 1953 tuus
889 1897 946 1952 du·
999 1894 1111 1969 lsrael),
1139 1899 1214 1971 quod
1232 1898 1378 1958 noluisset
1401 1918 1451 1960 eos
1474 1904 1577 1963 audire
1596 1922 1658 1977 rex,
1676 1911 1819 1984 respondit

121 1987 274 2044 rissimum
287 1987 394 2059 jugum
420 1984 561 2058 imposuit
576 1985 680 2041 nobis:
698 1990 729 2040 tu
746 1984 846 2058 itaque
867 2001 946 2042 nuno
998 1983 1036 2055 oi,
1062 1984 1182 2043 diceus:
1207 1988 1274 2053 Oua
1299 1990 1384 2048 nobis
1399 2008 1469 2064 pars
1493 1992 1525 2052 in
1550 1994 1669 2055 David?
1690 1998 1735 2056 vel
1761 2015 1819 2072 qua

120 2077 264 2134 imminue
279 2073 435 2150 paululum
459 2075 494 2131 de
524 2072 648 2148 imperio
674 2073 715 2147 (b.
741 2074 777 2130 de
792 2074 946 2148 servitute)
999 2071 1153 2132 hareditas
1169 2075 1199 2133 in
1216 2075 1276 2135 filio
1293 2078 1374 2135 issi?
1393 2079 1496 2139 vadet
1510 2081 1539 2140 iu
1557 2084 1751 2146 tabernacula
1763 2093 1819 2160 tua,

122 2165 214 2239 patris
227 2163 272 2222 tui
292 2163 462 2233 durissimo,
488 2166 517 2219 et
531 2162 652 2236 dejuge
673 2162 850 2236 gravissimo
865 2163 944 2236 quod
998 2161 1108 2219 lsrael:
1136 2165 1295 2223 uuucvide
1321 2168 1539 2228 domumtuam
1568 2172 1671 2234 David,
1699 2180 1734 2233 ιιι
1755 2176 1821 2235 abitt

121 2255 264 2330 imposuit
274 2252 369 2322 uobis,
383 2256 412 2311 et
434 2252 599 2310 serviemus
614 2251 747 2329 tibtpui
768 2252 809 2308 ait
823 2251 884 2309 eis:
902 2252 945 2310 lte
999 2250 1087 2309 Israel
1105 2253 1133 2308 iu
1145 2254 1335 2313 tabernacula
1346 2274 1411 2315 sua.
1421 2262 1515 2333 Super
1526 2260 1604 2320 lilios
1614 2268 1715 2323 autem
1726 2264 1819 2340 lsrael,

122 2362 216 2419 usque
231 2344 266 2400 ad
281 2341 400 2400 tertium
427 2341 517 2412 diem,
533 2344 561 2398 et
577 2339 757 2398 revertimini
774 2341 810 2398 ad
828 2357 883 2398 me.
900 2342 943 2414 (Τ.
998 2339 1155 2416 quicunqne
1173 2343 1215 2412 (b.
1241 2344 1415 2421 nonhabet)
1440 2348 1576 2408 habitant
1600 2351 1631 2410 in
1655 2352 1821 2415 civitatibus

119 2435 187 2508 XI..)
200 2436 334 2506 Cumque
349 2430 472 2489 abiisset
487 2428 625 2504 populus,
640 2429 707 2485 iniit
721 2429 878 2487 eonsilium
895 2447 946 2487 rex
997 2429 1088 2499 luda,
1105 2434 1237 2505 regnavit
1257 2434 1398 2492 lloboam.
1422 2437 1503 2494 llisit
1526 2438 1616 2513 igitur
1631 2458 1683 2500 rex
1696 2444 1822 2505 Roboam

119 2526 246 2583 boboam
263 2539 331 2580 cum
347 2521 469 2579 senibus
490 2519 540 2593 qui
556 2519 736 2576 assistebant
751 2536 848 2576 coram
863 2518 944 2578 Salo·
1000 2518 1142 2580 Aderam.
1156 2523 1206 2594 qui
1223 2525 1286 2579 erat
1300 2539 1390 2597 super
1413 2525 1534 2597 tributa,
1550 2533 1579 2585 et
1590 2527 1744 2603 [lapidavit
1756 2549 1821 2592 eum

119 2631 207 2672 mone
230 2616 313 2686 pstre
338 2612 403 2683 ejus
426 2611 497 2667 dum
535 2608 632 2666 adbuc
656 2609 765 2666 viveret
785 2609 807 2675 ⁸,
832 2612 861 2665 et
884 2610 943 2668 ait:
998 2608 1096 2664 omnis
1123 2608 1269 2677 lsrael,st
1294 2617 1429 2672 mortuus
1458 2617 1617 2676 eetPorro
1631 2621 1819 2681 rexbobnam

120 2704 201 2771 Quod
217 2702 290 2759 mibi
307 2699 385 2757 datis
398 2697 567 2765 eonsilium,
580 2703 613 2755 ut
624 2698 819 2771 respondeam
835 2697 944 2772 populo
999 2697 1124 2755 lestiuus
1139 2699 1149 2733 ¹
1164 2698 1206 2772 (b.
1222 2700 1342 2773 invitus)
1366 2705 1500 2762 ascendit
1514 2722 1646 2779 currum,
1663 2715 1694 2767 et
1707 2710 1783 2786 iugit
1791 2713 1820 2771 in

118 2793 187 2849 huic
202 2792 265 2866 (ιιιι.
277 2792 346 2847 tacet
356 2789 436 2859 huic)
446 2787 461 2844 l
471 2786 525 2854 Qui
536 2787 675 2843 dixerunt
690 2787 727 2844 ei:
738 2786 766 2842 ei
777 2786 863 2844 bodie
874 2788 944 2845 obe·
997 2785 1172 2856 Jerusalem,
1185 2789 1365 2863 recessitque
1379 2792 1468 2850 lsrael
1483 2795 1597 2854 adomo
1612 2796 1715 2871 Pavid,
1732 2816 1822 2874 usque

118 2881 208 2940 dieris
224 2878 332 2956 populo
347 2877 426 2946 huic,
442 2881 471 2934 et
485 2875 630 2946 servieris,
646 2879 675 2933 et
691 2875 824 2949 petitioni
841 2891 944 2933 eorum
999 2873 1029 2930 in
1045 2879 1221 2948 presentem
1237 2877 1326 2934 diem.
1339 2879 1385 2953 (T.
1399 2880 1512 2957 XLlll.)
1527 2884 1647 2945 Factum
1667 2892 1711 2946 est
1727 2896 1822 2949 auum

117 2971 252 3039 cesseris,
274 2969 451 3041 locutusque
482 2965 571 3022 tueris
607 2965 642 3020 ad
667 2981 716 3021 eos
743 2965 833 3022 verba
854 2964 943 3036 leuia,
999 2980 1066 3022 cum
1094 2967 1226 3024 audisset
1248 2970 1347 3027 omnis
1374 2972 1474 3042 lsrael,
1497 2976 1575 3048 quod
1591 2993 1729 3038 reversus
1749 2984 1824 3041 esset

117 3065 202 3119 eruut
227 3060 281 3117 tibi
307 3057 381 3115 servi
407 3055 522 3112 cunctis
538 3055 652 3111 diebus.
667 3053 710 3127 (T.
727 3053 809 3126 XLI.)
824 3055 879 3121 Qui
893 3055 946 3112 de·
997 3055 1823 3144 deroboam,'miserunt,etvooaverunteum,cougregstn

117 3150 238 3225 reliquit
261 3147 417 3206 consilium
441 3160 557 3217 senum,
582 3145 659 3218 quod
687 3144 831 3202 dederant
855 3144 891 3201 ei.
908 3142 980 3211 Etss
1000 3148 1088 3215 coto,
1104 3147 1132 3201 et
1147 3146 1363 3205 constituerunt
1378 3165 1446 3207 eum
1462 3152 1525 3224 (mr.
1543 3157 1614 3212 tonet
1627 3159 1710 3229 eum)
1728 3174 1820 3233 rogem

116 3236 252 3295 adhibuit
276 3235 477 3313 adolescentes
502 3232 544 3306 (b.
569 3230 729 3305 parvulos),
753 3233 803 3306 qui
834 3234 940 3291 nutriti
996 3248 1086 3307 super
1110 3249 1228 3291 omnem
1254 3235 1355 3309 Israel,
1380 3254 1434 3296 neo
1449 3245 1568 3300 secutus
1583 3249 1630 3301 est
1656 3247 1816 3322 quinquin

117 3326 233 3384 fuerant
246 3341 314 3381 oum
326 3322 598 3390 eo,etassistebaut
610 3320 664 3389 illi,
678 3320 857 3392 dixitquead
869 3337 938 3381 eos:
995 3322 1117 3378 domum
1141 3323 1231 3381 David
1260 3330 1365 3398 preter
1388 3328 1498 3385 tribum
1521 3330 1630 3390 ludam
1656 3335 1761 3393 solam.
1775 3337 1812 3411 (Τ.

116 3417 198 3484 Quod
214 3414 286 3471 mibi
301 3412 378 3469 datie
393 3409 561 3479 consilium,
572 3413 605 3464 ut
621 3411 813 3482 respondeam
831 3410 940 3486 populo
994 3411 1098 3484 XLIV.)
1110 3411 1194 3468 Venit
1208 3417 1307 3470 autem
1324 3415 1453 3474 Roboam
1471 3419 1500 3476 in
1515 3419 1695 3494 Jerusalem,
1710 3431 1739 3484 et
1752 3443 1810 3485 eon·

116 3505 185 3562 buin
200 3503 251 3577 qui
275 3502 410 3559 dixerunt
435 3498 526 3555 mibi:
545 3497 645 3555 Levius
662 3498 706 3554 lac
726 3500 844 3572 jugum,
860 3503 939 3574 quod
995 3501 1126 3573 gregavit
1141 3500 1309 3558 universam
1332 3504 1453 3562 domum
1467 3509 1555 3575 puga,
1571 3516 1601 3568 οι
1620 3511 1732 3571 tribum
1747 3515 1806 3572 Μ,

115 3594 256 3668 imposuit
269 3597 352 3666 pater
367 3595 437 3646 tuus
448 3604 538 3662 super
559 3604 632 3644 nos:
648 3587 684 3643 nt
699 3587 835 3645 dixerunt
851 3590 876 3645 ei
888 3593 939 3663 ju·
989 3587 1094 3658 jamin,
1111 3594 1229 3646 eentum
1244 3592 1392 3666 octoginta
1408 3595 1502 3652 millia
1516 3597 1679 3659 aleatorum
1695 3605 1806 3660 utrem

115 3699 203 3741 venes
222 3682 263 3756 (b.
290 3678 430 3754 parvuli),
454 3677 505 3750 qui
529 3675 633 3733 nutriti
658 3676 776 3733 luerent
799 3682 941 3737 cumen?
995 3677 1036 3747 (b.
1054 3678 1226 3752 nonhabet)
1243 3678 1479 3749 bellatorum,ut
1501 3694 1670 3760 pugnarent
1684 3692 1743 3764 (me
1759 3708 1801 3767 pu.

115 3773 164 3831 Sio
178 3771 298 3845 loquere
313 3767 420 3843 populo
436 3765 505 3823 huic
526 3766 575 3839 qui
605 3762 695 3822 locuti
709 3767 827 3822 suntad
842 3773 882 3835 te,
898 3768 941 3824 di·
995 3772 1098 3841 gnaret
1111 3773 1139 3824 et
1152 3768 1316 3838 reduceret)
1327 3777 1429 3830 eontra
1439 3774 1560 3833 domum
1579 3777 1681 3850 lsrael,
1696 3781 1804 3839 etredu·

116 3868 234 3920 centes:
252 3861 336 3917 Pater
350 3862 421 3915 tuus
445 3854 727 3929 aggravavitjugum
745 3861 891 3924 nostrum,
906 3863 938 3915 tu
995 3862 1093 3911 cersut¹
1108 3872 1230 3923 regnum
1247 3856 1376 3916 Roboam
1394 3859 1455 3918 illio
1471 3862 1648 3925 Salomonis.
1665 3869 1711 3940 (Τ.
1726 3869 1804 3939 XLV.)

116 3950 212 4009 releva
235 3966 299 4006 nos.
316 3947 363 4004 Sic
389 3947 508 4018 loquere
523 3944 559 4000 nd
575 3959 646 4000 sus:
672 3943 811 4001 Minimus
826 3945 940 4020 digitus
996 3944 1102 4000 Factus
1126 3947 1171 4000 est
1196 3949 1296 4001 autem
1321 3963 1417 4004 sermo
1445 3949 1494 4007 Dei
1518 3951 1609 4024 (Vota.
1637 3954 1804 4031 Dominilal

116 4059 200 4102 meus
215 4037 346 4114 grossior
360 4038 406 4093 est
420 4036 507 4092 dorso
522 4034 614 4107 patris
629 4033 687 4089 mei
702 4032 744 4095 (b.
760 4031 892 4108 lumbis).
905 4036 940 4095 nt
994 4033 1140 4090 Semeism
1154 4034 1251 4090 virum
1265 4033 1329 4103 Dei,
1352 4035 1472 4096 diceus:
1490 4039 1622 4114 Loquere
1637 4045 1675 4103 ad
1692 4048 1806 4105 popm

151 4173 161 4207 ¹
190 4167 274 4231 esve,
304 4162 405 4230 lector,
439 4157 607 4233 opinionem
645 4157 802 4228 cuiusdam
832 4160 938 4233 nuperi
994 4158 1805 4239 sanctorumPetrumsententiaemaximoquedivinsrnn

113 4236 284 4309 chronologi
304 4236 334 4290 in
349 4231 435 4289 anuis
461 4230 542 4304 regni
566 4229 741 4287 Salomonis.
767 4231 842 4287 Huic
857 4233 937 4290 euim
994 4227 1377 4302 Scripturarumrnterpreti
1393 4231 1569 4306 Hieronymo
1579 4253 1667 4309 quem
1678 4241 1752 4298 adeo
1761 4238 1807 4299 sibi

112 4310 247 4382 scriptori
257 4323 314 4363 non
326 4300 623 4375 sullicitsuggillasse
633 4301 937 4374 egregiumeruditio·
993 4299 1211 4380 inconstantem
1236 4303 1320 4371 putet
1343 4306 1531 4376 supradictus
1554 4307 1766 4386 chronologus,
1784 4315 1808 4370 nt

113 4372 802 4446 nismonumentumS.Hieronymi‚epistolam
827 4375 938 4433 scilicet
993 4374 1107 4426 asserat
1125 4372 1336 4444 Hieronymum
1351 4373 1381 4430 in
1408 4375 1612 4436 Proditionidue
1626 4384 1807 4443 Hctmieisin
1860 4436 1863 4445 .

113 4452 149 4507 ad
174 4450 295 4507 llitalem
320 4449 507 4520 Episcopum,
531 4446 567 4500 de
591 4443 746 4501 Salomone
774 4452 803 4500 et
828 4447 937 4516 nabas,
992 4441 1393 4526 secuudoParalrpomeuon,
1418 4447 1594 4532 indigitasse
1621 4456 1809 4531 qnadraginta
1860 4448 1863 4495 l

112 4521 170 4577 nisi
184 4527 287 4577 contra
301 4536 454 4591 expressos
469 4533 503 4573 eo
525 4515 785 4573 manifestissimos
800 4517 935 4575 omnium
950 4519 974 4584 Β
991 4528 1086 4570 auuos
1101 4511 1281 4598 Salomonis,
1295 4530 1368 4586 quos
1383 4526 1516 4591 regnavit
1529 4526 1691 4607 numquam
1707 4544 1808 4601 pne..

111 4594 328 4665 Scripturarum
345 4594 452 4657 textus,
464 4591 689 4660 Graecorumque
703 4593 805 4644 contra
819 4589 936 4648 Latino·
990 4586 1197 4654 rinatnsesset,
1207 4583 1558 4670 stultosquadragintain
1570 4596 1683 4666 quibus
1693 4613 1808 4674 regnum

111 4681 177 4721 rum
195 4665 313 4719 Petrum
329 4663 498 4718 unanimem
509 4674 686 4716 consensum
702 4659 781 4716 eolus
796 4661 933 4734 insurge·
989 4657 1085 4714 tenuit
1101 4659 1255 4727 postquam
1271 4658 1441 4731 reliquisset
1450 4663 1618 4724 Dominum.
1632 4667 1745 4728 Verum
1753 4678 1808 4729 tau·

110 4740 166 4805 ret,
180 4735 289 4791 docens
297 4733 484 4790 Salomonem
501 4748 557 4786 non
574 4731 660 4787 annis
673 4734 788 4787 tantum
804 4733 934 4804 quadra·
990 4734 1052 4785 tum
1068 4726 1183 4784 aberrat
1197 4744 1215 4808 a
1228 4743 1295 4785 vero
1310 4745 1411 4803 seusu,
1427 4738 1571 4806 quantum
1582 4740 1701 4799 seculis
1729 4742 1808 4800 distet

109 4809 201 4881 ginta,
215 4807 266 4862 sed
276 4804 503 4876 tntisoctoginta
513 4803 668 4874 imperium
680 4803 821 4860 tenuisse.
834 4805 931 4870 Quod·
989 4798 1290 4867 auotordtaevtronvm
1300 4801 1498 4861 Hebraicoroov
1509 4806 1539 4863 in
1553 4806 1807 4884 Paralipomenon

109 4895 166 4952 que
180 4878 272 4950 magis
288 4877 457 4932 mirandum
473 4878 528 4944 est,
555 4891 647 4929 unum
662 4889 694 4931 se
704 4890 738 4930 ac
753 4874 849 4930 solum
866 4892 931 4934 esse
988 4887 1056 4928 vero
1073 4870 1259 4954 Hieronymo,
1275 4872 1326 4945 qui
1353 4880 1456 4946 quarto
1472 4877 1579 4936 saeculo
1594 4880 1696 4940 floruit
1710 4884 1741 4942 in
1763 4889 1806 4942 Et·

128 4951 271 5015 rotitetur,
317 4947 346 5004 ui
376 4947 452 5002 banc
489 4945 664 5002 sententiam
680 4946 720 5003 sit
735 4944 929 5019 amplexatus,
987 4942 1807 5030 clesialler,oumsuprsdiutnsscriptorstatemdegerat

107 4967 200 5079 fretus
214 5022 304 5093 losep
338 5017 432 5074 Judsei
455 5017 629 5074 auctoritate
645 5018 741 5084 unios,
758 5032 847 5091 quem
863 5019 929 5076 bal·
986 5020 1118 5097 tempore
1133 5013 1244 5069 llabsui
1266 5017 1371 5074 Mauri.
1387 5017 1456 5087 Vide
1470 5036 1562 5094 supra
1581 5022 1807 5100 Protegomsnoa

107 5093 271 5151 lucinatum
295 5095 396 5147 tamen
420 5087 542 5144 dicitis
567 5088 652 5145 annis
676 5104 779 5160 regum
804 5088 870 5161 Tyri
898 5094 929 5147 et
987 5090 1121 5143 tertium.
1139 5082 1233 5142 Mser.

106 5165 208 5222 lsrael.
221 5165 296 5232 Quid
311 5161 396 5234 plura
409 5158 424 5215 l
438 5161 569 5215 lsaneum
586 5159 719 5218 vossium
735 5162 789 5216 ban
804 5160 834 5215 in
849 5160 928 5218 dilli-
1021 5157 1032 5191 ¹
1048 5155 1109 5213 Uno
1123 5154 1210 5211 verbo
1226 5171 1281 5212 ms.
1300 5159 1472 5228 veronens..
1488 5162 1559 5221 Com
1572 5164 1724 5227 Μιὶιιιιιι.

106 5239 215 5295 unitate
229 5239 387 5294 haerentem
412 5230 509 5303 arguit
522 5231 660 5287 assiduus
683 5231 816 5303 ejusdem
829 5228 928 5289 Vossil
1020 5226 1132 5282 'Tacet
1147 5241 1204 5282 ms.
1228 5224 1388 5286 Veronens.
1407 5230 1486 5303 Vnde,
1502 5235 1581 5305 quod
1596 5242 1625 5296 et
1640 5240 1672 5299 ln
1693 5240 1808 5303 neum

105 5315 245 5376 assertor,
263 5312 296 5364 ut
310 5305 354 5363 sio
367 5302 488 5360 taudem
504 5300 571 5373 plus
588 5301 730 5374 magistro
743 5317 797 5359 suo
813 5300 926 5375 aliquid
985 5297 1206 5380 quidemvaost
1220 5299 1333 5380 exejus
1348 5299 1466 5383 iugenio
1486 5302 1605 5378 lingua.

105 5380 241 5454 possitin
251 5374 493 5452 ambiguitatibus
505 5372 748 5445 etanigmatibus
766 5373 926 5446 Scriptura
1020 5367 1365 5452 ‘thrlamplrusetalt
1390 5373 1504 5433 scholio
1557 5393 1594 5435 us
1611 5379 1810 5443 obsoletasti·

107 5468 196 5510 sacra
209 5451 303 5509 dissol
316 5446 427 5507 vendis.
451 5444 507 5500 Sed
532 5443 690 5515 adhereat,
711 5443 925 5504 utsiblvisum
982 5456 1050 5498 nere
1064 5438 1265 5498 nobrslrcnlt:
1280 5456 1373 5514 quare
1396 5460 1454 5502 nou
1470 5462 1500 5503 m
1535 5452 1599 5509 tum
1617 5449 1814 5521 blemm-

104 5523 203 5591 tuerit,
219 5522 347 5598 Josepbo
366 5523 454 5602 atqua
476 5514 580 5599 Yossio
599 5530 675 5600 spo;
698 5514 783 5599 uobis
804 5515 925 5600 veroli·
982 5529 1050 5571 mus
1063 5511 1241 5594 contectura
1253 5512 1425 5587 nostrs,vel
1439 5514 1569 5579 lection'.
1590 5523 1684 5589 ιιιιιι.

104 5594 336 5652 osatsdbasiese
350 5587 544 5665 scriptoribus
562 5584 923 5662 bagrogmpbrs,unsn1mi
1017 5581 1163 5643 -ldinori
1174 5535 1812 5667 numerouaqmssebrqelagltlimmm
