3870 6120
68 199 124 257 973
661 200 953 258 arnsteinensem
973 196 1185 254 vsovflssrm.
1324 212 1327 217 '
1721 216 1775 273 974

106 338 175 380 cnm
190 321 330 378 omuibus
345 320 469 395 reliquie
483 321 604 380 auxiliis
618 323 692 383 auis.
912 328 940 395 Α
990 319 1031 376 ait
1045 335 1105 386 rex,
1121 320 1265 378 Dominus
1277 323 1456 384 exercituum
1473 345 1579 388 nomen
1595 333 1669 407 eius.

69 393 273 469 Depopulatos
298 397 344 448 est
367 395 445 450 enim
467 393 611 452 Dominus
633 394 814 468 Palaestinos,
830 393 898 454 reii-
954 392 1047 464 Prope
1062 396 1107 448 est
1122 392 1257 450 interitus
1271 397 1365 464 Moab,
1384 402 1416 454 ut
1432 401 1553 460 veniat:

143 465 230 539 quiae
245 465 349 521 insule
365 466 568 537 Cappadociae.
988 469 1017 520 et
1032 461 1144 518 malum
1159 465 1224 537 ejus
1238 464 1376 523 velociter
1389 477 1526 530 accurate
1541 475 1630 532 nimis
1646 493 1653 533 :

34 573 42 585 ·
69 537 159 594 Venit
173 536 323 593 calvitium
338 552 427 608 super
442 537 549 593 Gazam
567 553 574 594 :
952 533 1152 592 consolamini
1165 551 1233 592 eum
1248 541 1416 612 omnee,qui
1431 543 1500 600 estis
1514 545 1543 601 in
1559 548 1681 605 circuitu
1696 554 1774 624 ejus·

108 609 250 666 conticuit
263 607 400 677 Ascalon,
416 613 446 664 et
459 607 591 682 reliquie
605 608 690 667 vallis
706 627 806 668 earum
826 629 833 668 :
988 611 1016 661 et
1032 605 1172 677 universi,
1188 608 1239 679 qui
1254 610 1338 667 scitis
1353 628 1458 669 nomen
1474 616 1549 699 ejus,
1565 619 1653 677 dicite
1669 640 1676 678 :
1768 597 1774 623 ⁸

70 678 521 825 Mtttttittllitittn
536 768 595 810 iii
610 753 770 826 quisine
951 678 1327 808 ititttttttttitt‘
1340 683 1420 756 “⁸⁸⁸
1435 686 1529 757 ‘⁰⁸¹⁸’

344 794 352 820 i

69 824 227 896 Ingredere
241 821 272 878 in
287 823 424 894 vaginam
440 830 532 891 tuam,
951 819 1101 876 Descende
1137 820 1269 893 egluria,

105 895 289 967 refrigerare,
305 899 334 950 et
348 893 412 951 sile.
987 897 1016 947 et
1029 891 1099 946 sede
1115 893 1144 947 in
1161 892 1220 960 siti,
1238 893 1380 952 habitatio
1396 896 1462 954 illie
1477 900 1570 958 Dibon
1588 921 1594 959 :

67 967 222 1035 Quomodo
247 965 389 1036 quiescet,
416 983 482 1024 cum
510 967 654 1024 Dominus
679 968 848 1040 praeceperit
870 967 897 1024 ei
951 961 1104 1043 Quoniam,
1119 967 1250 1046 uastatur
1265 965 1350 1023 Moab
1360 971 1498 1032 ‚ascendit
1513 974 1548 1029 ad
1567 979 1606 1047 te,
1622 977 1774 1052 dissipavit

141 1039 283 1095 adversus
309 1037 492 1110 Ascalonem,
508 1042 538 1094 et
562 1040 704 1097 adversus
731 1038 896 1097 maritimas
1022 1039 1292 1093 munitionastnas.

139 1112 204 1181 ejus
221 1109 367 1181 regiones,
400 1176 406 1189 Ι
951 1104 983 1160 ln
999 1103 1046 1161 via
1058 1109 1114 1187 sta,
1129 1109 1158 1162 et
1172 1107 1316 1180 prospice,
1337 1109 1482 1169 habitatio
1497 1117 1587 1172 aroer
1602 1133 1610 1175 ι
1625 1119 1775 1195 interroga
1847 1150 1850 1155 ·

103 1180 206 1254 ibique
221 1180 384 1237 condixerit
398 1176 466 1233 illi?
997 1246 1003 1258 ⁹
1022 1177 1193 1250 lugientem,
1208 1185 1238 1236 et
1252 1195 1319 1237 eum
1335 1181 1390 1254 (itt.
1406 1184 1444 1257 ei)
1460 1186 1512 1260 qui
1527 1189 1629 1260 evasit,
1648 1191 1696 1248 dic
1712 1211 1719 1250 τ

391 1254 440 1304 AD
460 1251 569 1308 Moab.
950 1247 1024 1314 Quid
1040 1246 1170 1305 accidit?

67 1322 368 1397 (crpxavlitpitac
384 1322 456 1379 dicit
470 1322 614 1381 Dominus
628 1323 808 1382 exercituum
819 1325 896 1384 Deus
950 1320 1157 1377 confusustet
1173 1320 1269 1388 Moab,

142 1394 234 1451 lsrael
251 1410 258 1448 :
985 1390 1123 1461 quoniam
1139 1392 1233 1447 victus
1247 1397 1315 1450 eet:

67 1467 116 1523 Vae
132 1481 225 1539 super
237 1465 340 1548 Nabcl
357 1464 498 1549 quoniam
514 1470 628 1524 vastata
642 1474 696 1536 est,
706 1472 735 1524 et
748 1470 871 1526 contusa
886 1483 894 1525 r
987 1460 1111 1545 ulutate,
1126 1469 1156 1519 et
1170 1463 1303 1547 clamate»

103 1538 445 1679 giggffisplszgafrgpttltpaiffi
457 1580 589 1666 tremuit.
952 1535 1244 1677 Mtapliilillilgitiiffmeiletiut
1249 1552 1302 1664 Ἦ
1305 1547 1668 1687 Πῖἓξτῖῗῐιιαῗεῖηαέἒὲξίθῗιξί
1679 1549 1724 1677 2¹1?
1728 1551 1775 1677 agr

67 1687 132 1740 Mon
148 1686 194 1737 est
207 1680 285 1737 ultra
300 1679 457 1762 exsultatio
472 1680 502 1735 in
519 1681 614 1747 Moab,
909 1693 935 1763 B
1022 1675 1105 1759 illuri,
1122 1687 1152 1733 et
1165 1679 1375 1749 superlaeaet
1389 1698 1479 1757 super
1494 1639 1775 1765 Mspbatb,e’teufier

104 1758 210 1809 contra
224 1752 337 1808 liseboo
353 1757 554 1823 cogitaverunt
569 1753 693 1809 malum.
1021 1747 1127 1817 Dibon,
1143 1755 1172 1805 et
1186 1765 1275 1821 super
1288 1752 1381 1820 Mabo,

67 1825 185 1889 Venite,
200 1828 230 1880 st
243 1822 449 1894 disperdamus
464 1840 528 1880 eum
545 1824 691 1898 degente.
984 1823 1013 1875 et
1027 1834 1117 1901 super
1131 1821 1252 1878 domum
1277 1822 1475 1894 Dablatbaim,
1496 1832 1525 1885 et
1540 1846 1629 1904 super
1652 1833 1773 1892 Charia-

102 1902 180 1969 Ergo
195 1895 286 1951 silens
301 1894 489 1961 conticesces,
1019 1888 1123 1961 thuim,
1139 1896 1168 1949 et
1181 1909 1215 1949 su
1239 1894 1485 1966 erBeth·Gamul,

65 1965 513 2096 Voexeffitlpgpiigcdteeffilgtdssilig·
983 1966 1118 2090 etssssffif
1132 1964 1215 2020 Beth·
1250 1980 1316 2035 aon,
1331 1970 1361 2023 et
1381 1984 1472 2042 super
1490 1972 1615 2044 carioth,
1633 1978 1660 2032 et
1683 1993 1773 2051 snper

101 2111 240 2179 vastitas,
254 2113 283 2164 ct
298 2108 433 2165 contritio
448 2124 566 2180 magna.
983 2110 1013 2161 et
1028 2075 1122 2177 super’
1132 2121 1236 2163 omnes
1250 2106 1383 2167 civitates
1397 2112 1479 2169 terrae
1492 2113 1658 2189 Moab,qure
1675 2117 1771 2192 longe,

64 2182 201 2239 contrita
216 2186 260 2237 eet
275 2180 359 2236 Moab
376 2198 382 2236 :
1020 2179 1049 2233 et
1063 2192 1127 2249 qua
1142 2192 1232 2250 prope
1248 2185 1328 2236 sunt.

101 2253 279 2311 annuntiate
294 2252 451 2307 clamorem
469 2250 599 2322 parvulis
613 2252 688 2322 ejus.
947 2247 1119 2304 nusciosum
1134 2253 1180 2305 est
1194 2265 1285 2306 cornu
1300 2251 1396 2320 Moab,

64 2331 284 2383 l‘erascensum
296 2324 374 2378 enirn
387 2322 473 2377 Luitb
506 2321 603 2379 iurans
613 2324 752 2379 ascendat
763 2323 792 2379 in
803 2322 892 2381 tletu:
983 2324 1013 2374 et
1026 2319 1179 2377 brachium
1195 2322 1260 2391 ciue
1274 2324 1434 2381 contritum
1449 2330 1502 2392 eat,
1519 2328 1560 2385 ait
1575 2331 1726 2390 Dominus.

100 2395 292 2477 qnoniamUin
303 2396 452 2476 ‘descensu
479 2339 616 2450 gronaim
631 2394 732 2453 hostes
748 2395 894 2452 ululatum
947 2391 1092 2449 inebriate
1107 2407 1186 2461 oum,
1202 2393 1343 2467 quoniam
1359 2402 1460 2455 contra
1484 2398 1643 2459 Dominum
1658 2411 1773 2462 erectus

138 2472 327 2523 contritionis
344 2465 522 2521 audierunt:
1018 2466 1063 2519 est
1078 2478 1085 2519 :

58 2539 182 2610 Fugite,
199 2539 309 2593 salvate
323 2537 437 2593 animae
453 2541 564 2592 vestras
580 2551 586 2590 :
983 2537 1013 2589 et
1026 2531 1129 2590 allidet
1143 2550 1266 2590 manum
1281 2537 1363 2593 Moab
1378 2538 1409 2595 in
1425 2540 1536 2599 vomitu
1551 2560 1605 2601 soc

100 2616 131 2665 et
146 2610 231 2666 eritis
244 2609 328 2681 quasi
343 2624 370 2663 m
394 2608 453 2664 rice
467 2607 497 2663 in
512 2608 636 2664 deserto.
663 2680 667 2687 r
983 2604 1082 2687 eterit
1097 2604 1127 2660 in
1142 2604 1273 2663 derisum
1288 2611 1377 2666 etiam
1392 2611 1466 2682 ipsa.
1608 2587 1616 2615 ’

57 2685 121 2738 Pro
139 2697 174 2737 eo
189 2680 268 2736 enim
283 2680 361 2754 quod
374 2625 506 2736 babuisti
522 2679 705 2754 fiduciamjn
721 2680 892 2737 munitioni·
924 2699 926 2705 ·
947 2677 1015 2733 Fuit
1030 2675 1109 2731 enim
1126 2675 1177 2732 tibi
1194 2677 1223 2733 in
1239 2678 1370 2735 derisum
1386 2681 1486 2748 lsrael,

139 2754 208 2818 bue,
224 2758 252 2808 at
266 2752 296 2808 in
312 2750 459 2807 thesauris
474 2750 546 2821 tuis,
982 2748 1067 2820 quasi
1083 2746 1160 2803 inter
1176 2748 1254 2804 tures
1269 2752 1430 2822 reperisses
1444 2770 1511 2809 eum
1529 2769 1536 2810 r

100 2828 137 2879 tu
152 2838 272 2896 quoque
286 2823 411 2906 capieris
428 2839 436 2877 ε
948 2821 1068 2892 Propter
1081 2819 1246 2890 vcrbaergo
1260 2825 1388 2894 tuaquae
1402 2825 1543 2882 adversus
1559 2828 1643 2884 illum
1654 2829 1770 2888 locutus

57 2900 99 2952 Et
116 2895 173 2950 ibit
188 2896 313 2951 Cbamoe
328 2911 357 2950 in
372 2893 674 2965 transmigrationem,
982 2908 1024 2962 cs,
1040 2888 1173 2972 captivus
1188 2890 1313 2948 duceris.

100 2968 273 3023 sacerdotes
288 2967 363 3035 ejus,
379 2970 409 3021 et
424 2964 572 3038 principes
586 2967 651 3037 ejus
666 2966 767 3024 simul.
947 2963 1115 3034 Relinquite
1128 2961 1304 3031 civitatee,et
1318 2964 1446 3024 habitate
1461 2970 1491 3025 in
1507 2975 1599 3044 petra,
1616 2972 1768 3031 habitato-

63 3039 101 3095 Et
117 3038 217 3094 veniet
229 3039 327 3110 prado
342 3038 378 3092 ad
394 3052 509 3092 omnem
524 3037 639 3109 urbem,
908 3062 930 3130 c
1018 3050 1065 3089 ree
1081 3033 1165 3089 Moab
1181 3051 1189 3090 :

99 3115 132 3166 et
145 3110 215 3165 urbs
231 3108 311 3165 nulla
325 3108 487 3165 salvabitur
504 3125 510 3165 :
985 3110 1014 3161 et
1024 3109 1117 3162 astute
1128 3105 1215 3178 quasi
1231 3104 1532 3172 columbanidillcsns
1546 3114 1577 3171 in
1592 3133 1710 3173 summo
1723 3132 1772 3174 ore

61 3182 100 3238 Iit
117 3180 226 3263 peribit
238 3179 335 3263 vallis,
350 3188 377 3236 et
392 3181 617 3262 dissipabuntur
630 3180 808 3254 campestria
824 3195 831 3238 ε
1014 3174 1182 3260 foraminis.
1245 3249 1252 3261 ·

58 3252 574 3394 atttttlitlfftttltin
589 3322 779 3395 egicani„
946 3249 1304 3402 *littlittttttltt
1319 3256 1413 3322 ⁵¹⁰⁸b·

97 3402 129 3454 et
143 3394 277 3453 civitates
293 3395 358 3477 ejus
372 3395 495 3451 desertas
509 3398 606 3460 erunt,
622 3399 651 3451 et
674 3394 892 3452 inhabitabiles.
947 3391 1164 3448 Sublimitatem
1179 3393 1254 3464 ejus,
1269 3398 1299 3450 et
1312 3398 1520 3470 arrogantiam,
1537 3404 1566 3457 et
1590 3403 1758 3475 superbiam

55 3465 251 3535 Maledictus,
268 3483 320 3538 qui
334 3466 405 3522 iacit
422 3481 497 3539 npue
512 3465 628 3522 Domini
645 3465 843 3523 fraudolenter
858 3467 866 3503 ¹
883 3484 891 3524 :
1018 3468 1047 3520 et
1061 3462 1250 3521 altitudinem
1266 3466 1363 3523 cordis
1379 3469 1471 3527 iltius.
1763 3447 1771 3474 ’

97 3546 131 3597 et
157 3537 347 3609 maledictus,
374 3536 425 3609 qui
452 3537 587 3610 probibet
610 3536 741 3610 gladium
766 3555 893 3596 souma
946 3535 1005 3609 Ego
1021 3535 1092 3602 scio,
1109 3535 1150 3590 ait
1173 3534 1328 3606 Dominus,
1349 3538 1524 3611 jactantiam
1542 3545 1607 3617 ejus
1624 3564 1631 3602 :
1647 3551 1676 3603 et
1690 3547 1769 3618 quod

136 3626 191 3667 san
216 3609 295 3666 aine.
1018 3622 1076 3662 uon
1091 3605 1132 3662 sit
1142 3606 1225 3676 juxta
1239 3623 1302 3664 eam
1317 3609 1501 3684 virtusejus,
1517 3632 1571 3673 nec
1581 3619 1668 3689 juxta
1691 3619 1768 3689 quod

58 3682 185 3739 Fertilis
194 3626 253 3737 §uit
267 3679 351 3762 Moab
366 3678 616 3761 abtadoleecentia
630 3696 696 3749 sua,
1016 3682 1130 3750 poterat
1145 3683 1247 3734 conata
1262 3679 1301 3735 sit
1315 3681 1420 3738 iecere.

95 3758 127 3809 et
143 3752 293 3823 requievit
307 3769 339 3808 in
354 3748 476 3807 leuibus
493 3749 555 3807 suis
571 3766 579 3808 ε
945 3748 1012 3805 ldeo
1026 3765 1116 3820 super
1128 3749 1211 3804 Moab
1222 3751 1349 3821 eJ'utabu,

57 3824 123 3882 Nec
138 3823 312 3880 transfusus
326 3826 371 3881 est
385 3823 420 3878 de
432 3838 501 3878 vaes
514 3822 543 3878 in
556 3837 619 3890 vas,
981 3825 1009 3876 et
1025 3820 1061 3875 ad
1078 3820 1161 3875 Moab
1176 3821 1344 3877 universam
1361 3823 1506 3892 clamabo,

97 3902 129 3952 st
144 3897 176 3951 in
192 3892 480 3966 transmigrationem
498 3909 556 3949 nou
572 3892 667 3949 abiit:
982 3892 1017 3947 ad
1033 3891 1111 3947 virus
1129 3891 1205 3947 muri
1220 3891 1319 3949 tlctilie
1334 3893 1541 3954 lamentantes.

63 3967 182 4025 idcireo
197 3965 361 4040 permansit
372 3969 477 4038 gustus
490 3966 556 4037 ejus
568 3964 599 4021 in
614 3980 658 4031 eo,
946 3962 986 4019 De
1001 3961 1120 4034 planctu
1133 3962 1219 4019 iazer
1236 3963 1357 4035 plorabo
1372 3965 1436 4036 tibi,
1453 3969 1538 4026 vinea
1548 3971 1672 4029 sabama
1690 3989 1698 4029 :

100 4038 221 4096 stodor
235 4038 300 4108 ejus
316 4053 374 4093 nun
389 4041 435 4094 eet
448 4036 629 4093 immolatus.
983 4032 1160 4106 propagines
1174 4039 1233 4091 tusa
1245 4036 1425 4094 transierunt
1439 4056 1530 4111 mare,

63 4115 229 4184 Propterea
241 4124 308 4166 ecce
321 4108 385 4164 dies
399 4107 527 4174 venient,
543 4112 571 4164 et
586 4106 657 4163 dicit
672 4106 814 4164 Dominus
830 4122 837 4162 :
982 4120 1078 4177 usqua
1093 4105 1129 4161 ad
1145 4121 1228 4162 mare
1240 4106 1326 4164 iazer
1340 4116 1536 4180 pervenerunt
1552 4129 1559 4169 :

100 4188 133 4240 et
146 4181 299 4309 irtiisttteomei
311 4177 891 4251 ordinatoree,stratureslaguncularum,
946 4182 1039 4259 Super
1057 4191 1183 4303 mizffi
1209 4185 1289 4236 tuam
1305 4183 1334 4237 et
1347 4179 1525 4241 vindemiam
1549 4190 1644 4256 tuam,
1674 4186 1772 4258 predo

137 4269 155 4309 e
231 4258 397 4308 rneoteum
1018 4264 1115 4303 irrui.

100 4329 132 4381 et
145 4340 219 4381 vasa
233 4325 299 4396 ejus
313 4292 495 4404 exbaii'rient,
948 4318 1050 4376 Ablata
1064 4323 1109 4375 eet
1124 4318 1224 4376 latitia
1238 4323 1267 4378 et
1281 4321 1436 4382 exsultatio
1459 4326 1496 4384 ds
1517 4326 1671 4385 charmelo
1695 4331 1725 4385 et
1738 4327 1774 4384 de

99 4394 154 4453 eti
194 4411 266 4453 enas
281 4409 382 4451 aurum
397 4393 548 4450 collident.
1020 4397 1098 4448 terra
1108 4390 1202 4458 Moab,

62 4468 98 4523 Et
112 4483 170 4523 con
187 4467 335 4523 vindentur
350 4464 434 4522 Moab
449 4481 466 4521 a
480 4463 618 4531 chamos,
910 4441 934 4509 Β
984 4467 1012 4518 et
1026 4461 1127 4518 vinum
1142 4462 1177 4518 de
1192 4463 1387 4522 torcularibus
1404 4466 1512 4524 sustuli
1529 4485 1536 4524 τ

99 4539 182 4596 sicut
195 4537 319 4595 contusa
332 4541 379 4593 eet
391 4537 498 4593 domus
512 4534 602 4593 lsrael
616 4550 635 4591 a
649 4534 793 4607 Bstbel,in
804 4548 894 4607 quam
984 4550 1174 4606 nequaquam
1189 4532 1316 4593 calcator
1341 4554 1401 4594 uva
1416 4539 1538 4597 solitum
1554 4540 1689 4599 celeuma
1702 4557 1775 4600 can·

138 4609 269 4666 babebat
284 4608 435 4678 fiduciam,
1019 4605 1104 4662 tabit.

63 4681 223 4749 Quomodo
237 4679 335 4738 dicitis
353 4695 360 4734 ι
455 4757 456 4760 ¹
949 4676 989 4733 De
1001 4675 1130 4732 clamore
1144 4676 1258 4734 Dsebcn
1274 4695 1369 4753 usque
1384 4681 1490 4753 lileals,
1504 4687 1534 4739 ct
1547 4684 1778 4752 Jaaa,dederuut

101 4753 207 4809 Fortes
222 4753 378 4817 romanet
392 4749 448 4806 viri
464 4748 579 4806 robusti
592 4748 629 4806 ad
644 4746 860 4821 preliandum?
1020 4762 1120 4805 vocem
1135 4764 1234 4811 suam.

65 4823 193 4881 vastata
207 4827 253 4879 ast
267 4821 364 4891 Moab,
949 4824 974 4876 Α
990 4818 1081 4892 Segur
1096 4835 1190 4891 usque
1205 4820 1242 4876 ad
1258 4821 1407 4893 Dronaim,
1423 4823 1515 4882 vitula
1534 4830 1727 4885 conternante
1741 4828 1753 4863 ⁸
1768 4842 1776 4885 r

102 4901 133 4953 et
148 4894 283 4952 civitates
298 4893 380 4950 illius
394 4892 590 4949 ascenderunt
606 4890 670 5020 ist
684 4888 897 4974 succiderunt),
986 4907 1069 4963 aque
1080 4906 1198 5020 uocaus
1212 4892 1344 4950 Nemrim
1357 4897 1494 4966 pessime
1508 4903 1597 4955 arunt
1612 4916 1620 4955 ε

140 4969 172 5024 et
186 4964 270 5023 electi
281 4965 406 5038 juvenes
420 4964 604 5036 ejusdesceu
626 4966 713 5020 arunt
725 4962 756 5019 in
773 4976 896 5020 occisio·
951 4962 1129 5088 Etauteralm
1164 4963 1286 5032 altuab,
1307 4964 1350 5023 ait
1375 4966 1529 5040 Dominus,
1554 4969 1723 5028 offerentem
1747 4969 1778 5025 in

142 5053 236 5095 nem:
1022 5049 1157 5104 exaesis,

104 5250 334 5326 ¹storipturas
357 5247 486 5307 Cononis
510 5247 580 5306 ileb.
595 5262 656 5304 ver.
670 5247 849 5305 addiderunt
863 5246 899 5304 de
954 5245 1121 5305 Colbertino
1148 5246 1309 5320 aniciensi,
1332 5249 1384 5322 qui
1407 5255 1524 5309 sextum
1548 5252 1655 5310 retinet
1678 5268 1781 5311 casum

64 5342 124 5383 suo
136 5324 220 5382 aliud
235 5321 422 5390 adverbium,
437 5319 575 5377 deaida'ore
589 5318 794 5391 scilicet,qucd
809 5333 899 5379 mauu
955 5334 1023 5377 eum
1038 5317 1164 5391 Vulgata
1184 5320 1286 5378 utine
1300 5326 1411 5392 nostra,
1428 5328 1462 5380 ut
1476 5323 1514 5381 ait
1534 5339 1652 5394 mneos,
1666 5341 1684 5380 u
1698 5323 1783 5396 Sapor

65 5394 230 5455 monitori
257 5410 293 5453 su
348 5392 480 5466 positum
506 5392 595 5449 etism
620 5391 766 5463 reperitur
783 5388 814 5448 iii
842 5406 899 5447 ms.
956 5391 1044 5449 vitius
1059 5394 1242 5448 mercimonia
1262 5408 1349 5467 capae
1362 5393 1403 5451 ud
1425 5393 1564 5464 oroncim,
1579 5394 1610 5451 id
1632 5392 1712 5452 enim
1728 5412 1781 5451 no-

66 5468 174 5527 eodice
201 5467 275 5524 corb
304 5466 381 5535 enai,
408 5478 491 5521 num.
508 5463 552 5519 12.
575 5464 610 5520 it
637 5478 710 5521 msa.
735 5461 844 5534 Regius
872 5464 902 5519 et
956 5460 1045 5519 minis
1057 5465 1086 5518 et
1101 5460 1308 5532 appellationis
1323 5464 1436 5521 obtinet
1450 5464 1540 5537 Segor
1557 5482 1617 5522 non
1632 5465 1783 5530 manaim,

66 5537 261 5598 Golbartinus
274 5535 443 5619 aniciensis
458 5550 564 5607 purum
580 5534 820 5591 babentsacrum
834 5548 901 5589 con·
957 5532 1025 5591 lsai.
1041 5549 1106 5614 cap.
1122 5547 1169 5589 xv.
1181 5533 1284 5615 'Latini
1298 5539 1396 5591 tamen
1416 5536 1510 5593 versio
1534 5511 1675 5608 Dagnins,
1693 5552 1783 5609 quam

66 5616 188 5670 textum
203 5610 268 5667 aine
282 5607 335 5667 teli
350 5607 562 5665 additamento.
579 5604 674 5663 Miar.
957 5608 1062 5662 vocant
1088 5602 1320 5675 interlinearem,
1348 5607 1483 5663 eamdem
1513 5606 1601 5663 habet
1629 5608 1785 5666 lectionem

103 5682 260 5741 'vitatam
278 5676 555 5749 momentaneis
579 5673 903 5753 quartucssuiegunt
958 5676 1056 5749 quarti
1071 5688 1169 5744 casus,
1185 5677 1304 5735 uitulum
1329 5681 1547 5748 maternitatem,
1562 5681 1642 5751 quod
1658 5697 1713 5739 aua
1726 5694 1789 5739 non

68 5752 258 5827 exemplaria
281 5748 410 5810 &noxie
425 5764 460 5808 ac
480 5764 554 5808 mse.
569 5763 684 5821 ompes,
700 5764 759 5807 uno
782 5748 903 5821 excepto
958 5748 1039 5829 parat
1052 5743 1271 5821 probabilitate.
1287 5748 1383 5811 Maur.
