3870 6120
113 235 185 293 1013
686 232 794 296 aissa
811 230 1023 298 azucuiaiis
1042 244 1251 300 unornane.
1754 250 1825 310 iuri

148 369 178 421 et
192 363 360 435 disperdam
377 380 445 420 euin
462 365 499 420 de
514 366 610 422 medio
624 364 726 439 populi
740 366 799 424 mci
816 385 824 425 ι
956 368 1077 438 Μίιρ.
1095 367 1161 441 XV).
1178 370 1212 425 Et
1225 369 1319 426 laetus
1340 373 1384 425 est
1404 386 1500 427 sermo
1515 371 1628 429 Domini
1649 374 1684 430 ad
1707 392 1764 445 me,
1778 378 1823 434 di·
1908 426 1912 431 .

151 440 179 491 et
193 433 293 491 scietis
308 435 379 506 quia
392 452 443 506 ego
460 437 615 493 Dominus.
635 499 637 503 ,
1035 455 1115 505 cens,

114 508 149 563 ut
164 507 308 580 propbeta
322 523 390 563 cum
414 508 566 575 erraverit,
581 513 611 566 et
634 508 752 566 locutus
775 508 864 566 luerit
878 527 942 567 ver·
996 509 1050 566 Fili
1067 511 1207 579 bominis,

187 579 279 635 bum:
1033 583 1102 657 quid
1121 583 1169 638 liet
1190 581 1268 653 ligno
1283 583 1338 652 (Al.
1356 585 1391 640 dc
1405 584 1495 657 ligno)
1511 585 1579 642 vitis
1596 589 1617 657 ¹,
1632 604 1667 644 ex
1680 590 1820 647 omnibus

148 665 201 721 ego
218 648 359 706 Dominus
374 649 475 722 decepi
493 651 666 721 prophetam
681 650 765 707 illum
783 669 790 707 ι
1070 654 1396 727 lignisnernorumqon
1408 664 1476 713 sunt
1488 658 1567 712 inter
1579 659 1820 730 lignasilvorum?

107 722 145 778 Et
159 723 315 777 extendam
333 738 453 778 manum
472 739 567 778 merui
582 740 672 795 super
690 723 786 787 illum,
996 725 1135 797 Nunquid
1151 724 1269 780 tolletur
1283 727 1319 783 de
1334 743 1368 781 ea
1381 726 1506 797 lignum,
1521 733 1554 784 ut
1568 730 1619 787 liat
1633 747 1729 803 opus,

145 797 174 848 et
189 793 292 849 delebo
307 810 375 849 eum
391 794 537 851 demedio
554 794 654 866 populi
672 795 728 850 mei
746 793 846 850 lsrael.
1032 813 1083 853 aui
1099 796 1289 853 fabricabitur
1303 799 1338 854 de
1352 814 1386 854 aa
1406 798 1544 871 paxillus,
1560 806 1592 857 ut
1608 803 1814 874 dependentia

108 865 144 920 lit
160 866 322 934 portabunt
337 864 524 936 iniquitatem
540 882 626 921 suam
645 884 652 923 :
1066 883 1099 924 ce
1115 868 1311 941 quodcunque
1326 868 1399 925 vas?

140 937 226 1006 juria
256 936 439 1008 iniquitatem
470 936 690 1010 interrogantis,
722 936 765 994 sic
793 936 938 1010 iniquitas
995 938 1068 996 Ecce
1082 940 1143 1012 igni
1155 941 1256 996 datum
1270 945 1314 996 est
1328 940 1357 995 iu
1373 956 1494 997 escam:

183 1008 332 1080 prophetoe
347 1009 403 1063 erit
420 1025 426 1063 :
1031 1015 1188 1082 utramque
1201 1016 1313 1083 partem
1326 1012 1389 1083 ejus
1404 1013 1588 1086 consumpsit
1602 1013 1688 1140 ipris,

108 1077 144 1135 Di
159 1096 219 1134 nou
236 1083 313 1135 erret
333 1078 411 1135 ultra
433 1078 486 1151 (ill.
503 1083 556 1135 tue.
574 1078 662 1151 ultra)
687 1080 793 1136 domus
816 1082 906 1139 lsrael
922 1101 940 1139 a
1031 1088 1059 1139 et
1075 1084 1214 1140 medietas
1229 1084 1293 1155 ejus
1308 1084 1425 1140 redacta
1441 1088 1486 1140 est
1500 1084 1530 1139 iu
1546 1084 1613 1140 lavil
1627 1103 1694 1143 am:

147 1167 208 1217 me,
1030 1156 1165 1226 nunquid
1182 1155 1254 1211 utile
1267 1153 1322 1210 crit
1337 1155 1373 1210 ad
1389 1153 1486 1228 opus?

146 1237 244 1293 neque
257 1219 407 1292 polluatur
423 1223 453 1278 in
479 1220 624 1279 universis
649 1223 938 1294 prevaricationibus
994 1225 1089 1283 Etiam
1101 1242 1167 1282 curii
1179 1227 1489 1298 essetintegrum,non
1500 1230 1589 1283 erata
1612 1231 1674 1284 tum
1687 1227 1722 1284 ad
1735 1245 1820 1300 opus:

185 1294 272 1351 suis:
1030 1303 1139 1370 quanto
1162 1298 1258 1370 magis
1286 1314 1354 1354 cuin
1376 1298 1454 1370 ignis
1482 1296 1554 1353 illud
1585 1243 1775 1368 devoraverit,
1792 1308 1821 1357 et

145 1366 197 1421 scd
215 1364 275 1419 sint
291 1363 363 1419 mibi
381 1364 410 1419 iii
427 1362 593 1436 populum,·
1065 1369 1272 1435 combusserit,
1288 1368 1361 1424 nibil
1377 1386 1412 1425 ea
1426 1386 1459 1425 eo
1474 1368 1523 1425 fiet
1537 1370 1658 1442 operis?

143 1442 173 1491 et
187 1452 241 1509 ego
257 1435 310 1490 sim
328 1435 411 1492 eisin
430 1440 530 1500 Deum,
994 1439 1149 1511 Propterea
1162 1440 1224 1496 hcc
1239 1440 1310 1496 dicit
1322 1440 1466 1497 Dominus
1480 1440 1557 1497 Deus
1572 1457 1579 1496 :

144 1509 187 1563 ait
205 1506 345 1563 Dominus
361 1507 554 1562 exercituum.
993 1513 1145 1578 Quomodo
1160 1512 1273 1584 lignum
1296 1512 1363 1567 vitis
1377 1512 1454 1569 inter
1469 1511 1548 1585 ligna
1571 1510 1722 1583 silvarum,
1738 1515 1816 1587 quod
1882 1530 1885 1537 ·

104 1580 141 1635 Et
157 1582 253 1634 factus
269 1584 314 1633 est
328 1596 425 1635 serino
439 1579 556 1636 Domini
570 1581 606 1636 ad
622 1596 680 1651 me,
696 1579 820 1637 diceus:
1065 1583 1131 1639 dedi
1147 1584 1207 1654 igni
1224 1583 1260 1639 ad
1276 1584 1485 1639 devorandum.

107 1651 163 1707 Fili
182 1650 319 1717 hominis,
1027 1654 1070 1711 sic
1086 1655 1192 1710 tradidi
1219 1655 1272 1726 (oi.
1290 1656 1416 1721 tradam)
1440 1654 1620 1711 habitatores
1639 1654 1816 1712 Jerusalem.

142 1727 224 1778 terra
239 1738 306 1777 oum
323 1721 484 1794 peccaverit
499 1721 582 1791 inihi,
600 1728 630 1778 ut
645 1721 853 1795 prevaricator
863 1741 936 1796 prm·
950 1743 975 1810 B
991 1728 1027 1783 ut
1041 1742 1149 1798 ponam
1165 1725 1268 1783 faciem
1285 1743 1380 1783 meam
1396 1727 1425 1783 iu
1440 1742 1511 1784 eos:

180 1794 326 1861 varicaus,
1026 1798 1063 1854 de
1077 1797 1145 1869 igue
1159 1798 1355 1871 egredientur,
1371 1803 1401 1854 et
1415 1798 1492 1872 ignis
1507 1800 1660 1855 consumet
1672 1813 1733 1855 eos.

145 1866 303 1921 extendam
320 1880 442 1920 manum
464 1881 559 1921 meam
584 1865 935 1949 [Al.tcc.meom]super
988 1868 1451 1941 ittscietisquiaegoDominus.
1564 1882 1568 1890 ·

181 1953 258 2001 eam,
272 1942 301 1993 et
315 1941 464 1993 conteram
480 1938 590 2010 virgam
606 1954 691 2010 panis
706 1951 770 2007 ejus
786 1952 794 1992 ε
1024 1957 1093 1997 cuin
1129 1957 1233 1997 asuero
1249 1940 1351 1997 laniem
1368 1956 1464 1997 meam
1479 1940 1508 1995 in
1524 1956 1585 2013 sos,

104 2008 142 2064 lit
158 2008 319 2064 immittam
335 2008 364 2063 in
378 2024 442 2064 earn
457 2007 576 2080 lameci,
1025 2017 1054 2069 et
1068 1958 1174 2068 dolero
1188 2019 1297 2067 terrain
1313 2011 1419 2067 inviam
1435 2015 1464 2068 et
1478 2011 1648 2079 desolatam,
1735 2078 1737 2083 ,

104 2085 136 2134 et
152 2080 326 2136 interficiam
342 2080 377 2135 de
392 2096 425 2135 eo
440 2080 587 2136 bominem
604 2083 633 2135 et
643 2078 815 2150 jumentum
1024 2100 1057 2140 eo
1072 2084 1150 2154 quod
1166 2083 1399 2155 prevaricatores
1409 2082 1659 2150 exstiterint,dicit
1670 2084 1810 2140 Dominus

106 2153 143 2207 Et
159 2152 185 2207 si
201 2152 310 2207 luerint
324 2155 383 2208 tres
397 2151 452 2206 viri
469 2151 518 2209 isti
534 2152 564 2208 iu
580 2152 677 2208 medio
690 2151 765 2223 ejus.
1059 2155 1147 2223 Deus.

104 2223 178 2292 Noe,
194 2223 306 2290 Daniel,
323 2228 353 2279 ct
367 2222 423 2279 Job
441 2240 447 2279 :
988 2225 1067 2298 (Gap.
1082 2224 1144 2283 llVl
1159 2226 1191 2287 ²).
1207 2225 1411 2282 attentasset
1434 2240 1531 2282 sermo
1555 2223 1670 2281 Domini
1694 2224 1732 2281 ad
1753 2242 1812 2296 me,

143 2295 202 2367 ipsi
215 2294 333 2365 ‚justitia
348 2311 403 2349 sua
413 2290 710 2367 liberabuutjonimas
726 2309 808 2365 suaa,
821 2292 863 2350 ait
879 2296 933 2351 Do·
1060 2297 1161 2354 dicens
1176 2314 1183 2353 :

182 2366 280 2422 minus
296 2366 487 2422 exercituum.
990 2367 1044 2424 Fili
1059 2368 1199 2434 hominis,

106 2438 190 2504 Quod
204 2438 227 2494 si
241 2442 269 2494 et
281 2438 390 2495 bestias
401 2437 546 2510 pessimas
561 2428 703 2493 induxero
715 2440 933 2509 superterram,
1025 2446 1111 2498 notas
1126 2440 1172 2496 sac
1184 2436 1346 2496 Jerusalem
1363 2436 1598 2495 abominationes
1611 2454 1683 2496 suas
1699 2456 1706 2496 :

181 2513 215 2564 ut
229 2514 340 2565 vastem
358 2525 434 2580 eam,
1025 2516 1055 2567 et
1069 2513 1149 2568 dices
1165 2525 1173 2565 ι

143 2585 173 2637 et
188 2581 275 2636 luerit
290 2580 378 2649 invia,
392 2597 426 2636 eo
441 2578 520 2652 quod
536 2596 594 2637 nou
608 2578 647 2635 sit
660 2578 859 2653 pertransiens
869 2596 936 2654 pro·
990 2585 1057 2638 Haec
1072 2582 1143 2638 dicit
1157 2581 1300 2638 Dominus
1316 2585 1390 2637 Deus
1406 2579 1570 2637 Jerusalem
1586 2595 1594 2636 ι

181 2657 246 2724 pter
260 2653 369 2708 bestias
387 2669 393 2707 :
937 2696 939 2701 .
992 2654 1083 2711 lladir
1098 2657 1150 2708 tua
1163 2658 1192 2707 et
1206 2652 1355 2723 genoratio
1368 2654 1420 2708 tua
1434 2651 1469 2707 de
1483 2656 1560 2707 terra
1574 2650 1740 2709 Gbonanaa
1754 2669 1761 2709 :

144 2725 175 2778 et
191 2728 252 2779 tres
268 2723 321 2778 viri
339 2723 388 2778 isti
403 2721 513 2779 luerint
528 2720 558 2777 in
574 2737 629 2791 ea;
1027 2729 1110 2798 pater
1127 2729 1197 2779 tuus
1211 2723 1411 2792 Amorrhaeus,
1422 2726 1451 2779 et
1466 2725 1626 2797 mater-tua
1639 2720 1777 2780 Hettbnsa.

104 2794 180 2851 Vivo
196 2810 260 2869 ego,
276 2794 348 2851 dicit
362 2795 507 2851 Dominus
524 2797 610 2860 Deus,
990 2797 1026 2853 itt
1041 2796 1156 2866 quando
1172 2803 1240 2850 nata
1255 2811 1296 2860 es,
1313 2793 1342 2848 io
1359 2793 1405 2855 die
1420 2797 1503 2850 ortus
1517 2791 1573 2860 tui,

105 2939 126 2994 s
144 2865 216 2992 (piata
232 2866 387 2993 necllliliolp,
405 2882 456 2992 nge
471 2863 548 2990 sitlias
563 2863 732 2921 liberabunt
750 2880 757 2922 ι
1027 2884 1084 2996 otoo
1100 2873 1145 2923 est
1160 2862 1570 2992 pracigugsffgititiiglcigzltlifflss

129 2954 145 2993 o
187 2954 244 3008 ipsi
260 2954 314 2993 soi
342 2954 421 2993 iera
444 2953 483 2991 un
500 2953 545 3006 ur,
1026 2954 1244 3010 einaquano
1572 2973 1580 3004 ‚

142 3014 223 3065 terra
236 3015 336 3064 autem
352 3007 544 3065 desolabitur.
1028 3027 1081 3067 uec
1096 3008 1157 3066 sale
1173 3008 1270 3078 salita,

105 3080 161 3137 Vel
177 3080 203 3135 si
218 3080 352 3152 gladium
367 3080 508 3136 induxero
523 3081 733 3151 superterram
749 3075 878 3151 illam‚et
892 3079 934 3135 di·
1027 3099 1079 3139 nee
1094 3080 1225 3137 involuta
1240 3079 1356 3152 pannis.
1660 3145 1665 3157 ‚
1691 3145 1698 3157 .
1904 3144 1912 3153 ,

181 3167 250 3207 xero
265 3152 363 3224 gladio
380 3170 387 3209 ε
950 3114 973 3183 c
991 3153 1054 3211 Non
1071 3154 1200 3279 pepercit
1213 3168 1303 3223 super
1316 3154 1345 3207 te
1359 3147 1514 3234 conluunt
1528 3148 1636 3205 iaceret
1645 3145 1699 3202 tibi
1718 3160 1812 3202 uuum

144 3223 463 3294 Transiperterram:
1062 3228 1098 3280 de
1135 3225 1170 3290 is,
1188 3223 1328 3280 misertus
1342 3226 1410 3278 tui:
1734 3278 1741 3289 ,

143 3295 180 3351 Et
194 3294 367 3351 interfecero
383 3296 418 3350 da
433 3309 467 3349 es
482 3292 644 3358 homiuem,
661 3294 690 3347 et
699 3291 870 3362 jumentum
886 3310 894 3362 ;
909 3297 938 3350 et
1026 3297 1076 3352 sed
1091 3296 1220 3369 proiecta
1233 3307 1265 3351 es
1280 3309 1369 3420 ⁸⁰59?
1383 3291 1488 3349 taciem
1502 3294 1586 3346 terra
1600 3288 1632 3347 in
1652 3282 1815 3361 abjectione

182 3366 310 3422 tresviri
327 3363 376 3421 isti
393 3364 502 3421 luerint
516 3365 545 3419 iii
562 3363 657 3419 medio
673 3363 738 3433 elus
755 3380 761 3418 :
1062 3368 1168 3424 enimae
1183 3372 1251 3435 tun,
1267 3366 1298 3421 in
1333 3380 1359 3421 ie
1374 3379 1434 3437 qus
1448 3364 1518 3419 nata
1532 3378 1573 3418 es.

106 3437 180 3493 Vivo
196 3453 212 3493 e
233 3454 260 3507 o,
277 3437 348 3493 dicit
363 3436 508 3494 Dominus
522 3436 612 3502 Deus,
990 3439 1150 3496 Transiena
1164 3442 1265 3494 autem
1280 3433 1502 3510 porcaritias
1517 3426 1681 3490 conculcari
1696 3428 1727 3485 lii
1743 3444 1813 3486 seii-

145 3453 750 3585 nonlibcrabuntlilios,nequefilias:'
1063 3510 1225 3593 guinetuo.
1366 3576 1372 3589 ι
1509 3573 1515 3586 .
1688 3570 1694 3582 ,

145 3579 198 3636 sed
214 3579 270 3651 ipsi
287 3581 342 3636 soli
358 3579 573 3635 liberabuntur.
991 3581 1027 3637 Et
1040 3581 1101 3636 dini
1117 3581 1171 3637 tibi
1185 3595 1254 3636 oum
1269 3593 1349 3635 asses
1364 3593 1395 3633 in
1411 3590 1555 3658 sanguiue
1569 3577 1620 3629 tuo
1636 3570 1741 3655 avire.

105 3652 136 3707 si
151 3657 251 3708 autem
269 3657 298 3708 et
321 3652 522 3724 pestilentiam
547 3647 697 3705 immisero
724 3654 937 3720 superterram
1028 3652 1104 3716 Diri,
1117 3651 1251 3724 inquam,
1267 3649 1319 3705 tibi
1336 3664 1343 3703 ι
1360 3647 1391 3703 In
1408 3660 1550 3728 sauguiiie
1565 3649 1615 3727 tup
1630 3656 1701 3697 uve.

185 3722 279 3794 illam,
992 3722 1216 3796 Multipiioatam
1232 3720 1317 3793 quasi
1331 3733 1449 3791 germen
1465 3730 1528 3798 agri
1541 3714 1608 3770 dedi
1618 3716 1646 3768 te
1661 3728 1669 3768 :

146 3799 177 3850 et
192 3795 320 3850 effudero
344 3792 577 3867 indignationem
603 3806 697 3848 meam
715 3806 803 3861 super
827 3806 891 3846 eam
908 3792 937 3847 iii
1028 3800 1055 3850 et
1072 3793 1265 3866 multiplicata
1280 3806 1321 3857 aa,
1336 3792 1366 3844 et
1380 3785 1500 3860 grandis
1514 3782 1626 3858 eliceto,
1680 3846 1688 3863 .

114 3883 119 3891 ·
185 3865 390 3938 sanguinent
413 3864 544 3921 auferam
559 3879 594 3918 ex
615 3878 650 3918 eo
672 3861 824 3918 hominem
850 3862 940 3933 etju-
1029 3865 1244 3937 etingressoes‚
1260 3848 1808 3933 pervenistiadmuudummuliebremr

186 3943 345 3993 mentum:
993 3937 1088 3994 Ubera
1101 3942 1154 3991 tua
1165 3934 1361 4000 intumsrunt,
1403 3999 1409 4012 ι

112 4009 147 4063 Et
164 4008 234 4075 Noe,
250 4013 277 4064 et
294 4007 405 4075 Daniel,
421 4011 450 4062 et
464 4006 518 4062 Job
535 4002 644 4061 luerint
658 4004 688 4059 in
705 4003 801 4060 medio
814 4005 901 4076 rjus:
1028 4011 1057 4064 et
1073 4006 1150 4078 pilus
1165 4010 1235 4061 tuus
1250 4000 1435 4083 germinavit,

109 4079 184 4134 Vivo
200 4096 265 4152 ego,
282 4080 353 4135 dicit
367 4079 510 4134 Dominus
525 4078 613 4144 Deus,
1028 4083 1058 4136 et
1072 4094 1137 4134 aras
1152 4077 1231 4133 nuda
1245 4079 1275 4131 et
1287 4072 1459 4154 eoniuspooe
1475 4067 1572 4140 plena.

149 4151 220 4221 quia
236 4150 331 4205 lilium
346 4154 375 4205 et
389 4149 480 4204 liliam
496 4165 554 4204 noii
571 4147 737 4204 liberabunt
752 4161 759 4201 ε
992 4150 1029 4207 Et
1042 4147 1164 4206 transivi
1181 4164 1232 4219 per
1244 4150 1283 4211 ts,
1297 4146 1325 4201 et
1338 4142 1398 4199 vidi
1414 4140 1453 4208 ia,

149 4223 202 4277 sod
219 4223 274 4294 ipsi
288 4220 405 4294 justitia
420 4237 473 4277 sua
488 4219 656 4276 liberabunt
670 4216 785 4273 animas
800 4233 879 4273 suas.
1029 4226 1058 4283 ot
1072 4236 1138 4277 ecce
1151 4224 1273 4298 tempus¹
1283 4219 1379 4280 tuum,
1395 4218 1513 4283 tempus
1528 4204 1696 4265 amantium.

111 4293 260 4360 Quoniam
275 4292 338 4350 bac
353 4292 425 4348 dicit
440 4292 584 4348 Dominus
600 4289 678 4345 Deus
695 4305 702 4344 ι
1028 4290 1063 4348 mv
1076 4290 1201 4363 expandi
1217 4290 1357 4368 amictuum
1371 4298 1470 4339 meum
1485 4279 1628 4352 superte,

111 4364 236 4432 Quodsi
254 4359 780 4435 etquatuorjudiciameapessima,
815 4357 939 4442 lodium,
1029 4360 1198 4443 etoporuii
1220 4358 1488 4439 nominiamtuam,
1791 4413 1796 4425 ,

186 4439 215 4492 et
231 4436 350 4499 laniem,
373 4452 406 4491 ac
422 4434 532 4491 bestias
556 4430 660 4495 maias,
677 4434 706 4486 et
730 4375 939 4512 postllantiani,
994 4434 1029 4491 ut
1039 4436 1138 4506 Jurnvi
1151 4432 1216 4496 tibi,
1232 4433 1261 4485 et
1274 4442 1426 4501 ingressus
1440 4437 1506 4479 sum
1522 4422 1617 4476 tecum
1632 4416 1813 4489 pactum,ait

151 4506 260 4562 misero
274 4508 303 4561 in
319 4505 494 4577 Jerusalem,
509 4510 542 4560 ut
556 4502 727 4560 interficiam
743 4503 779 4558 de
793 4518 828 4558 ea
842 4500 938 4557 bomi·
953 4480 978 4548 D
1064 4502 1205 4560 Dominus
1220 4501 1308 4570 Deus,

188 4594 255 4633 nem
270 4584 299 4633 et
333 4593 422 4634 ecus:
1029 4580 1058 4631 et
1072 4576 1151 4631 iacto
1164 4589 1196 4630 aa
1212 4570 1296 4627 mihi.
1420 4624 1438 4647 ,‚
1543 4616 1580 4645 ,.

148 4651 250 4704 tamen
265 4595 447 4719 millenam
460 4647 490 4702 in
506 4663 540 4703 aa
555 4644 676 4702 salvatio
701 4642 889 4699 educentium
904 4642 940 4698 fi·
995 4646 1030 4702 ut
1044 4644 1102 4703 lavi
1116 4649 1145 4729 ts
1159 4635 1621 4713 aqua,etsmundovisanguinsm
1631 4620 1716 4687 tuum
1727 4642 1762 4683 ex
1772 4629 1812 4696 te,

188 4719 399 4775 liosetlilias:
1030 4714 1274 4774 etunxiteoleo.
1329 4780 1335 4792 ·
1479 4750 1482 4755 -
1584 4771 1591 4786 ,
1703 4750 1746 4780 ι,

111 4796 188 4847 Ecce
204 4790 261 4874 ipsi
276 4791 466 4863 egredientur
480 4790 515 4845 ad
530 4804 592 4858 vos,
634 4856 640 4868 ι
734 4856 741 4869 .
994 4788 1030 4844 ist
1041 4787 1186 4870 vestivite
1200 4780 1405 4864 discoloribus,
1425 4772 1600 4861 etoaloeavi
1610 4762 1639 4830 te
1649 4764 1787 4843 ianthino
1803 4781 1812 4822 ἓ

153 4866 183 4918 et
198 4862 334 4918 videbitis
348 4862 426 4919 viam
441 4877 543 4917 eorurn
558 4865 587 4917 et
594 4856 814 4914 adinventiones
827 4872 940 4924 eorum,
1031 4863 1061 4917 et
1074 4875 1151 4916 cinxi
1164 4862 1194 4915 te
1207 4855 1306 4930 bysso,
1318 4853 1348 4908 et
1361 4849 1444 4915 indui
1459 4850 1488 4932 te
1501 4834 1671 4929 subtilibus·
1747 4906 1755 4920 ο
1780 4886 1806 4917 ,,,

153 4931 436 5061 etJoonsollobimini
460 4947 550 5004 super
573 4929 651 4986 malo
675 4929 753 5001 quod
787 4926 889 4984 induxi
912 4927 941 4981 iii
996 4933 1031 4986 ut
1045 4906 1814 5056 egnaviteoruameutomtdediarmillosinmauibffl

1081 5017 1137 5065 uis,

152 5073 184 5130 iii
200 5021 416 5146 gmuililigfflpue
431 5071 588 5146 importavi
604 5084 781 5142 supeream.
799 5139 801 5143 Ι
1008 5124 1011 5129 ,
1032 5074 1061 5127 et
1075 5075 1210 5154 torquem
1224 5065 1304 5123 circa
1316 5062 1424 5121 collum
1439 5065 1537 5118 tuum.

111 5146 154 5202 ut
169 5147 404 5204 consolabuntur
417 5161 479 5214 vos,
495 5160 562 5201 cum
585 5141 719 5200 videritis
738 5140 816 5198 viam
840 5154 943 5197 eorum
997 5140 1033 5198 itt
1046 5140 1114 5198 dedi
1129 5150 1368 5222 inaursmusupar
1381 5150 1415 5216 os
1429 5136 1527 5201 tuum,

190 5222 220 5274 et
235 5217 457 5275 adinventiones
472 5231 573 5273 eorum
590 5232 598 5274 ε
713 5254 717 5263 ·
1033 5216 1063 5268 st
1076 5210 1202 5271 circulos
1215 5205 1339 5289 auribus
1352 5208 1425 5271 tais,
1460 5273 1467 5286 ν

153 5291 184 5342 et
199 5290 383 5362 cognoscetis
408 5288 485 5360 quod
501 5303 559 5344 non
586 5285 695 5341 frustra
711 5280 829 5341 fecerim
844 5281 945 5340 omnia
1033 5287 1062 5340 et
1076 5298 1214 5340 coronam
1231 5280 1343 5336 decoris
1358 5272 1389 5331 ln
1405 5277 1499 5345 capite
1512 5272 1574 5327 tuo.

192 5377 257 5433 quaa
273 5361 326 5418 leci
341 5360 371 5417 in
387 5376 431 5427 ea,
448 5358 489 5416 ait
502 5357 644 5414 Dominus
659 5355 747 5412 Deus.
997 5353 1033 5410 Εἰ
1047 5358 1149 5411 ornata
1163 5367 1195 5411 es
1210 5367 1281 5408 auro
1296 5353 1326 5406 et
1340 5350 1471 5420 argento,

159 5573 349 5645 'Edittouid
361 5574 408 5645 fiet
420 5572 454 5631 dc
468 5570 546 5639 liparo
559 5572 640 5628 vitis:
656 5566 835 5642 exemplaria
845 5568 943 5627 tamen
1034 5568 1147 5625 ’Notat
1169 5564 1233 5638 ipse
1255 5563 1285 5620 S.
1304 5560 1506 5644 ,Diaronymuus
1522 5550 1575 5609 lib.
1600 5566 1640 5635 ιιΙ
1652 5544 1816 5606 comment

115 5644 249 5701 Cononis
263 5643 429 5703 etuniversi
441 5642 555 5701 codices
568 5658 639 5697 mss.
656 5638 944 5711 lagonniacensis,
999 5638 1029 5694 iu
1045 5636 1233 5705 ezechielem,
1254 5636 1422 5688 vaticinium
1447 5626 1536 5695 limus
1554 5628 1658 5694 ospitis
1673 5633 1731 5683 xvi,
1748 5616 1818 5697 Perre

116 5714 236 5787 absquo
252 5716 311 5773 nlla
327 5714 540 5789 propositione.
557 5714 609 5768 Gai
625 5707 742 5769 lectioni
758 5711 946 5769 consentiunt
998 5723 1084 5781 uicus
1103 5712 1144 5766 od
1167 5708 1345 5764 docueram
1368 5713 1496 5757 verium
1519 5708 1666 5755 sumerum
1689 5688 1817 5749 mendc-

119 5787 342 5847 commentaria
355 5786 451 5846 sancti
464 5784 641 5858 Hieronymi.
653 5783 749 5841 Mser.
998 5783 1087 5836 Mirr.
