3870 6120
109 189 180 249 1115
632 196 661 249 s.
683 195 884 252 uranonrau
902 192 1030 250 orvrna
1046 189 1293 250 ammoneret.
1677 176 1681 183 '
1745 187 1815 245 aare

106 318 143 377 m
157 315 538 387 ruinaeimpiorumerunt:
945 321 1146 395 pantegnum
1160 315 1259 371 veniat
1284 330 1372 387 super
1394 331 1443 373 res
1466 314 1531 372 dics
1555 313 1668 372 laceris
1694 314 1747 386 (lt.
1773 315 1814 374 ira

143 394 172 445 et
187 388 355 459 disperdam
371 387 505 444 hemines
521 405 538 445 a
553 389 626 448 lucie
641 395 734 461 terro,
746 392 932 465 dicitlDomi·
1021 386 1248 461 indignationis)
1263 385 1390 443 Domini.

180 477 245 515 nus.
985 460 1111 528 Quaerite
1127 459 1294 527 Dominum,
1311 475 1413 515 omnes
1429 458 1580 516 mansueti
1595 457 1757 531 tcrrae,qui
1766 457 1809 530 ja·

107 533 143 589 Et
158 531 309 586 extendam
326 546 447 585 nannum
463 546 559 588 meam
575 550 663 604 snper
677 535 797 607 ludam,
1057 531 1168 587 dicium
1183 530 1255 586 estis
1269 531 1398 602 operati:

144 608 173 658 et
187 616 278 671 super
292 618 395 656 ornnes
413 602 579 660 habitantes
594 606 753 662 Jerusalem
767 625 774 663 z
1021 602 1143 674 quaerile
1154 603 1282 674 justum,
1298 601 1419 673 querite
1433 604 1627 657 mansuetum
1640 617 1648 656 ἓ

107 675 142 731 m
158 673 327 744 disperdam
344 672 454 729 deloco
471 674 525 730 boe
540 676 680 748 reliquias
695 677 773 743 Dual,
1021 675 1046 729 si
1062 689 1120 746 que
1140 672 1492 729 medoabscondaminiln
1503 672 1552 728 die
1565 672 1677 729 luroris
1688 670 1808 730 Domini.

143 747 173 799 et
189 744 307 799 nemim
322 745 497 800 aedituorum
514 764 580 802 curn
597 749 817 805 sacerdotibus:
985 746 1060 811 Quia
1075 747 1149 800 Gaza
1165 745 1314 800 destructa
1326 744 1393 811 erit,

107 817 142 872 Et
157 831 207 871 ees
223 814 273 886 qui
288 815 410 871 adorant
424 832 513 888 super
527 823 604 875 tecta
620 820 757 876 militiam
772 820 848 892 cosli,
1020 821 1049 873 et
1063 816 1187 873 Ascalon
1205 815 1234 872 in
1251 817 1414 885 desertum,

143 886 320 953 eluderent,
337 892 365 941 et
376 888 481 959 jurant
495 889 524 943 in
540 890 675 962 Domine,
985 892 1109 944 Azetium
1125 888 1155 943 in
1171 887 1292 943 meridie
1306 886 1432 957 eiicieut,

143 962 172 1012 et
183 957 286 1028 jurant
301 959 329 1013 in
346 958 500 1014 lllelcbom.
1021 964 1050 1016 et
1064 962 1190 1015 accaron
1206 958 1414 1014 eradicabitur.

106 1031 141 1087 m
158 1030 208 1099 qui
224 1034 395 1085 avertuntur
410 1031 445 1085 de
459 1035 526 1103 post
540 1034 656 1103 tergum
673 1032 798 1101 Domini,
986 1032 1030 1088 vn
1042 1030 1090 1101 qui
1100 1029 1239 1086 habitatis
1249 1029 1412 1086 funiculum
1425 1026 1603 1099 managans
1612 1027 1809 1098 perditorum:

142 1108 171 1157 et
187 1100 237 1171 qui
252 1118 310 1226 ηῗιι
326 1102 508 1172 quesierunt
523 1104 680 1161 Dominum
702 1121 754 1161 nec
770 1105 930 1179 investiga·
984 1103 1113 1159 Verbum
1129 1101 1243 1159 Domini
1255 1118 1344 1174 super
1358 1117 1419 1169 ves,
1431 1099 1580 1170 Chanaan,
1591 1104 1675 1155 terra
1688 1098 1811 1155 Philisti·

180 1188 272 1227 veron
301 1188 379 1238 eum,
1056 1190 1174 1238 nerum,

108 1242 199 1300 Silete
214 1261 230 1298 a
245 1244 318 1298 l'acie
333 1243 449 1299 Domini
463 1243 533 1313 Dei;
1021 1250 1049 1302 et
1063 1246 1231 1317 disperdam
1247 1248 1285 1310 tc,
1302 1243 1339 1298 ita
1357 1247 1388 1299 ut
1404 1259 1461 1299 non
1477 1241 1515 1298 sit
1530 1241 1727 1314 inhabitator,

145 1315 214 1386 quia
226 1316 310 1386 juxta
323 1321 368 1371 cst
382 1316 444 1370 dies
459 1316 584 1383 Domini,
986 1317 1020 1374 m
1034 1317 1087 1374 erit
1100 1315 1250 1372 funiculus
1264 1316 1356 1372 maris
1372 1315 1488 1386 requies
1505 1317 1671 1386 pasterum,

145 1386 214 1458 quin
229 1386 402 1470 preparavit
416 1387 558 1443 Dominus
573 1387 710 1459 bestium,
1022 1395 1051 1446 et
1066 1387 1155 1445 caulae
1168 1403 1324 1460 peccorum
1339 1403 1347 1442 ι

110 1457 339 1583 Esanctitieavit
354 1464 472 1515 vocatos
487 1476 568 1516 sues.
985 1459 1248 1588 Etleriitluniculus
1276 1461 1352 1532 ejus,
1383 1456 1434 1530 qui
1458 1455 1639 1514 remanserit
1667 1455 1704 1511 de
1729 1453 1810 1510 dome

134 1529 233 1585 terit:
1040 1550 1056 1588 u
1080 1549 1114 1588 a:

109 1602 141 1656 ln
157 1601 205 1657 die
220 1600 321 1656 hostia
337 1600 464 1670 Domini,
480 1600 605 1659 visitabo
620 1620 709 1676 super
727 1603 888 1678 principes,
903 1611 932 1663 et
986 1603 1026 1660 ibi
1044 1605 1211 1676 pascentur,

181 1687 270 1743 snper
285 1670 360 1728 filios
376 1673 464 1745 regis,
949 1688 973 1753 g
1020 1675 1050 1731 in
1063 1674 1199 1730 dumibus
1213 1672 1367 1730 Ascalonia
1382 1672 1416 1727 ad
1433 1686 1584 1742 vesperam
1602 1669 1803 1743 requiescent:

146 1747 175 1799 et
190 1758 278 1813 super
292 1758 403 1814 omnes,
421 1744 468 1816 qui
486 1744 582 1800 induti
598 1750 667 1802 sunt
678 1751 758 1804 veste
768 1749 931 1821 peregrina:
987 1746 1060 1814 Quia
1074 1746 1206 1801 visitabit
1218 1761 1267 1801 eos
1282 1742 1424 1801 Dominus
1441 1743 1516 1798 Deus
1531 1758 1650 1810 eurum,

110 1813 144 1870 m
158 1815 283 1869 visitabo
299 1831 388 1887 super
403 1832 531 1888 emnem,
548 1817 598 1890 qui
618 1824 788 1892 arroganter
802 1819 931 1894 ingredi·
1023 1823 1051 1874 et
1063 1823 1173 1874 avertet
1185 1815 1383 1888 captivitatem
1398 1830 1511 1881 eorum,

107 1944 110 1949 ,
147 1890 195 1941 tur
987 1889 1091 1946 Audivi
1108 1888 1284 1960 opprobium
1301 1887 1396 1958 bloub,
1412 1891 1442 1943 et
1464 1883 1670 1959 blasphemias
1686 1881 1801 1941 liliorum

181 1972 272 2029 super
287 1956 376 2013 limen
393 1957 423 2014 in
439 1958 486 2014 die
500 1958 570 2015 illa:
1058 1963 1201 2017 llmmen:

145 2029 196 2101 qui
213 2028 360 2101 complent
375 2031 496 2086 demum
513 2031 631 2087 Domini
648 2032 697 2089 Dei
712 2033 758 2089 sui
775 2033 934 2106 iniquitute
1024 2048 1089 2105 quae
1103 2031 1350 2103 exprobraverunt
1364 2028 1472 2102 populo
1486 2044 1564 2096 mee,

182 2104 211 2155 et
225 2102 302 2156 delo.
1023 2110 1052 2161 et
1067 2103 1247 2175 magnilleati
1263 2111 1332 2157 aunt
1347 2117 1436 2174 super
1450 2101 1595 2156 termines
1612 2112 1725 2167 eorum,

110 2171 145 2227 bit
160 2172 214 2228 erit
231 2172 259 2227 in
275 2171 322 2226 die
336 2170 397 2240 illa,
411 2172 483 2228 dicit
506 2172 660 2244 Dominae,
674 2192 728 2232 voa
754 2174 890 2233 clamoris
917 2192 934 2232 a
987 2179 1144 2248 Propterea
1158 2174 1222 2230 vivo
1237 2189 1302 2247 ego,
1318 2172 1389 2228 dicit
1403 2171 1548 2229 Dominus
1563 2171 1618 2244 (al.
1640 2169 1702 2226 add.
1726 2167 1796 2237 Deest

182 2249 267 2315 perta
282 2242 418 2315 piscium.
1059 2245 1238 2303 exercituum
1256 2250 1331 2301 Deus
1347 2242 1446 2310 lsrael,

147 2318 176 2368 et
192 2314 323 2370 ululatus
337 2331 354 2369 a
369 2315 514 2383 Secunda,
1024 2318 1094 2389 quia
1109 2318 1193 2375 Moab
1209 2321 1241 2371 ut
1256 2317 1384 2372 Sodoma
1398 2315 1464 2385 erit,

148 2389 175 2441 et
191 2385 326 2441 contritio
342 2402 450 2459 magna
465 2403 481 2442 u
496 2386 632 2446 collibus.
1024 2395 1053 2445 et
1065 2389 1116 2445 srlii
1132 2395 1256 2445 Ammon
1272 2386 1357 2460 quael
1373 2384 1538 2442 Gomorrha
1553 2406 1561 2456 ;

110 2455 239 2524 Ulalute,
254 2456 432 2514 habitatores
449 2457 533 2516 eila:
990 2461 1112 2518 Siccitas
1128 2461 1292 2533 spinarum,
1308 2464 1336 2516 et
1351 2457 1446 2514 acervi
1456 2456 1538 2525 salis,

147 2528 287 2584 conticuit
301 2530 397 2585 omnis
413 2528 540 2602 populus
553 2530 704 2603 Chanann,
1025 2541 1052 2589 et
1066 2533 1216 2588 desertum
1233 2545 1326 2602 usque
1341 2529 1370 2585 in
1385 2531 1548 2586 aeternum:

149 2599 347 2673 disperierunt
363 2618 465 2657 omnes
480 2600 604 2659 involuti
621 2608 749 2676 argento.
990 2604 1132 2676 Reliquiae
1149 2602 1247 2675 populi
1265 2601 1321 2659 mei
1335 2600 1481 2673 deripiant
1497 2615 1558 2670 eos,

112 2672 145 2729 Di
162 2673 218 2727 cria
233 2670 262 2726 in
278 2677 408 2744 tempere
422 2672 489 2730 ille:
1024 2681 1052 2732 et
1065 2675 1173 2731 residui
1190 2672 1285 2745 gentis
1298 2689 1367 2728 meae
1382 2671 1578 2744 possidebunt
1594 2669 1670 2726 illes.

148 2744 302 2800 scrutabor
315 2744 479 2801 Jerusalem
493 2745 522 2800 in
538 2745 685 2804 lucernis:
989 2751 1049 2803 iloe
1064 2746 1107 2802 eis
1122 2746 1235 2803 eveniet
1250 2761 1301 2816 pre
1313 2743 1448 2814 superbia
1459 2760 1513 2800 aua
1529 2759 1536 2797 :

111 2816 147 2873 Et
163 2816 289 2872 visitabo
305 2817 481 2889 supervirue
494 2817 604 2876 delixae
616 2819 646 2876 iu
658 2819 777 2877 lacibus
788 2821 870 2878 suis:
885 2819 936 2893 qui
1026 2818 1096 2892 quia
1110 2815 1399 2889 blasphemaverunt,
1415 2819 1444 2871 et
1456 2812 1638 2888 magnificati
1649 2814 1788 2881 suntaupcr

187 2887 290 2943 dieunt
305 2888 334 2943 in
351 2889 488 2944 cordibus
503 2890 587 2946 suis:
1062 2888 1202 2970 populum
1218 2886 1334 2944 Domini
1351 2886 1545 2944 exercituum.

148 2959 211 3014 Neo
226 2959 312 3014 t'nciet
327 2960 401 3015 bene
415 2961 568 3028 Dominus,
585 2966 613 3018 et
629 2979 687 3019 non
704 2963 789 3019 laeiet
804 2962 891 3022 male.
991 2960 1145 3017 llorrrbilis
1160 2960 1303 3017 Dominus
1319 2974 1406 3031 super
1420 2974 1481 3027 eos,

112 3030 215 3086 Eterit
235 3029 373 3086 lentitudo
389 3046 489 3086 eorum
507 3032 536 3087 in
553 3033 758 3106 direptionem,
948 3050 970 3119 g
1028 3038 1056 3089 et
1071 3031 1235 3088 attenuabit
1249 3045 1351 3086 emnea
1367 3030 1437 3085 dees
1453 3034 1556 3085 terrra:

148 3106 177 3155 et
193 3100 300 3154 domus
316 3116 417 3156 corum
433 3102 461 3156 in
479 3103 647 3160 desertum:
992 3105 1027 3160 Et
1042 3104 1207 3160 adorabunt
1221 3118 1288 3158 eum
1305 3100 1404 3157 viride
1417 3100 1478 3157 loce
1494 3116 1559 3171 suo,

112 3172 147 3227 nt
162 3170 348 3226 edificabunt
363 3172 476 3240 demes,
491 3180 520 3228 et
540 3191 597 3231 nen
613 3176 809 3234 habitabunt:
1026 3191 1128 3232 omnes
1144 3173 1248 3231 insulae
1263 3174 1406 3246 gentium.

148 3246 177 3298 et
192 3241 368 3314 plantabunt
381 3243 491 3316 vineae,
507 3249 536 3301 et
556 3264 613 3304 non
639 3248 741 3305 hibent
756 3248 855 3305 vinum
886 3265 936 3305 ea·
991 3245 1046 3303 Sed
1062 3252 1092 3303 et
1104 3264 1166 3312 ves,
1181 3245 1341 3318 AEthiopes,

186 3330 263 3369 rum.
1027 3317 1170 3375 interlecti
1184 3316 1279 3391 gladio
1296 3331 1360 3372 mee
1375 3313 1470 3371 eritis.

113 3382 203 3440 Juxta
218 3383 335 3440 estdies
351 3386 464 3441 Domini
480 3403 617 3461 magnus,
991 3390 1027 3445 m
1041 3391 1178 3446 extendet
1192 3404 1313 3444 manum
1330 3402 1415 3444 sunm
1430 3382 1707 3458 superaquilencar,

148 3456 233 3525 juata
247 3458 292 3510 est
306 3458 335 3510 et
350 3456 430 3512 velex
445 3457 554 3513 nimis:
1027 3466 1057 3517 st
1071 3462 1173 3533 perdet
1186 3462 1293 3516 Assur:

114 3528 176 3583 Vax
191 3526 247 3581 diei
262 3525 378 3582 Domini
395 3543 505 3598 amara,
991 3532 1025 3588 ΙΙΙ
1041 3537 1128 3606 ponet
1143 3532 1306 3616 speciosam
1321 3529 1350 3585 in
1366 3527 1568 3596 solitudinem,

151 3597 342 3653 tribulabitur
356 3598 396 3653 ibi
411 3599 504 3656 tertis.
1026 3604 1099 3661 etin
1115 3605 1239 3670 invium,
1255 3608 1283 3659 et
1296 3600 1379 3673 quasi
1396 3601 1555 3657 desertum.

116 3669 184 3726 ⁰10⁸
199 3669 259 3736 itm.
274 3670 336 3725 dies
351 3669 413 3755 illa,
991 3675 1025 3732 ΙΙΙ
1039 3676 1225 3732 accubabunt
1235 3675 1264 3730 in
1279 3673 1373 3729 medie
1386 3673 1450 3742 ejus
1465 3686 1580 3745 greges,

152 3741 215 3797 dies
229 3740 430 3798 tribulationis
444 3747 471 3798 et
486 3743 641 3815 angustiae,
1026 3762 1130 3804 omnes
1144 3746 1244 3803 bestiae
1259 3744 1410 3819 gentium:

152 3812 214 3869 dies
230 3811 406 3869 calamitatis
421 3818 450 3870 et
464 3814 599 3884 miserim,
991 3817 1026 3874 m
1040 3817 1226 3875 onocrotalus
1240 3821 1269 3873 et
1281 3816 1389 3873 ericius
1403 3814 1433 3869 in
1456 3812 1611 3870 liminibus
1626 3811 1687 3883 ejus
1711 3818 1780 3864 nera·

152 3884 215 3941 dies
229 3886 417 3941 tenebrarum
432 3890 460 3941 et
475 3885 610 3959 caliginis
1061 3890 1189 3947 buntur:

151 3956 214 4014 dies
230 3956 343 4013 nebulae
358 3961 388 4013 et
401 3956 546 4027 turbinis,
933 4018 937 4025 ,
1028 3977 1082 4018 vex
1097 3960 1246 4019 cantantis
1257 3958 1288 4016 in
1306 3959 1443 4025 fenestra,

118 4027 185 4085 Dies
201 4028 277 4083 tuba
293 4032 322 4084 et
336 4027 483 4101 clangoris
498 4045 587 4101 super
599 4027 732 4086 civitates
748 4031 888 4102 munitas,
1027 4049 1131 4089 corvus
1146 4033 1176 4088 in
1192 4028 1423 4103 superliminari,

153 4103 182 4155 et
197 4116 286 4171 super
300 4100 425 4172 angulos
440 4100 581 4157 excelsos.
1029 4105 1168 4176 quoniam
1184 4102 1344 4160 attenuabo
1360 4101 1450 4157 rebar
1464 4100 1540 4171 ejus.
1726 4164 1731 4175 ¹

114 4171 152 4226 m
167 4170 314 4226 tribulabo
330 4171 475 4242 homines,
992 4174 1057 4232 Haec
1071 4180 1116 4232 est
1131 4175 1233 4231 civitas
1248 4173 1375 4248 gloriosa
1389 4171 1527 4228 babilone
1539 4171 1569 4225 in
1586 4169 1759 4225 confidentia:

151 4247 181 4299 et
191 4241 593 4314 ambulabuntuteaci‚quia
604 4243 724 4300 Domino
736 4250 936 4316 peccaverunt:
1028 4265 1091 4318 quae
1107 4246 1221 4303 dicebat
1237 4246 1265 4301 in
1282 4245 1368 4302 corde
1383 4259 1457 4299 suo:
1473 4243 1534 4314 Ego
1550 4258 1629 4313 sum,

115 4312 151 4369 m
165 4313 333 4371 ellandetur
347 4315 469 4386 sanguis
484 4331 596 4378 eorum,
613 4316 690 4372 sicut
705 4315 826 4388 hurrrus,
1027 4323 1055 4375 et
1070 4322 1151 4374 extra
1166 4335 1212 4374 me
1228 4335 1285 4374 nen
1302 4321 1347 4373 est
1362 4315 1419 4371 alia
1434 4315 1584 4387 amplius:

152 4391 180 4441 et
195 4403 316 4458 corpora
331 4403 432 4443 eorum
448 4386 525 4442 sieut
540 4391 678 4442 stercora.
955 4419 979 4485 D
994 4391 1145 4456 Quomodo
1158 4390 1234 4445 lacta
1249 4393 1295 4445 est
1310 4389 1339 4443 in
1354 4389 1504 4443 desertum
1520 4383 1617 4441 cubile
1630 4378 1741 4439 bestia‘t

116 4459 169 4513 Sed
182 4462 211 4513 et
225 4461 377 4528 argentum
392 4474 503 4528 rorum,
520 4463 548 4512 et
564 4474 667 4514 nurum
684 4474 783 4515 eorum
993 4460 1095 4517 Omnis
1111 4461 1161 4534 qui
1177 4461 1343 4532 transitper
1357 4475 1432 4525 eam,
1450 4456 1593 4525 sibilabit,

152 4546 210 4585 non
227 4531 333 4602 peterit
346 4531 469 4587 liberare
481 4546 531 4585 eos
546 4529 576 4585 in
592 4530 638 4586 die
653 4530 760 4587 luroris
775 4531 890 4588 Domini
906 4531 913 4568 ¹
929 4547 938 4589 t
1030 4536 1059 4588 et
1072 4533 1201 4589 movebit
1215 4549 1335 4593 manum
1352 4546 1449 4586 sunm.
1711 4595 1715 4605 Ι
1735 4593 1739 4603 Ι

118 4603 151 4657 ln
166 4601 233 4674 igne
246 4602 298 4656 zeli
314 4603 378 4673 rjus
389 4601 576 4658 devorabitur
589 4602 686 4657 omnis
702 4607 788 4671 terra,
993 4606 1070 4676 (Gap.
1088 4605 1148 4674 ΙΙΙ.)
1164 4608 1223 4674 l'a,
1240 4602 1419 4677 provocatrix
1435 4602 1456 4670 ¹³,
1472 4603 1500 4655 et
1516 4599 1668 4670 redempta
1696 4597 1783 4650 civitas.

151 4672 221 4742 qnia
236 4673 525 4728 consummationem
548 4688 614 4729 curn
640 4673 829 4731 testinatione
853 4674 940 4732 saciet
1065 4674 1209 4731 columba.

154 4742 267 4796 eunctis
282 4742 484 4800 hnbituntibus
500 4747 586 4800 terra.
993 4745 1056 4805 Non
1073 4747 1185 4803 audivit
1199 4761 1310 4810 vocem,
1325 4751 1353 4800 et
1368 4760 1424 4799 nen
1442 4740 1572 4813 antecepit
1590 4738 1775 4813 disciplinabit

117 4811 194 4884 (Cap.
216 4812 263 4881 ll.)
287 4814 453 4882 convenite,
475 4819 505 4872 et
528 4816 760 4888 congregamini,
777 4833 850 4890 gens
880 4834 937 4875 non
992 4818 1024 4875 ln
1042 4818 1163 4875 Domino
1179 4834 1236 4872 non
1251 4817 1431 4881 catenatim,
1588 4883 1594 4893 ,

189 4882 344 4940 amabilis:
1028 4890 1065 4946 ad
1081 4891 1172 4946 Deum
1190 4893 1272 4943 tuum
1290 4904 1346 4942 non
1362 4885 1621 4958 apprepinquavit.

116 4953 290 5037 Priusquam
307 4956 401 5026 pariat
411 4957 507 5027 jussio
522 4958 606 5029 quusi
622 4959 770 5032 pulverem
786 4965 939 5018 transeun·
993 4961 1142 5034 Principes
1156 4960 1221 5031 ejus
1236 4959 1264 5014 in
1280 4958 1376 5015 medie
1391 4959 1456 5028 ejus

187 5031 247 5083 tem
263 5027 351 5094 diem,
1028 5033 1113 5103 quasi
1129 5031 1227 5089 leones
1244 5031 1410 5103 rugientes:

152 5102 221 5154 ante
245 5114 333 5171 quam
349 5097 445 5154 veniat
459 5115 611 5171 supervos
626 5101 670 5158 ira
684 5101 791 5159 luroris
811 5102 939 5174 Domini,
991 5102 1109 5161 iudices
1125 5104 1189 5176 ejus
1204 5102 1266 5175 lupi
1282 5116 1409 5173 vespere,

153 5312 305 5370 ¹Canonis
320 5310 498 5385 exemplaria
513 5309 626 5369 addunt
641 5328 747 5369 nemen
764 5330 826 5384 ινιτ,
841 5316 873 5372 in
894 5317 940 5374 die
992 5333 1027 5373 ae
1053 5317 1205 5375 meliorem
1234 5317 1358 5373 tortasse
1386 5311 1482 5369 reddit
1509 5310 1696 5368 sententiam.
1722 5312 1794 5364 Perre

116 5383 287 5453 tractareris
302 5383 493 5455 uolitantem
510 5384 693 5455 superfluum
708 5388 762 5441 est.
775 5392 866 5444 llanr.
992 5388 1090 5459 ipsum
1115 5390 1169 5446 hoe
1193 5388 1279 5445 velim
1303 5402 1426 5444 sammaa
1450 5384 1515 5453 ejus
1542 5381 1712 5447 eruditioni,
1726 5384 1795 5455 atoue

152 5458 275 5526 ¹llemo,
291 5457 341 5530 qrri
367 5455 503 5514 llebraice
527 5454 661 5510 nonnihil
685 5455 769 5523 sciat,
792 5458 939 5515 dubitabit
992 5461 1103 5516 Habenti
1120 5461 1265 5518 serrrronis
1281 5458 1391 5532 peritia
1415 5454 1525 5512 tribui:
1543 5470 1640 5527 neque
1664 5454 1738 5511 eninr
1758 5462 1797 5520 qut

117 5543 170 5598 pro
185 5545 218 5583 co
234 5531 309 5601 quod
331 5531 472 5602 scripturn
488 5528 518 5583 in
534 5526 688 5599 archetypo
717 5535 763 5585 est
786 5539 897 5599 nertin,
909 5536 939 5588 et
993 5547 1059 5587 eum
1076 5537 1289 5605 precesserunt
1300 5530 1389 5589 Gnaei
1406 5528 1456 5585 alii
1472 5527 1661 5599 interpretes,
1670 5530 1799 5583 certenon

116 5602 237 5668 spectato
252 5617 302 5656 sen
317 5602 436 5672 fraineta,
453 5604 540 5671 alque
552 5596 675 5655 illustria
696 5597 814 5669 dicitur,
829 5600 935 5658 lectum
994 5602 1080 5671 Lxx,
1107 5603 1158 5676 qni
1180 5608 1299 5659 vertunt
1322 5600 1468 5672 ἐπιφανής,
1482 5599 1574 5653 lacem
1600 5597 1640 5668 ei,
1665 5597 1702 5653 ad
1726 5594 1801 5653 celer

118 5668 937 5741 absllieronymo‚unaminuslitterulanttmmutnnn.
993 5676 1131 5733 mandam
1161 5675 1272 5733 flabraei
1301 5677 1395 5731 textus
1423 5670 1591 5741 lectionem,
1613 5666 1801 5743 pretulerant

114 5738 193 5811 qued
221 5744 275 5814 est,
294 5747 487 5818 provocante,
503 5750 660 5815 centurbae,
676 5742 738 5801 aive
760 5744 936 5818 exacerbans,
