3878 6150
106 278 158 335 631
626 279 656 333 S.
676 277 881 334 umbonum
898 273 1028 331 Davana
1046 276 1295 333 hlahloaflaca.
1759 269 1814 329 632

106 405 167 463 suit
179 404 250 463 Saul
265 402 418 478 populum,
435 403 486 476 qui
512 405 623 463 inventi
648 407 765 464 lucrant
789 421 858 463 cum
884 419 929 474 eo,
944 401 973 469 A
986 403 1140 462 terisane:
1157 423 1235 464 unus
1249 406 1388 480 scopulus
1403 402 1574 480 prominens
1589 403 1626 460 ad
1642 402 1813 476 aquilonem

107 493 193 569 quasi
217 497 370 552 sexcentos
397 493 486 550 viros.
502 495 537 551 lit
550 494 621 553 saul
636 499 665 552 et
678 495 827 553 Jonathan
853 492 933 550 sslius
986 508 1020 548 ex
1031 494 1151 552 adverso
1165 496 1324 563 Machmas,
1335 499 1364 552 et
1378 494 1452 553 alter
1465 494 1501 550 ad
1519 492 1694 550 meridiem⁸
1711 498 1815 551 contra

102 583 183 658 elus,
195 582 381 658 populusque
396 582 447 655 qui
462 584 599 641 inventus
610 585 705 643 luerat
719 583 856 657 comicis,
872 586 935 641 erat
987 583 1095 640 Gabaa.
1106 585 1149 655 [T.
1164 585 1276 659 XXXl.]
1290 586 1371 642 Dixit
1384 588 1482 641 autem
1497 582 1644 640 Jonathan
1659 583 1697 640 ad
1714 581 1816 641 adole·

106 671 138 731 in
152 672 251 730 Gabaa
264 671 428 743 Benjamin.
444 671 534 729 Porro
550 672 717 731 philisthim
740 674 935 730 consederant
988 671 1817 749 scsntem[h.puernm]armigerumsoum2Veni‚transea·

108 760 140 819 in
154 762 312 820 llachmaa.
328 761 362 818 Et
385 763 495 833 egressi
521 767 593 820 sunt
621 763 657 820 ad
688 763 877 836 praedandum
898 761 934 817 de
989 778 1057 818 mus
1066 763 1102 818 ad
1114 764 1270 821 stationem
1286 762 1558 821 incircumcisorum
1574 761 1691 830 horum,
1704 764 1730 821 ai
1742 764 1818 821 torta

110 853 217 910 caetris
232 849 399 909 Philisthim
414 855 474 907 tres
487 852 583 908 cunei.
601 851 683 910 Unus
704 868 816 909 cuneus
832 866 934 924 perge·
989 850 1077 908 faciat
1090 851 1234 909 Dominus
1249 870 1301 926 pro
1319 852 1358 926 [h.
1375 869 1433 908 non
1448 851 1537 908 habat
1551 852 1615 924 pro]
1632 851 1731 919 nohis,
1746 852 1818 925 quia

109 941 162 998 bat
186 943 290 998 contra
312 939 390 996 viam
415 939 514 1013 hphra
541 943 602 1008 [ma.
626 940 746 1014 hphrall
761 942 798 998 ad
826 944 935 997 terram
989 957 1047 997 non
1060 947 1105 998 est
1114 941 1235 999 Domino
1250 941 1370 998 dilllcile
1385 939 1506 1010 salvare,
1517 940 1561 996 vel
1573 939 1603 996 in
1615 941 1817 1014 multitudine,

110 1029 191 1088 Saul.
205 1029 293 1086 Porro
319 1028 397 1085 alius
424 1028 642 1102 ingrediebatur
671 1030 821 1104 perviam
851 1027 937 1085 Beth·
990 1028 1035 1086 vel
1051 1030 1080 1085 in
1096 1031 1209 1103 paucis.
1220 1030 1355 1104 Dixitque
1369 1030 1396 1087 ei
1411 1030 1819 1103 armigersonszuacemnia

112 1117 450 1177 Oronztartiusautem
475 1123 602 1175 verterat
625 1135 656 1177 se
680 1118 716 1175 ad
739 1120 796 1176 iter
818 1104 937 1175 termini
992 1134 1056 1191 quae
1085 1120 1200 1192 placent
1225 1120 1323 1177 animo
1345 1124 1421 1177 tuo:
1446 1135 1534 1192 perge
1562 1135 1621 1192 quo
1650 1119 1819 1193 cupis‚ego

113 1204 296 1262 imminentis
310 1203 379 1261 valli
405 1204 522 1262 Seboim
547 1211 649 1264 contra
672 1208 832 1264 desertum.
848 1212 937 1262 Porro
991 1212 1136 1279 [maturet
1150 1209 1215 1284 ego]
1240 1225 1288 1266 ero
1312 1213 1410 1266 tecum
1438 1207 1821 1280 ubicunquevolusris.1lt

113 1293 195 1353 taber
208 1294 347 1366 {emoriar
361 1293 403 1366 lh.
418 1311 477 1351 non
500 1295 600 1371 habet]
616 1313 674 1352 non
690 1295 894 1352 inveniebatur
907 1293 938 1349 in
992 1297 1034 1353 ait
1046 1298 1193 1355 Jonathan
1211 1316 1218 1354 :
1235 1299 1306 1356 Ecce
1330 1314 1384 1357 nos
1406 1297 1569 1354 transimus
1586 1296 1621 1354 ad
1636 1298 1718 1354 viros
1733 1297 1819 1357 istos.

114 1384 194 1443 omni
218 1389 297 1441 terra
325 1383 424 1442 lsrael.
439 1385 580 1442 Caverant
607 1386 685 1443 enim
710 1385 888 1454 Philisthim,
902 1399 939 1441 ne
992 1391 1126 1458 Cumque
1139 1388 1363 1460 apparuerimus
1378 1387 1432 1458 eis,
1444 1386 1470 1443 si
1484 1385 1585 1443 taliter
1597 1385 1689 1443 locuti
1712 1385 1825 1443 lucrant

115 1474 190 1532 torte
205 1475 332 1531 lacerent
354 1474 468 1530 Hebraei
482 1474 613 1547 gladium
635 1479 686 1532 aut
709 1475 852 1531 lanceam.
867 1479 939 1531 Des·
993 1474 1030 1531 ad
1046 1492 1118 1533 nos:
1145 1476 1269 1542 Menate,
1282 1476 1374 1532 donec
1389 1474 1542 1531 veniamus
1558 1474 1594 1530 ad
1609 1489 1660 1530 vos
1677 1488 1685 1528 :
1708 1478 1826 1531 stemus

116 1563 259 1621 candebat
281 1579 350 1636 ergo
373 1563 468 1620 omnis
490 1563 581 1621 lsrael
596 1564 632 1620 ad
648 1563 803 1632 Philistim,
819 1566 852 1621 ut
870 1578 939 1619 exa·
993 1562 1024 1619 in
1040 1562 1103 1621 loco
1119 1568 1228 1632 nostro,
1245 1580 1298 1621 nec
1320 1563 1515 1621 ascendamus
1535 1563 1572 1619 ad
1596 1578 1656 1619 ens.
1672 1561 1703 1616 si
1722 1566 1823 1619 autem

117 1661 216 1713 oneret
229 1652 434 1726 unusquisque
448 1669 596 1710 vomerem
611 1670 708 1723 snum,
720 1658 749 1711 et
762 1653 899 1727 ligonem,
910 1655 940 1710 et
995 1650 1142 1709 dixerint:
1169 1653 1325 1710 ascendite
1352 1653 1388 1709 ad
1418 1669 1472 1709 nos
1488 1669 1496 1708 :
1522 1651 1730 1719 ascendamus,
1755 1650 1824 1723 quia

42 1784 50 1801 .
117 1744 257 1811 securim,
270 1749 299 1800 et
316 1742 477 1800 sarculum.
494 1746 609 1800 Retusae
632 1743 731 1816 itaque
755 1747 839 1801 erant
862 1743 939 1800 anias
953 1766 978 1835 B
994 1740 1117 1797 tradidit
1130 1757 1179 1798 eos
1193 1741 1338 1799 Dominus
1350 1742 1379 1797 ln
1391 1741 1531 1797 manibus
1544 1740 1674 1799 nostris:
1691 1740 1748 1797 hoo
1767 1739 1823 1798 erit

116 1848 278 1902 vomerum,
295 1837 324 1888 et
340 1830 483 1905 ligonum,
496 1835 525 1889 et
539 1831 721 1905 tridentium,
737 1837 765 1890 et
779 1832 939 1903 securium,
994 1830 1079 1887 nobis
1090 1830 1219 1903 signum.
1232 1831 1374 1904 Apparuit
1387 1829 1476 1903 igilur
1490 1834 1615 1902 uterque
1625 1828 1749 1886 stationi
1758 1828 1823 1885 Phi·

116 1919 423 1994 uaquaadsttmulum
438 1920 654 1993 corrigendum.
665 1925 798 1995 Cumque
812 1921 942 1980 venisset
993 1917 1161 1974 listinorum
1178 1920 1398 1992 :dixeruntque
1425 1918 1616 1975 Philisthim:
1640 1918 1683 1974 En
1709 1917 1821 1975 liebrsi

116 2009 181 2068 dies
195 2009 299 2084 prelii,
315 2026 374 2066 non
395 2013 441 2066 est
464 2012 602 2067 inventus
625 2010 706 2069 ensis
730 2014 760 2068 et
783 2009 885 2069 lancea
909 2012 940 2069 in
995 2007 1233 2080 egrediunturda
1248 2008 1381 2066 cavernis
1397 2009 1426 2064 in
1441 2009 1552 2079 quibus
1567 2005 1735 2064 absconditi
1759 2006 1822 2064 tae

119 2114 208 2156 mma
224 2098 315 2155 totius
339 2097 449 2170 populi,
465 2098 516 2172 qui
540 2104 603 2155 erat
625 2116 692 2157 curu
715 2100 801 2157 Saule
824 2105 853 2158 et
874 2116 941 2158 cum
995 2102 1073 2154 rant.
1089 2098 1121 2152 ht
1135 2097 1225 2153 locuti
1241 2100 1312 2153 sunt
1326 2096 1379 2153 viri
1396 2097 1432 2153 de
1447 2096 1574 2153 statione
1597 2095 1633 2151 ad
1659 2094 1822 2166 Jonathan,

118 2186 256 2256 Jonatha,
265 2191 385 2260 excepto
397 2185 466 2244 Saul
477 2193 507 2244 al
516 2187 644 2245 Jonatha
657 2188 717 2246 silio
731 2190 806 2261 elus.
818 2190 943 2262 hgrssaa
996 2190 1025 2243 et
1039 2187 1075 2242 sd
1092 2184 1270 2259 armigerum
1285 2186 1361 2258 ejus,
1374 2186 1569 2257 dixeruntque
1588 2201 1595 2238 ε
1611 2182 1773 2240 ascendite
1787 2182 1822 2241 ad

120 2279 288 2335 astantem
316 2276 404 2334 statio
427 2275 586 2348 Philistirn,
606 2281 640 2333 ut
665 2279 885 2337 transcenderet
912 2280 943 2336 in
996 2292 1061 2346 nos,
1077 2275 1266 2332 ostendemus
1294 2275 1378 2332 vobis
1404 2290 1472 2331 rem.
1489 2275 1525 2330 Et
1545 2273 1587 2330 ait
1608 2272 1762 2330 Jonathan
1787 2272 1827 2345 ad,

119 2366 282 2426 Machmas.
996 2363 1175 2437 armigerum
1189 2380 1297 2422 suum:
1314 2364 1526 2431 ascendemus,
1536 2377 1657 2434 sequare
1673 2377 1720 2417 me
1737 2360 1777 2429 [b.
1788 2362 1825 2419 ll·

153 2453 233 2526 [cae.
248 2453 332 2520 XIV.]
353 2454 388 2511 lat
411 2452 520 2512 accidit
543 2456 671 2528 quadam
700 2455 747 2515 die
775 2461 808 2516 ut
835 2458 944 2517 diceret
996 2454 1103 2512 acenda
1124 2458 1185 2525 port
1209 2453 1283 2525 me];
1313 2452 1434 2509 tradidit
1460 2451 1539 2508 enim
1562 2467 1613 2507 eos
1632 2450 1781 2507 Dominus
1794 2448 1825 2507 in

116 2543 265 2603 Jonathan
280 2543 359 2599 lilius
378 2543 447 2600 Saul
474 2545 509 2601 ad
534 2545 748 2603 adolescentem
765 2547 944 2620 armigerum
998 2560 1086 2600 manu
1103 2541 1202 2600 lsrael.
1213 2542 1353 2600 Ascendit
1366 2546 1463 2599 aulem
1477 2539 1626 2599 lonathan
1641 2538 1782 2597 amnibus
1795 2542 1827 2597 at

120 2648 209 2692 suum
226 2648 233 2690 :
250 2632 333 2702 Veni,
350 2635 379 2689 et
394 2637 581 2692 transeamus
603 2636 638 2692 ad
663 2636 822 2694 stationem
838 2636 944 2695 Philis-
998 2632 1145 2706 pedibus⁸
1158 2636 1187 2689 st
1200 2631 1329 2704 armiger
1343 2633 1407 2704 ejus
1422 2635 1488 2704 post
1501 2646 1580 2687 eum.
1594 2631 1695 2702 ltaque
1708 2627 1764 2687 ,alii
1778 2644 1826 2686 ca·

120 2721 206 2794 thim,
220 2738 283 2793 quae
293 2724 431 2779 esttrans
445 2720 543 2779 locum
559 2720 642 2780 illum
658 2741 665 2780 :
682 2725 757 2798 patri
774 2730 874 2783 eutem
889 2743 943 2784 suo
997 2723 1105 2779 debant
1119 2725 1186 2778 ante
1200 2721 1358 2792 Jonathnn,
1374 2720 1449 2777 alios
1471 2719 1599 2793 armiger
1621 2718 1688 2791 ejus
1711 2717 1826 2775 interli-

120 2810 171 2871 hoc
186 2812 278 2884 ipsum
293 2810 335 2881 [h.
351 2827 409 2867 non
425 2810 522 2878 habat]
539 2828 596 2869 non
612 2813 761 2871 indicavit.
773 2818 863 2872 Porro
873 2816 944 2873 Saul
997 2813 1093 2870 ciebat
1115 2829 1243 2887 sequana
1264 2828 1331 2870 eum
1347 2812 1388 2880 [h.
1404 2815 1438 2867 El
1453 2810 1595 2866 cadebant
1622 2812 1691 2865 anta
1718 2808 1826 2865 faciem

121 2900 295 2959 morabatur
309 2900 339 2956 in
354 2906 484 2957 extrema
505 2905 586 2974 parte
609 2900 709 2960 Gabaa
734 2906 756 2971 ¹,
770 2904 827 2962 sub
851 2904 943 2963 maln-
996 2902 1156 2973 Jonathan,
1168 2907 1196 2958 et
1206 2902 1332 2975 armiger
1340 2902 1404 2971 ejus
1415 2915 1619 2973 sequenseum
1633 2897 1829 2955 interficiebat

3 3002 8 3007 ·
120 2992 255 3064 granato,
267 3005 332 3062 quae
342 2988 445 3046 eratin
456 2993 575 3062 htagron
589 3006 596 3047 :
612 2994 641 3048 et
655 2996 718 3049 erat
732 2993 860 3066 populus
875 3008 943 3050 cum
997 2992 1070 3064 ecsl.
1081 2996 1118 3049 Et
1132 2991 1209 3048 lacta
1222 2995 1268 3048 est
1283 2990 1369 3063 plaga
1385 2989 1565 3063 primaque
1580 2986 1728 3061 percussit
1738 2985 1830 3043 Jona-

120 3094 155 3137 cc
183 3076 270 3151 qusai
299 3081 502 3136 sexcentorum
528 3079 719 3138 virorumllt
742 3081 834 3139 Ahias
863 3081 944 3140 tilius
997 3081 1070 3138 than
1094 3087 1123 3137 et
1144 3080 1273 3154 armiger
1300 3081 1375 3152 ejus,
1392 3077 1477 3151 quasi
1504 3077 1609 3151 viginti
1637 3073 1828 3146 virorum,in

122 3166 229 3225 aniana
246 3167 344 3225 fratris
358 3166 487 3224 ichabod
504 3168 556 3223 tilii
572 3168 708 3237 Phineas,
723 3171 772 3242 qui
787 3175 869 3229 ortus
885 3133 980 3229 lare·C
1000 3170 1097 3227 media
1112 3174 1194 3243 parte
1212 3169 1321 3242 jugeri,
1334 3185 1425 3242 quam
1441 3184 1494 3239 par
1508 3167 1597 3225 boum
1621 3166 1650 3221 in
1672 3164 1721 3221 die
1743 3179 1829 3221 arara

121 3261 168 3315 rat
182 3273 217 3314 ex
230 3256 294 3313 Heli
305 3257 456 3314 sacerdote
473 3257 591 3314 Domini
614 3258 644 3314 in
668 3258 726 3316 Silo
745 3259 786 3335 [h.
801 3261 854 3317 filii
878 3262 947 3318 Phl—
1000 3259 1162 3317 consuevit.
1178 3259 1214 3316 at
1230 3259 1339 3315 lactum
1352 3260 1398 3314 est
1411 3255 1587 3313 miraculum
1597 3255 1627 3311 in
1643 3253 1763 3323 caatms,
1776 3269 1830 3327 par

27 3358 30 3363 ·
123 3361 204 3417 neas,
247 3344 300 3401 tilii
341 3344 406 3402 Heli
448 3346 609 3404 sacerdotis
652 3348 767 3405 Domini
802 3349 834 3405 in
866 3350 945 3420 Silo]⁸
1001 3365 1104 3423 agros;
1130 3340 1829 3420 sedetomnispopulusataticniseornm‚qni

121 3435 258 3509 portabat
284 3433 390 3507 ephod.
412 3433 468 3490 Sed
498 3438 527 3490 et
555 3435 680 3508 populus
707 3437 862 3510 ignorabat
888 3455 947 3512 quc
1000 3438 1143 3497 ierantad
1160 3432 1768 3510 predandam,cbstupuit‚etconturbata
1783 3434 1830 3489 eat

123 3523 194 3581 insat
220 3524 231 3558 ¹
257 3521 416 3581 Jonathsn.
446 3522 535 3580 Erant
562 3528 661 3582 autam
690 3525 767 3583 inter
793 3544 945 3599 ascensus,
1000 3533 1089 3596 terra,
1101 3533 1130 3584 st
1144 3526 1250 3584 accidit
1264 3526 1348 3598 quasi
1364 3523 1536 3581 miraculum
1556 3539 1573 3578 a
1597 3521 1829 3593 Dso.ittrespe·

122 3628 175 3687 per
201 3628 276 3684 quos
303 3611 453 3668 nitebatur
479 3612 628 3671 Jcnethan
665 3615 792 3673 transire
822 3618 858 3673 ad
888 3621 946 3675 sta·
1000 3610 1635 3689 xerunt[h.lltlaotusesttcrrcrincastris
1651 3626 1703 3683 par
1719 3624 1828 3682 agros:

122 3700 234 3760 tionem
255 3700 493 3770 Philistinorum,
509 3701 672 3761 eminentes
697 3710 785 3778 petra
809 3722 845 3763 ax
865 3711 946 3764 utra·
1002 3706 1052 3764 sed
1069 3711 1098 3762 at
1111 3705 1209 3763 omnis
1228 3703 1356 3777 populus
1381 3700 1518 3760 stationis
1541 3715 1653 3767 eorum,
1668 3702 1698 3755 et
1722 3697 1754 3755 hi
1778 3696 1830 3770 qul

122 3804 181 3863 qus
195 3792 287 3862 parta,
297 3793 328 3845 et
338 3789 422 3861 quasi
432 3789 463 3846 in
473 3790 593 3848 modum
608 3792 741 3850 dentium
753 3795 866 3868 scopuli
879 3795 947 3854 hiuc
1002 3797 1096 3853 ierant
1107 3795 1140 3851 ad
1152 3793 1342 3867 predandam
1357 3792 1591 3863 obstupuerunt;
1608 3791 1638 3845 et
1652 3786 1830 3844 conturbata

123 3877 237 3936 atinde
252 3877 403 3950 prerupta
419 3894 526 3936 nomen
550 3881 600 3937 uni
620 3882 719 3951 Rosea,
736 3888 765 3941 et
780 3900 886 3942 noman
903 3885 947 3944 al·
1001 3888 1045 3942 est
1059 3888 1135 3941 terra
1150 3887 1261 3941 terrore
1275 3880 1337 3938 Dei.
1353 3880 1388 3937 ut
1410 3878 1612 3953 respexerunt]
1628 3873 1831 3949 speculatores

126 4040 272 4095 mutuata.
284 4037 314 4093 ld
328 4053 395 4093 vern
411 4038 504 4095 oculis
519 4041 652 4098 omnium
670 4049 876 4117 representare
892 4065 949 4106 nen
1003 4043 1173 4110 subtractis,
1184 4040 1333 4099 distinctio
1350 4039 1486 4096 universa
1501 4035 1720 4095 contunditur.»
1733 4032 1829 4092 Manr.

127 4108 182 4167 erit
196 4110 324 4165 otiosum
340 4110 481 4192 studiosis
496 4110 736 4188 hominibus‚qui
753 4119 788 4172 ab
805 4133 862 4174 nno
873 4120 953 4192 Judi·
1039 4146 1074 4157 -
1088 4116 1205 4171 Addunt
1218 4113 1334 4187 Vulgati
1349 4111 1417 4169 libri
1433 4128 1440 4167 ε
1456 4113 1489 4167 at
1508 4109 1614 4182 reliqui
1624 4107 1726 4181 populi,
1737 4120 1833 4165 arcer·

127 4179 206 4239 oium
221 4180 372 4237 habebunt
387 4181 422 4237 de
436 4181 501 4237 aliis
517 4182 952 4249 similibusaddilnmcntis.Sio
1004 4187 1106 4244 derunt
1118 4195 1179 4259 post
1201 4186 1267 4242 Sorrl
1295 4183 1404 4241 obuium
1432 4182 1542 4253 popula
1557 4182 1607 4253 qai
1630 4196 1667 4236 ec
1694 4178 1831 4248 agnotmd

127 4251 218 4324 igitur
232 4268 279 4309 res
294 4267 325 4308 se
340 4252 428 4310 habet
441 4254 471 4309 in
487 4268 542 4311 ms.
559 4255 674 4314 codice:
1006 4274 1051 4316 eoa
1065 4261 1206 4315 tentantes
1219 4273 1254 4313 ea
1269 4254 1381 4327 Golgoln
1393 4256 1423 4311 in
1438 4253 1528 4310 Gobao
1538 4255 1568 4308 in
1583 4251 1654 4335 celle
1680 4251 1830 4334 'calamiae

315 4364 343 4451 ·³:
361 4361 518 4445 ceraru-
535 4364 567 4418 ει
583 4366 688 4437 a...
1007 4348 1071 4458 aa
1086 4328 1360 4457 utaentur
1376 4322 1831 4466 ululatutalou:

316 4433 688 4576 Eggftugazicgbfflmo.
969 4419 1173 4570 Dbrarirffrum
1191 4469 1300 4544 passim
1316 4439 1401 4526 obito
1422 4484 1518 4525 errore
1539 4437 1575 4524 'ab
1601 4464 1666 4538 ipso
1688 4461 1831 4520 Hebraico

317 4577 345 4637 -1-
360 4574 439 4647 pugo,
454 4578 503 4649 qm·
516 4525 657 4649 apud
1008 4542 1339 4630 cremplari'excidissa.
1357 4539 1673 4622 Desideratus-tamen,
1689 4535 1769 4608 quod
1785 4548 1833 4649 aa:

317 4648 345 4708 ς.
363 4646 429 4703 pam
442 4662 486 4705 ω,
499 4648 638 4706 venient„
651 4667 687 4707 ιω
1009 4621 1047 4673 tra
1062 4619 1211 4690 proposito
1227 4619 1326 4670 nostro
1344 4615 1398 4679 est,
1416 4611 1523 4667 nedum
1549 4627 1579 4666 ru
1604 4608 1724 4666 Hebraeo
1742 4604 1814 4664 Chal

1009 4689 1140 4760 deoque,
1156 4687 1207 4744 aad
1229 4690 1258 4742 et
1280 4686 1310 4741 in
1325 4683 1476 4741 versionis
1490 4676 1832 4803 Hieronymanaaxpleria·

317 4716 401 4783 0
404 4717 478 4848 ii?
487 4719 644 4861 cattle.
1009 4747 1833 4899 lle‚au·lautucolunnella..ital

131 4893 198 4952 Hac
212 4892 298 4968 signa
312 4894 337 4951 si
353 4894 426 4953 locis
451 4896 516 4955 auis
539 4898 742 4959 invenirentur
761 4904 866 4976 posita,
883 4904 954 4976 quid
1009 4902 1279 4961 suntblartianeus
1291 4901 1319 4955 in
1331 4899 1393 4955 cod.
1406 4897 1585 4968 Gorbeiensi,
1597 4890 1835 4965 obelisainguloa

131 4966 401 5040 fflfflfldmiffllm,
426 4969 533 5041 quidve
561 4988 578 5028 a
607 4973 685 5029 LXX
716 4975 954 5034 Translatoribus
1007 4973 1168 5033 versiculos
1183 4973 1306 5044 hujusce
1320 4970 1480 5027 additionis
1496 4971 1672 5040 praenotatos
1686 4963 1808 5037 reperit.

133 5043 299 5097 mutuatum
310 5039 388 5096 sitin
400 5040 512 5100 Latinis
523 5045 954 5117 exemplaribusatatimomni·
1044 5048 1052 5083 ¹
1068 5047 1154 5103 Taoet
1167 5045 1215 5102 hie
1230 5060 1284 5101 ins.
1299 5042 1458 5099 Veronens.
1475 5041 1582 5107 Gabar,
1595 5039 1681 5110 juxta
1700 5038 1834 5094 Granum

132 5111 189 5168 bus
203 5110 408 5168 innotesceret.
425 5114 482 5170 Sed
506 5114 620 5172 incuria
635 5118 821 5175 librariorum
837 5121 955 5177 subtra·
1007 5118 1174 5190 exemplar:
1191 5134 1257 5172 mox
1271 5118 1368 5171 autem
1385 5131 1436 5186 pro
1451 5113 1562 5184 llugrcn
1577 5110 1648 5184 legit
1673 5109 1703 5164 in
1730 5122 1835 5180 ogram

133 5183 189 5239 ⁰5⁸
201 5181 372 5255 hujuflsswffi
385 5183 489 5268 signis,
500 5186 562 5242 fieri
580 5203 636 5243 non
653 5191 747 5261 potuit
759 5192 832 5262 quin
849 5191 954 5263 promi·
1008 5191 1109 5248 Gabar.
1123 5189 1244 5245 Hebraeo
1261 5189 1339 5244 textu
1355 5201 1412 5242 non
1428 5184 1617 5241 assentiente.

132 5269 202 5311 seua
226 5260 349 5326 utraque
372 5255 500 5314 editione
524 5262 675 5316 uterentur
699 5261 805 5327 Latini,
822 5268 851 5318 et
874 5264 952 5334 quod
1042 5261 1187 5318 ’Rectius
1211 5259 1368 5315 Veronena.
1384 5272 1468 5322 mss..
1482 5256 1556 5329 qued
1580 5253 1656 5320 hcet,
1670 5253 1727 5309 eae.
1743 5249 1834 5309 Habe.

132 5325 327 5410 90Ρὲὓᾶΰῦῑᾶ
353 5328 549 5401 ῙῡῑθΓΡΡθῑῦω
571 5331 637 5400 tuit,
660 5332 757 5404 lutum
777 5332 953 5407 Hieronymo
1006 5350 1124 5406 quoque
1138 5342 1165 5394 tn
1181 5331 1279 5396 habet,
1293 5335 1322 5385 et
1335 5329 1426 5387 Graec.
1442 5321 1496 5383 ὅτι.

132 5397 321 5455 asenberent.
340 5399 442 5472 ltaque
467 5416 525 5457 non
548 5399 694 5460 immerito
713 5405 901 5476 conqueritur
917 5407 953 5465 de
1040 5406 1051 5440 ³
1069 5405 1146 5460 ldem
1160 5420 1229 5470 ms..
1244 5419 1261 5459 a
1275 5400 1414 5470 meridte;
1429 5400 1480 5457 sed
1497 5402 1526 5456 et
1539 5396 1741 5465 Habeam.

132 5468 179 5525 ¹¹5⁸
195 5469 224 5525 ³¹¹
240 5469 414 5542 0lfl⁸i⁰¹⁸⁰d
428 5472 565 5528 Statium
578 5476 606 5529 et
621 5476 775 5532 Frelelom:
793 5500 806 5528 a
824 5477 857 5532 ldt
873 5477 952 5547 hinc,
1041 5476 1051 5510 ⁴
1068 5476 1136 5532 Fere
1151 5492 1216 5531 cum
1233 5473 1366 5542 vulgatis
1379 5472 1526 5530 Veronens
1541 5486 1626 5535 mas..
1640 5474 1753 5538 reprom
1767 5478 1835 5521 ena·

131 5537 240 5613 inquii,
256 5542 333 5625 apud
350 5558 401 5600 voc
415 5546 444 5599 ct
456 5542 534 5670 apud
550 5543 704 5626 plerosque
718 5564 798 5605 error
812 5549 951 5620 exoritur,
1004 5548 1087 5605 nibus
1097 5557 1124 5605 et
1134 5546 1260 5620 pedibas.
1275 5545 1419 5626 Hebraeus¹
1438 5543 1527 5625 habet
1540 5541 1576 5600 ad
1591 5540 1734 5611 litteram,
1746 5550 1834 5611 saper

132 5609 211 5683 ‘1⁰⁰⁶
225 5616 404 5687 ”ulmum
416 5629 473 5687 ι108
484 5619 604 5689 agenna,
619 5616 742 5691 virgulis
756 5625 786 5679 at
801 5620 951 5679 asteriscis
1004 5620 1134 5679 montbar
1147 5621 1206 5677 ruia
1219 5627 1244 5677 el
1260 5632 1343 5690 saper
1354 5613 1469 5688 pedatae
1478 5628 1549 5673 sara.
