<?xml version="1.0" encoding="UTF-8"?>
<!DOCTYPE html PUBLIC "-//W3C//DTD XHTML 1.0 Transitional//EN"
    "http://www.w3.org/TR/xhtml1/DTD/xhtml1-transitional.dtd">
<html xmlns="http://www.w3.org/1999/xhtml" xml:lang="en" lang="en">
 <head>
  <title>
</title>
<meta http-equiv="Content-Type" content="text/html;charset=utf-8" />
  <meta name='ocr-system' content='tesseract 3.04.00' />
  <meta name='ocr-capabilities' content='ocr_page ocr_carea ocr_par ocr_line ocrx_word'/>
</head>
<body>
  <div class='ocr_page' id='page_1' title='image "./patrologiaecurs13goog_0661.png"; bbox 0 0 3870 6120; ppageno 0'>
   <div class='ocr_carea' id='block_1_1' title="bbox 125 149 1829 272">
    <p class='ocr_par' dir='ltr' id='par_1_1' title="bbox 125 149 1829 272">
     <span class='ocr_line' id='line_1_1' title="bbox 125 149 1829 272; baseline 0 -16"><span class='ocrx_word' id='word_1_1' title='bbox 125 206 195 266; x_wconf 74' lang='lat'><strong>{315</strong></span> <span class='ocrx_word' id='word_1_2' title='bbox 636 200 667 257; x_wconf 72' lang='lat' dir='ltr'><strong>S.</strong></span> <span class='ocrx_word' id='word_1_3' title='bbox 687 198 892 257; x_wconf 69' lang='lat' dir='ltr'><strong>iiiiiisottiitl</strong></span> <span class='ocrx_word' id='word_1_4' title='bbox 909 196 1036 255; x_wconf 73' lang='lat' dir='ltr'><strong>owine</strong></span> <span class='ocrx_word' id='word_1_5' title='bbox 1053 193 1303 256; x_wconf 74' lang='lat' dir='ltr'><strong>ammonianus.</strong></span> <span class='ocrx_word' id='word_1_6' title='bbox 1461 149 1472 156; x_wconf 17' lang='lat' dir='ltr'><strong>‘v</strong></span> <span class='ocrx_word' id='word_1_7' title='bbox 1759 212 1829 272; x_wconf 69' lang='lat'><strong>1310</strong></span> 
     </span>
    </p>
   </div>
   <div class='ocr_carea' id='block_1_2' title="bbox 122 319 1827 2043">
    <p class='ocr_par' dir='ltr' id='par_1_2' title="bbox 122 319 1827 2043">
     <span class='ocr_line' id='line_1_2' title="bbox 162 319 1409 408; baseline -0.005 -16"><span class='ocrx_word' id='word_1_8' title='bbox 162 348 270 392; x_wconf 91' lang='lat' dir='ltr'><strong>marius</strong></span> <span class='ocrx_word' id='word_1_9' title='bbox 285 328 468 387; x_wconf 80' lang='lat' dir='ltr'><strong>effundentes</strong></span> <span class='ocrx_word' id='word_1_10' title='bbox 487 323 640 382; x_wconf 86' lang='lat' dir='ltr'><strong>innoxium</strong></span> <span class='ocrx_word' id='word_1_11' title='bbox 657 324 833 399; x_wconf 91' lang='lat' dir='ltr'><strong>sanguinem</strong></span> <span class='ocrx_word' id='word_1_12' title='bbox 850 338 858 382; x_wconf 82' lang='lat' dir='ltr'><strong>t</strong></span> <span class='ocrx_word' id='word_1_13' title='bbox 961 325 990 395; x_wconf 68' lang='lat' dir='ltr'>A</span> <span class='ocrx_word' id='word_1_14' title='bbox 1039 319 1153 406; x_wconf 70' lang='lat' dir='ltr'><strong>etaloe,</strong></span> <span class='ocrx_word' id='word_1_15' title='bbox 1168 325 1198 408; x_wconf 75' lang='lat' dir='ltr'><strong>et</strong></span> <span class='ocrx_word' id='word_1_16' title='bbox 1211 321 1409 386; x_wconf 72' lang='lat' dir='ltr'><strong>cinnamomo.</strong></span> 
     </span>
     <span class='ocr_line' id='line_1_3' title="bbox 124 395 1817 474; baseline 0.003 -9"><span class='ocrx_word' id='word_1_17' title='bbox 124 411 180 469; x_wconf 87' lang='lat' dir='ltr'><strong>Cor</strong></span> <span class='ocrx_word' id='word_1_18' title='bbox 194 404 409 464; x_wconf 89' lang='lat' dir='ltr'><strong>machinansco</strong></span> <span class='ocrx_word' id='word_1_19' title='bbox 431 397 567 454; x_wconf 88' lang='lat' dir='ltr'><strong>itatioues</strong></span> <span class='ocrx_word' id='word_1_20' title='bbox 577 396 733 469; x_wconf 88' lang='lat' dir='ltr'><strong>pessimas,</strong></span> <span class='ocrx_word' id='word_1_21' title='bbox 1003 395 1088 463; x_wconf 83' lang='lat' dir='ltr'><strong>Veni,</strong></span> <span class='ocrx_word' id='word_1_22' title='bbox 1104 395 1286 451; x_wconf 85' lang='lat' dir='ltr'><strong>inebriemur</strong></span> <span class='ocrx_word' id='word_1_23' title='bbox 1299 397 1440 459; x_wconf 76' lang='lat' dir='ltr'>uberibus</span> <span class='ocrx_word' id='word_1_24' title='bbox 1454 403 1549 464; x_wconf 91' lang='lat' dir='ltr'><strong>donec</strong></span> <span class='ocrx_word' id='word_1_25' title='bbox 1574 406 1734 469; x_wconf 84' lang='lat' dir='ltr'><strong>illucescat</strong></span> <span class='ocrx_word' id='word_1_26' title='bbox 1758 412 1817 474; x_wconf 86' lang='lat' dir='ltr'><strong>diae</strong></span> 
     </span>
     <span class='ocr_line' id='line_1_4' title="bbox 161 413 1827 552; baseline -0.005 -17"><span class='ocrx_word' id='word_1_27' title='bbox 161 480 250 552; x_wconf 80' lang='lat' dir='ltr'><strong>pedes</strong></span> <span class='ocrx_word' id='word_1_28' title='bbox 264 472 375 529; x_wconf 78' lang='lat' dir='ltr'><strong>veloces</strong></span> <span class='ocrx_word' id='word_1_29' title='bbox 386 413 429 526; x_wconf 50' lang='lat' dir='ltr'><strong>af</strong></span> <span class='ocrx_word' id='word_1_30' title='bbox 432 468 610 526; x_wconf 91' lang='lat' dir='ltr'><strong>currendum</strong></span> <span class='ocrx_word' id='word_1_31' title='bbox 625 468 656 524; x_wconf 92' lang='lat' dir='ltr'><strong>in</strong></span> <span class='ocrx_word' id='word_1_32' title='bbox 669 468 780 525; x_wconf 87' lang='lat' dir='ltr'><strong>malum</strong></span> <span class='ocrx_word' id='word_1_33' title='bbox 796 487 804 538; x_wconf 74' lang='grc' dir='ltr'><strong>ς</strong></span> <span class='ocrx_word' id='word_1_34' title='bbox 1038 469 1068 520; x_wconf 89' lang='lat' dir='ltr'><strong>et</strong></span> <span class='ocrx_word' id='word_1_35' title='bbox 1082 465 1216 550; x_wconf 77' lang='lat' dir='ltr'><strong>truamur</strong></span> <span class='ocrx_word' id='word_1_36' title='bbox 1230 468 1340 550; x_wconf 82' lang='lat' dir='ltr'><strong>cupitis</strong></span> <span class='ocrx_word' id='word_1_37' title='bbox 1354 472 1549 546; x_wconf 73' lang='lat' dir='ltr'><strong>amplexibus.</strong></span> <span class='ocrx_word' id='word_1_38' title='bbox 1818 456 1827 485; x_wconf 81' lang='lat'><em>¹</em></span> 
     </span>
     <span class='ocr_line' id='line_1_5' title="bbox 125 535 1503 621; baseline -0.004 -11"><span class='ocrx_word' id='word_1_39' title='bbox 125 550 321 610; x_wconf 86' lang='lat' dir='ltr'><strong>Proierentem</strong></span> <span class='ocrx_word' id='word_1_40' title='bbox 338 539 493 598; x_wconf 87' lang='lat' dir='ltr'><strong>mendacia</strong></span> <span class='ocrx_word' id='word_1_41' title='bbox 508 544 613 596; x_wconf 88' lang='lat' dir='ltr'><strong>testem</strong></span> <span class='ocrx_word' id='word_1_42' title='bbox 625 540 771 605; x_wconf 75' lang='lat' dir='ltr'><strong>fallacem,</strong></span> <span class='ocrx_word' id='word_1_43' title='bbox 1002 535 1066 592; x_wconf 88' lang='lat' dir='ltr'><strong>Non</strong></span> <span class='ocrx_word' id='word_1_44' title='bbox 1079 541 1127 618; x_wconf 69' lang='lat' dir='ltr'><strong>est</strong></span> <span class='ocrx_word' id='word_1_45' title='bbox 1141 553 1218 620; x_wconf 82' lang='lat' dir='ltr'><strong>enim</strong></span> <span class='ocrx_word' id='word_1_46' title='bbox 1233 555 1278 621; x_wconf 72' lang='lat' dir='ltr'><strong>vir</strong></span> <span class='ocrx_word' id='word_1_47' title='bbox 1291 540 1321 595; x_wconf 90' lang='lat' dir='ltr'><strong>in</strong></span> <span class='ocrx_word' id='word_1_48' title='bbox 1337 541 1423 600; x_wconf 93' lang='lat' dir='ltr'><strong>domo</strong></span> <span class='ocrx_word' id='word_1_49' title='bbox 1438 561 1503 617; x_wconf 90' lang='lat' dir='ltr'><strong>sua,</strong></span> 
     </span>
     <span class='ocr_line' id='line_1_6' title="bbox 160 607 1373 681; baseline -0.007 -4"><span class='ocrx_word' id='word_1_50' title='bbox 160 629 189 677; x_wconf 92' lang='lat' dir='ltr'><strong>et</strong></span> <span class='ocrx_word' id='word_1_51' title='bbox 203 634 269 675; x_wconf 91' lang='lat' dir='ltr'><strong>eum</strong></span> <span class='ocrx_word' id='word_1_52' title='bbox 307 615 336 670; x_wconf 91' lang='lat' dir='ltr'><strong>ui</strong></span> <span class='ocrx_word' id='word_1_53' title='bbox 351 613 479 670; x_wconf 90' lang='lat' dir='ltr'><strong>seminat</strong></span> <span class='ocrx_word' id='word_1_54' title='bbox 491 611 569 669; x_wconf 87' lang='lat' dir='ltr'><strong>inter</strong></span> <span class='ocrx_word' id='word_1_55' title='bbox 583 613 688 669; x_wconf 88' lang='lat' dir='ltr'><strong>iratres</strong></span> <span class='ocrx_word' id='word_1_56' title='bbox 702 610 875 670; x_wconf 82' lang='lat' dir='ltr'><strong>discordias.</strong></span> <span class='ocrx_word' id='word_1_57' title='bbox 1038 607 1113 665; x_wconf 88' lang='lat' dir='ltr'><strong>abiit</strong></span> <span class='ocrx_word' id='word_1_58' title='bbox 1127 623 1174 665; x_wconf 89' lang='lat' dir='ltr'><strong>via</strong></span> <span class='ocrx_word' id='word_1_59' title='bbox 1189 609 1373 681; x_wconf 87' lang='lat' dir='ltr'><strong>longissima.</strong></span> 
     </span>
     <span class='ocr_line' id='line_1_7' title="bbox 123 633 1521 762; baseline -0.009 -11"><span class='ocrx_word' id='word_1_60' title='bbox 123 633 333 755; x_wconf 45' lang='lat' dir='ltr'><strong>Consarvaffili</strong></span> <span class='ocrx_word' id='word_1_61' title='bbox 349 686 401 752; x_wconf 90' lang='lat' dir='ltr'><strong>mi,</strong></span> <span class='ocrx_word' id='word_1_62' title='bbox 412 688 557 756; x_wconf 78' lang='lat' dir='ltr'><strong>precepta</strong></span> <span class='ocrx_word' id='word_1_63' title='bbox 571 685 663 755; x_wconf 91' lang='lat' dir='ltr'><strong>patris</strong></span> <span class='ocrx_word' id='word_1_64' title='bbox 678 685 735 752; x_wconf 85' lang='lat' dir='ltr'><strong>tui,</strong></span> <span class='ocrx_word' id='word_1_65' title='bbox 1001 678 1157 762; x_wconf 71' lang='lat' dir='ltr'><strong>Ssocuium</strong></span> <span class='ocrx_word' id='word_1_66' title='bbox 1173 696 1323 753; x_wconf 78' lang='lat' dir='ltr'><strong>pecunmae</strong></span> <span class='ocrx_word' id='word_1_67' title='bbox 1338 687 1415 742; x_wconf 68' lang='lat' dir='ltr'><strong>meni</strong></span> <span class='ocrx_word' id='word_1_68' title='bbox 1431 688 1521 748; x_wconf 81' lang='lat' dir='ltr'><strong>tulit:</strong></span> 
     </span>
     <span class='ocr_line' id='line_1_8' title="bbox 159 749 1825 835; baseline 0.004 -16"><span class='ocrx_word' id='word_1_69' title='bbox 159 771 187 819; x_wconf 90' lang='lat' dir='ltr'><strong>et</strong></span> <span class='ocrx_word' id='word_1_70' title='bbox 202 776 238 817; x_wconf 91' lang='lat' dir='ltr'><strong>na</strong></span> <span class='ocrx_word' id='word_1_71' title='bbox 252 758 386 814; x_wconf 76' lang='lat' dir='ltr'><strong>dimittas</strong></span> <span class='ocrx_word' id='word_1_72' title='bbox 401 757 495 827; x_wconf 86' lang='lat' dir='ltr'><strong>legem</strong></span> <span class='ocrx_word' id='word_1_73' title='bbox 514 754 617 811; x_wconf 88' lang='lat' dir='ltr'><strong>matris</strong></span> <span class='ocrx_word' id='word_1_74' title='bbox 631 760 698 812; x_wconf 85' lang='lat' dir='ltr'><strong>tua.</strong></span> <span class='ocrx_word' id='word_1_75' title='bbox 1037 751 1068 806; x_wconf 91' lang='lat' dir='ltr'><strong>in</strong></span> <span class='ocrx_word' id='word_1_76' title='bbox 1078 752 1126 835; x_wconf 73' lang='lat' dir='ltr'><strong>die</strong></span> <span class='ocrx_word' id='word_1_77' title='bbox 1136 749 1491 824; x_wconf 82' lang='lat' dir='ltr'><strong>plenalunareversurua</strong></span> <span class='ocrx_word' id='word_1_78' title='bbox 1501 763 1589 824; x_wconf 90' lang='lat' dir='ltr'><strong>estin</strong></span> <span class='ocrx_word' id='word_1_79' title='bbox 1600 767 1825 832; x_wconf 80' lang='lat' dir='ltr'><strong>domumanani.</strong></span> 
     </span>
     <span class='ocr_line' id='line_1_9' title="bbox 125 824 1540 907; baseline -0.012 -16"><span class='ocrx_word' id='word_1_80' title='bbox 125 836 197 907; x_wconf 85' lang='lat' dir='ltr'><strong>Ligs</strong></span> <span class='ocrx_word' id='word_1_81' title='bbox 210 848 245 888; x_wconf 91' lang='lat' dir='ltr'><strong>ea</strong></span> <span class='ocrx_word' id='word_1_82' title='bbox 258 829 288 885; x_wconf 89' lang='lat' dir='ltr'><strong>iu</strong></span> <span class='ocrx_word' id='word_1_83' title='bbox 297 830 386 886; x_wconf 89' lang='lat' dir='ltr'><strong>eorde</strong></span> <span class='ocrx_word' id='word_1_84' title='bbox 400 833 452 883; x_wconf 92' lang='lat' dir='ltr'><strong>tuo</strong></span> <span class='ocrx_word' id='word_1_85' title='bbox 464 827 585 899; x_wconf 84' lang='lat' dir='ltr'><strong>jugiter,</strong></span> <span class='ocrx_word' id='word_1_86' title='bbox 1002 824 1128 879; x_wconf 74' lang='lat' dir='ltr'><strong>irretivit</strong></span> <span class='ocrx_word' id='word_1_87' title='bbox 1143 839 1212 880; x_wconf 93' lang='lat' dir='ltr'><strong>eum</strong></span> <span class='ocrx_word' id='word_1_88' title='bbox 1226 824 1329 882; x_wconf 82' lang='lat' dir='ltr'><strong>multis</strong></span> <span class='ocrx_word' id='word_1_89' title='bbox 1342 833 1540 893; x_wconf 63' lang='lat' dir='ltr'><strong>sermonibu,‚</strong></span> 
     </span>
     <span class='ocr_line' id='line_1_10' title="bbox 157 892 1670 975; baseline -0.007 -16"><span class='ocrx_word' id='word_1_90' title='bbox 157 902 340 962; x_wconf 87' lang='lat' dir='ltr'><strong>etcircunda</strong></span> <span class='ocrx_word' id='word_1_91' title='bbox 363 899 477 972; x_wconf 88' lang='lat' dir='ltr'><strong>gutturi</strong></span> <span class='ocrx_word' id='word_1_92' title='bbox 506 905 566 953; x_wconf 88' lang='lat' dir='ltr'><strong>tuo.</strong></span> <span class='ocrx_word' id='word_1_93' title='bbox 1037 899 1067 950; x_wconf 90' lang='lat' dir='ltr'><strong>et</strong></span> <span class='ocrx_word' id='word_1_94' title='bbox 1080 892 1232 952; x_wconf 90' lang='lat' dir='ltr'><strong>blanditiis</strong></span> <span class='ocrx_word' id='word_1_95' title='bbox 1246 896 1391 957; x_wconf 90' lang='lat' dir='ltr'><strong>labiorum</strong></span> <span class='ocrx_word' id='word_1_96' title='bbox 1405 908 1550 975; x_wconf 66' lang='lat' dir='ltr'><strong>proemia</strong></span> <span class='ocrx_word' id='word_1_97' title='bbox 1572 909 1670 971; x_wconf 51' lang='lat' dir='ltr'><strong>inum·</strong></span> 
     </span>
     <span class='ocr_line' id='line_1_11' title="bbox 123 965 1333 1043; baseline -0.008 -7"><span class='ocrx_word' id='word_1_98' title='bbox 123 979 196 1036; x_wconf 84' lang='lat' dir='ltr'><strong>Cum</strong></span> <span class='ocrx_word' id='word_1_99' title='bbox 213 971 423 1043; x_wconf 70' lang='lat' dir='ltr'><strong>ambulaveris,</strong></span> <span class='ocrx_word' id='word_1_100' title='bbox 438 969 612 1042; x_wconf 72' lang='lat' dir='ltr'><strong>gradiantur</strong></span> <span class='ocrx_word' id='word_1_101' title='bbox 625 973 725 1027; x_wconf 86' lang='lat' dir='ltr'><strong>tecum</strong></span> <span class='ocrx_word' id='word_1_102' title='bbox 742 983 750 1024; x_wconf 78' lang='lat' dir='ltr'><strong>t</strong></span> <span class='ocrx_word' id='word_1_103' title='bbox 1000 965 1106 1022; x_wconf 84' lang='lat' dir='ltr'><strong>Statim</strong></span> <span class='ocrx_word' id='word_1_104' title='bbox 1122 981 1187 1023; x_wconf 92' lang='lat' dir='ltr'><strong>eam</strong></span> <span class='ocrx_word' id='word_1_105' title='bbox 1200 968 1333 1040; x_wconf 86' lang='lat' dir='ltr'><strong>sequitur</strong></span> 
     </span>
     <span class='ocr_line' id='line_1_12' title="bbox 162 1035 1523 1124; baseline 0.001 -19"><span class='ocrx_word' id='word_1_106' title='bbox 162 1064 230 1105; x_wconf 88' lang='lat' dir='ltr'><strong>cuin</strong></span> <span class='ocrx_word' id='word_1_107' title='bbox 239 1044 406 1110; x_wconf 88' lang='lat' dir='ltr'><strong>dormieris,</strong></span> <span class='ocrx_word' id='word_1_108' title='bbox 417 1041 586 1098; x_wconf 84' lang='lat' dir='ltr'><strong>custodiant</strong></span> <span class='ocrx_word' id='word_1_109' title='bbox 598 1045 646 1111; x_wconf 66' lang='lat' dir='ltr'><strong>tep</strong></span> <span class='ocrx_word' id='word_1_110' title='bbox 1038 1035 1190 1119; x_wconf 26' lang='lat' dir='ltr'><strong>quasiUbos</strong></span> <span class='ocrx_word' id='word_1_111' title='bbox 1204 1039 1311 1098; x_wconf 89' lang='lat' dir='ltr'><strong>duetus</strong></span> <span class='ocrx_word' id='word_1_112' title='bbox 1321 1042 1357 1098; x_wconf 88' lang='lat' dir='ltr'><strong>ad</strong></span> <span class='ocrx_word' id='word_1_113' title='bbox 1370 1043 1523 1124; x_wconf 87' lang='lat' dir='ltr'><strong>victimari,</strong></span> 
     </span>
     <span class='ocr_line' id='line_1_13' title="bbox 162 1109 1454 1192; baseline -0.003 -17"><span class='ocrx_word' id='word_1_114' title='bbox 162 1127 192 1177; x_wconf 93' lang='lat' dir='ltr'><strong>et</strong></span> <span class='ocrx_word' id='word_1_115' title='bbox 202 1116 344 1189; x_wconf 79' lang='lat' dir='ltr'><strong>evigilans</strong></span> <span class='ocrx_word' id='word_1_116' title='bbox 359 1114 478 1187; x_wconf 87' lang='lat' dir='ltr'><strong>loquere</strong></span> <span class='ocrx_word' id='word_1_117' title='bbox 492 1128 560 1168; x_wconf 92' lang='lat' dir='ltr'><strong>cum</strong></span> <span class='ocrx_word' id='word_1_118' title='bbox 575 1112 629 1169; x_wconf 86' lang='lat' dir='ltr'><strong>eia.</strong></span> <span class='ocrx_word' id='word_1_119' title='bbox 1002 1109 1038 1164; x_wconf 87' lang='lat' dir='ltr'><strong>Et</strong></span> <span class='ocrx_word' id='word_1_120' title='bbox 1051 1124 1137 1192; x_wconf 77' lang='lat' dir='ltr'><strong>quasi</strong></span> <span class='ocrx_word' id='word_1_121' title='bbox 1152 1125 1247 1182; x_wconf 88' lang='lat' dir='ltr'><strong>agnus</strong></span> <span class='ocrx_word' id='word_1_122' title='bbox 1263 1111 1418 1172; x_wconf 83' lang='lat' dir='ltr'><strong>lasciviens</strong></span> <span class='ocrx_word' id='word_1_123' title='bbox 1432 1119 1454 1189; x_wconf 91' lang='lat'><strong>¹,</strong></span> 
     </span>
     <span class='ocr_line' id='line_1_14' title="bbox 125 1185 1821 1263; baseline -0.021 -14"><span class='ocrx_word' id='word_1_124' title='bbox 125 1193 197 1259; x_wconf 87' lang='lat' dir='ltr'><strong>Quia</strong></span> <span class='ocrx_word' id='word_1_125' title='bbox 209 1185 573 1254; x_wconf 87' lang='lat' dir='ltr'><strong>mandatumlucerusest,</strong></span> <span class='ocrx_word' id='word_1_126' title='bbox 1037 1185 1066 1235; x_wconf 86' lang='lat' dir='ltr'><strong>at</strong></span> <span class='ocrx_word' id='word_1_127' title='bbox 1080 1196 1220 1252; x_wconf 58' lang='lat' dir='ltr'><strong>ignorans</strong></span> <span class='ocrx_word' id='word_1_128' title='bbox 1235 1185 1313 1256; x_wconf 67' lang='lat' dir='ltr'>quod</span> <span class='ocrx_word' id='word_1_129' title='bbox 1328 1186 1364 1242; x_wconf 60' lang='lat' dir='ltr'><strong>,d</strong></span> <span class='ocrx_word' id='word_1_130' title='bbox 1381 1187 1498 1249; x_wconf 62' lang='lat' dir='ltr'><strong>vincul,</strong></span> <span class='ocrx_word' id='word_1_131' title='bbox 1526 1194 1639 1256; x_wconf 47' lang='lat' dir='ltr'><strong>stultu.</strong></span> <span class='ocrx_word' id='word_1_132' title='bbox 1671 1200 1821 1263; x_wconf 52' lang='lat' dir='ltr'><strong>mmm:</strong></span> 
     </span>
     <span class='ocr_line' id='line_1_15' title="bbox 161 1250 1572 1337; baseline -0.007 -7"><span class='ocrx_word' id='word_1_133' title='bbox 161 1261 246 1320; x_wconf 70' lang='lat'>02101</span> <span class='ocrx_word' id='word_1_134' title='bbox 261 1259 324 1327; x_wconf 71' lang='lat'>¹⁰¹,</span> <span class='ocrx_word' id='word_1_135' title='bbox 1003 1250 1098 1308; x_wconf 82' lang='lat' dir='ltr'><strong>Donec</strong></span> <span class='ocrx_word' id='word_1_136' title='bbox 1111 1254 1269 1335; x_wconf 78' lang='lat' dir='ltr'><strong>transligat</strong></span> <span class='ocrx_word' id='word_1_137' title='bbox 1282 1257 1390 1329; x_wconf 82' lang='lat' dir='ltr'><strong>sagitta</strong></span> <span class='ocrx_word' id='word_1_138' title='bbox 1420 1265 1572 1337; x_wconf 73' lang='lat' dir='ltr'><strong>accretas</strong></span> 
     </span>
     <span class='ocr_line' id='line_1_16' title="bbox 160 1311 1597 1451; baseline 0.003 -61"><span class='ocrx_word' id='word_1_139' title='bbox 160 1339 189 1391; x_wconf 88' lang='lat' dir='ltr'><strong>et</strong></span> <span class='ocrx_word' id='word_1_140' title='bbox 203 1333 251 1387; x_wconf 90' lang='lat' dir='ltr'><strong>via</strong></span> <span class='ocrx_word' id='word_1_141' title='bbox 265 1330 330 1386; x_wconf 79' lang='lat' dir='ltr'><strong>vitai</strong></span> <span class='ocrx_word' id='word_1_142' title='bbox 340 1326 502 1399; x_wconf 89' lang='lat' dir='ltr'><strong>increpatio</strong></span> <span class='ocrx_word' id='word_1_143' title='bbox 525 1323 687 1451; x_wconf 76' lang='lat' dir='ltr'><strong>disciplina</strong></span> <span class='ocrx_word' id='word_1_144' title='bbox 707 1341 716 1382; x_wconf 75' lang='grc' dir='ltr'><strong>ι</strong></span> <span class='ocrx_word' id='word_1_145' title='bbox 1037 1321 1118 1379; x_wconf 86' lang='lat' dir='ltr'><strong>velut</strong></span> <span class='ocrx_word' id='word_1_146' title='bbox 1131 1339 1159 1407; x_wconf 78' lang='lat'><strong>⁸¹.</strong></span> <span class='ocrx_word' id='word_1_147' title='bbox 1172 1340 1235 1407; x_wconf 78' lang='lat' dir='ltr'><strong>avis</strong></span> <span class='ocrx_word' id='word_1_148' title='bbox 1253 1328 1406 1388; x_wconf 80' lang='lat' dir='ltr'><strong>lestinetaa</strong></span> <span class='ocrx_word' id='word_1_149' title='bbox 1434 1311 1597 1406; x_wconf 70' lang='lat' dir='ltr'><strong>laqueum⁹t</strong></span> 
     </span>
     <span class='ocr_line' id='line_1_17' title="bbox 125 1396 1782 1490; baseline -0.003 -13"><span class='ocrx_word' id='word_1_150' title='bbox 125 1407 162 1464; x_wconf 76' lang='lat' dir='ltr'><strong>Ut</strong></span> <span class='ocrx_word' id='word_1_151' title='bbox 177 1403 345 1462; x_wconf 65' lang='grc' dir='ltr'><strong>θῦθῑθᾶῑῦὓῑ</strong></span> <span class='ocrx_word' id='word_1_152' title='bbox 354 1405 410 1456; x_wconf 62' lang='grc' dir='ltr'><strong>ῑθθ</strong></span> <span class='ocrx_word' id='word_1_153' title='bbox 424 1396 544 1453; x_wconf 63' lang='lat' dir='ltr'><strong>muliere</strong></span> <span class='ocrx_word' id='word_1_154' title='bbox 556 1413 604 1453; x_wconf 63' lang='grc' dir='ltr'>Μ</span> <span class='ocrx_word' id='word_1_155' title='bbox 617 1412 644 1466; x_wconf 71' lang='lat'><strong>³2</strong></span> <span class='ocrx_word' id='word_1_156' title='bbox 1037 1400 1066 1451; x_wconf 90' lang='lat' dir='ltr'><strong>st</strong></span> <span class='ocrx_word' id='word_1_157' title='bbox 1079 1401 1174 1451; x_wconf 79' lang='lat' dir='ltr'><strong>nescit</strong></span> <span class='ocrx_word' id='word_1_158' title='bbox 1206 1412 1255 1480; x_wconf 78' lang='lat' dir='ltr'><strong>uia</strong></span> <span class='ocrx_word' id='word_1_159' title='bbox 1269 1399 1305 1456; x_wconf 92' lang='lat' dir='ltr'><strong>de</strong></span> <span class='ocrx_word' id='word_1_160' title='bbox 1320 1402 1450 1473; x_wconf 84' lang='lat' dir='ltr'><strong>periculo</strong></span> <span class='ocrx_word' id='word_1_161' title='bbox 1459 1407 1564 1466; x_wconf 84' lang='lat' dir='ltr'><strong>animas</strong></span> <span class='ocrx_word' id='word_1_162' title='bbox 1576 1408 1663 1470; x_wconf 89' lang='lat' dir='ltr'><strong>illins</strong></span> <span class='ocrx_word' id='word_1_163' title='bbox 1678 1415 1782 1490; x_wconf 86' lang='lat' dir='ltr'><strong>agitur.</strong></span> 
     </span>
     <span class='ocr_line' id='line_1_18' title="bbox 162 1464 1463 1543; baseline -0.004 -10"><span class='ocrx_word' id='word_1_164' title='bbox 162 1483 190 1534; x_wconf 90' lang='lat' dir='ltr'><strong>et</strong></span> <span class='ocrx_word' id='word_1_165' title='bbox 209 1474 349 1532; x_wconf 83' lang='lat' dir='ltr'><strong>abiendo</strong></span> <span class='ocrx_word' id='word_1_166' title='bbox 363 1471 629 1542; x_wconf 81' lang='lat' dir='ltr'><strong>linguaextraoeae.</strong></span> <span class='ocrx_word' id='word_1_167' title='bbox 1001 1464 1086 1521; x_wconf 88' lang='lat' dir='ltr'><strong>Nunc</strong></span> <span class='ocrx_word' id='word_1_168' title='bbox 1100 1481 1181 1539; x_wconf 84' lang='lat' dir='ltr'><strong>ergo,</strong></span> <span class='ocrx_word' id='word_1_169' title='bbox 1219 1468 1240 1524; x_wconf 93' lang='lat' dir='ltr'><strong>li</strong></span> <span class='ocrx_word' id='word_1_170' title='bbox 1254 1471 1307 1541; x_wconf 83' lang='lat' dir='ltr'><strong>mi,</strong></span> <span class='ocrx_word' id='word_1_171' title='bbox 1320 1472 1390 1529; x_wconf 91' lang='lat' dir='ltr'><strong>audi</strong></span> <span class='ocrx_word' id='word_1_172' title='bbox 1407 1490 1463 1543; x_wconf 76' lang='lat' dir='ltr'><strong>me,</strong></span> 
     </span>
     <span class='ocr_line' id='line_1_19' title="bbox 124 1538 1450 1617; baseline -0.002 -11"><span class='ocrx_word' id='word_1_173' title='bbox 124 1549 187 1606; x_wconf 93' lang='lat' dir='ltr'><strong>Non</strong></span> <span class='ocrx_word' id='word_1_174' title='bbox 201 1545 389 1617; x_wconf 88' lang='lat' dir='ltr'><strong>concupiscat</strong></span> <span class='ocrx_word' id='word_1_175' title='bbox 408 1540 658 1614; x_wconf 82' lang='lat' dir='ltr'><strong>plucbriiudinem</strong></span> <span class='ocrx_word' id='word_1_176' title='bbox 672 1540 738 1612; x_wconf 77' lang='lat' dir='ltr'><strong>ejus</strong></span> <span class='ocrx_word' id='word_1_177' title='bbox 752 1554 802 1596; x_wconf 91' lang='lat' dir='ltr'><strong>cor</strong></span> <span class='ocrx_word' id='word_1_178' title='bbox 815 1540 913 1595; x_wconf 83' lang='lat' dir='ltr'><strong>tunm,</strong></span> <span class='ocrx_word' id='word_1_179' title='bbox 1037 1543 1066 1593; x_wconf 92' lang='lat' dir='ltr'><strong>et</strong></span> <span class='ocrx_word' id='word_1_180' title='bbox 1076 1538 1194 1594; x_wconf 89' lang='lat' dir='ltr'><strong>attende</strong></span> <span class='ocrx_word' id='word_1_181' title='bbox 1207 1541 1364 1601; x_wconf 85' lang='lat' dir='ltr'><strong>rsrbaorle</strong></span> <span class='ocrx_word' id='word_1_182' title='bbox 1380 1547 1450 1603; x_wconf 88' lang='lat' dir='ltr'><strong>mei.</strong></span> 
     </span>
     <span class='ocr_line' id='line_1_20' title="bbox 161 1608 1652 1689; baseline -0.007 -5"><span class='ocrx_word' id='word_1_183' title='bbox 161 1635 214 1676; x_wconf 76' lang='lat' dir='ltr'><strong>nte</strong></span> <span class='ocrx_word' id='word_1_184' title='bbox 230 1617 355 1689; x_wconf 67' lang='lat' dir='ltr'><strong>capiaris</strong></span> <span class='ocrx_word' id='word_1_185' title='bbox 371 1614 491 1670; x_wconf 67' lang='lat' dir='ltr'><strong>nulibus</strong></span> <span class='ocrx_word' id='word_1_186' title='bbox 503 1611 594 1668; x_wconf 72' lang='lat' dir='ltr'><strong>illius·</strong></span> <span class='ocrx_word' id='word_1_187' title='bbox 1002 1610 1043 1666; x_wconf 90' lang='lat' dir='ltr'><strong>Ns</strong></span> <span class='ocrx_word' id='word_1_188' title='bbox 1059 1608 1250 1666; x_wconf 87' lang='lat' dir='ltr'><strong>abstrabatur</strong></span> <span class='ocrx_word' id='word_1_189' title='bbox 1264 1612 1295 1669; x_wconf 93' lang='lat' dir='ltr'><strong>in</strong></span> <span class='ocrx_word' id='word_1_190' title='bbox 1307 1613 1452 1676; x_wconf 83' lang='lat' dir='ltr'><strong>siiaitlina</strong></span> <span class='ocrx_word' id='word_1_191' title='bbox 1466 1635 1549 1681; x_wconf 85' lang='lat' dir='ltr'><strong>mena</strong></span> <span class='ocrx_word' id='word_1_192' title='bbox 1564 1626 1618 1684; x_wconf 78' lang='lat' dir='ltr'><strong>tua</strong></span> <span class='ocrx_word' id='word_1_193' title='bbox 1643 1644 1652 1683; x_wconf 93' lang='lat'><strong>:</strong></span> 
     </span>
     <span class='ocr_line' id='line_1_21' title="bbox 123 1679 1517 1769; baseline -0.004 -21"><span class='ocrx_word' id='word_1_194' title='bbox 123 1692 253 1749; x_wconf 84' lang='lat' dir='ltr'><strong>Pretium</strong></span> <span class='ocrx_word' id='word_1_195' title='bbox 277 1688 356 1745; x_wconf 90' lang='lat' dir='ltr'><strong>enim</strong></span> <span class='ocrx_word' id='word_1_196' title='bbox 380 1685 469 1742; x_wconf 87' lang='lat' dir='ltr'><strong>scorti</strong></span> <span class='ocrx_word' id='word_1_197' title='bbox 496 1685 544 1741; x_wconf 81' lang='lat' dir='ltr'><strong>vix</strong></span> <span class='ocrx_word' id='word_1_198' title='bbox 576 1682 664 1739; x_wconf 89' lang='lat' dir='ltr'><strong>unius</strong></span> <span class='ocrx_word' id='word_1_199' title='bbox 679 1685 724 1738; x_wconf 93' lang='lat' dir='ltr'><strong>eet</strong></span> <span class='ocrx_word' id='word_1_200' title='bbox 738 1679 824 1755; x_wconf 90' lang='lat' dir='ltr'><strong>panis</strong></span> <span class='ocrx_word' id='word_1_201' title='bbox 851 1696 858 1737; x_wconf 91' lang='lat'>:</span> <span class='ocrx_word' id='word_1_202' title='bbox 963 1700 989 1769; x_wconf 75' lang='lat' dir='ltr'>B</span> <span class='ocrx_word' id='word_1_203' title='bbox 1039 1696 1133 1751; x_wconf 89' lang='lat' dir='ltr'><strong>neque</strong></span> <span class='ocrx_word' id='word_1_204' title='bbox 1145 1680 1301 1765; x_wconf 83' lang='lat' dir='ltr'><strong>decipiaris</strong></span> <span class='ocrx_word' id='word_1_205' title='bbox 1311 1687 1427 1747; x_wconf 84' lang='lat' dir='ltr'><strong>semitis</strong></span> <span class='ocrx_word' id='word_1_206' title='bbox 1440 1691 1517 1765; x_wconf 62' lang='lat' dir='ltr'><strong>eiua.</strong></span> 
     </span>
     <span class='ocr_line' id='line_1_22' title="bbox 160 1752 1512 1835; baseline -0.004 -17"><span class='ocrx_word' id='word_1_207' title='bbox 160 1762 267 1818; x_wconf 89' lang='lat' dir='ltr'><strong>mulier</strong></span> <span class='ocrx_word' id='word_1_208' title='bbox 280 1764 378 1815; x_wconf 88' lang='lat' dir='ltr'><strong>autem</strong></span> <span class='ocrx_word' id='word_1_209' title='bbox 393 1755 446 1811; x_wconf 90' lang='lat' dir='ltr'><strong>viri</strong></span> <span class='ocrx_word' id='word_1_210' title='bbox 464 1756 622 1828; x_wconf 87' lang='lat' dir='ltr'><strong>pretiosam</strong></span> <span class='ocrx_word' id='word_1_211' title='bbox 638 1755 766 1810; x_wconf 90' lang='lat' dir='ltr'><strong>animam</strong></span> <span class='ocrx_word' id='word_1_212' title='bbox 782 1753 870 1823; x_wconf 86' lang='lat' dir='ltr'><strong>capit.</strong></span> <span class='ocrx_word' id='word_1_213' title='bbox 1004 1752 1111 1808; x_wconf 86' lang='lat' dir='ltr'><strong>Multos</strong></span> <span class='ocrx_word' id='word_1_214' title='bbox 1121 1768 1197 1808; x_wconf 89' lang='lat' dir='ltr'><strong>enirn</strong></span> <span class='ocrx_word' id='word_1_215' title='bbox 1214 1754 1380 1815; x_wconf 85' lang='lat' dir='ltr'><strong>vulneratos</strong></span> <span class='ocrx_word' id='word_1_216' title='bbox 1395 1761 1512 1835; x_wconf 76' lang='lat' dir='ltr'><strong>dejecit,</strong></span> 
     </span>
     <span class='ocr_line' id='line_1_23' title="bbox 122 1824 1708 1906; baseline -0.005 -14"><span class='ocrx_word' id='word_1_217' title='bbox 122 1832 261 1906; x_wconf 87' lang='lat' dir='ltr'><strong>Nnnquid</strong></span> <span class='ocrx_word' id='word_1_218' title='bbox 269 1834 364 1903; x_wconf 89' lang='lat' dir='ltr'><strong>potest</strong></span> <span class='ocrx_word' id='word_1_219' title='bbox 373 1828 459 1884; x_wconf 90' lang='lat' dir='ltr'><strong>bomo</strong></span> <span class='ocrx_word' id='word_1_220' title='bbox 470 1827 649 1882; x_wconf 89' lang='lat' dir='ltr'><strong>abscondere</strong></span> <span class='ocrx_word' id='word_1_221' title='bbox 659 1826 793 1897; x_wconf 87' lang='lat' dir='ltr'><strong>ignemin</strong></span> <span class='ocrx_word' id='word_1_222' title='bbox 805 1825 872 1882; x_wconf 91' lang='lat' dir='ltr'><strong>aino</strong></span> <span class='ocrx_word' id='word_1_223' title='bbox 884 1839 949 1896; x_wconf 88' lang='lat' dir='ltr'><strong>suo,</strong></span> <span class='ocrx_word' id='word_1_224' title='bbox 1037 1830 1067 1879; x_wconf 92' lang='lat' dir='ltr'><strong>et</strong></span> <span class='ocrx_word' id='word_1_225' title='bbox 1083 1824 1234 1880; x_wconf 83' lang='lat' dir='ltr'><strong>tortissimi</strong></span> <span class='ocrx_word' id='word_1_226' title='bbox 1250 1828 1300 1899; x_wconf 92' lang='lat' dir='ltr'><strong>qui</strong></span> <span class='ocrx_word' id='word_1_227' title='bbox 1324 1847 1359 1886; x_wconf 92' lang='lat' dir='ltr'><strong>ue</strong></span> <span class='ocrx_word' id='word_1_228' title='bbox 1371 1832 1517 1894; x_wconf 82' lang='lat' dir='ltr'><strong>interiecti</strong></span> <span class='ocrx_word' id='word_1_229' title='bbox 1531 1843 1606 1899; x_wconf 67' lang='lat' dir='ltr'><strong>aaut</strong></span> <span class='ocrx_word' id='word_1_230' title='bbox 1618 1842 1658 1899; x_wconf 54' lang='lat' dir='ltr'><strong>ab</strong></span> <span class='ocrx_word' id='word_1_231' title='bbox 1672 1855 1708 1899; x_wconf 61' lang='grc' dir='ltr'><em>η</em></span> 
     </span>
     <span class='ocr_line' id='line_1_24' title="bbox 158 1845 1719 1972; baseline -0.007 -11"><span class='ocrx_word' id='word_1_232' title='bbox 158 1913 191 1961; x_wconf 91' lang='lat' dir='ltr'><strong>ut</strong></span> <span class='ocrx_word' id='word_1_233' title='bbox 201 1904 377 1960; x_wconf 83' lang='lat' dir='ltr'><strong>vestimenta</strong></span> <span class='ocrx_word' id='word_1_234' title='bbox 395 1898 476 1954; x_wconf 88' lang='lat' dir='ltr'><strong>illius</strong></span> <span class='ocrx_word' id='word_1_235' title='bbox 492 1914 549 1953; x_wconf 92' lang='lat' dir='ltr'><strong>non</strong></span> <span class='ocrx_word' id='word_1_236' title='bbox 564 1897 714 1954; x_wconf 78' lang='lat' dir='ltr'><strong>ardeant?</strong></span> <span class='ocrx_word' id='word_1_237' title='bbox 1004 1893 1061 1950; x_wconf 81' lang='lat' dir='ltr'><strong>Vin</strong></span> <span class='ocrx_word' id='word_1_238' title='bbox 1073 1895 1158 1951; x_wconf 81' lang='lat' dir='ltr'><strong>interi</strong></span> <span class='ocrx_word' id='word_1_239' title='bbox 1174 1896 1281 1955; x_wconf 93' lang='lat' dir='ltr'><strong>domus</strong></span> <span class='ocrx_word' id='word_1_240' title='bbox 1295 1845 1371 1972; x_wconf 49' lang='lat' dir='ltr'><strong>etius,</strong></span> <span class='ocrx_word' id='word_1_241' title='bbox 1710 1886 1719 1913; x_wconf 87' lang='lat'>&#39;</span> 
     </span>
     <span class='ocr_line' id='line_1_25' title="bbox 122 1970 1534 2043; baseline -0.022 -8"><span class='ocrx_word' id='word_1_242' title='bbox 122 1978 179 2035; x_wconf 77' lang='lat' dir='ltr'><strong>Aut</strong></span> <span class='ocrx_word' id='word_1_243' title='bbox 193 1973 346 2033; x_wconf 89' lang='lat' dir='ltr'><strong>ambulare</strong></span> <span class='ocrx_word' id='word_1_244' title='bbox 360 1986 582 2043; x_wconf 88' lang='lat' dir='ltr'><strong>superprunas,</strong></span> <span class='ocrx_word' id='word_1_245' title='bbox 1038 1971 1224 2038; x_wconf 60' lang='lat' dir='ltr'><strong>penetrantes</strong></span> <span class='ocrx_word' id='word_1_246' title='bbox 1235 1970 1264 2026; x_wconf 66' lang='lat' dir='ltr'><strong>in</strong></span> <span class='ocrx_word' id='word_1_247' title='bbox 1279 1970 1418 2032; x_wconf 57' lang='lat' dir='ltr'><strong>immo„</strong></span> <span class='ocrx_word' id='word_1_248' title='bbox 1428 1977 1534 2036; x_wconf 53' lang='lat' dir='ltr'><strong>morti,</strong></span> 
     </span>
    </p>
   </div>
   <div class='ocr_carea' id='block_1_3' title="bbox 120 2035 1807 3126">
    <p class='ocr_par' dir='ltr' id='par_1_3' title="bbox 120 2035 1807 3126">
     <span class='ocr_line' id='line_1_26' title="bbox 159 2035 1734 2130; baseline 0.017 -26"><span class='ocrx_word' id='word_1_249' title='bbox 159 2056 190 2105; x_wconf 93' lang='lat' dir='ltr'><strong>ut</strong></span> <span class='ocrx_word' id='word_1_250' title='bbox 206 2063 263 2104; x_wconf 90' lang='lat' dir='ltr'><strong>non</strong></span> <span class='ocrx_word' id='word_1_251' title='bbox 279 2044 490 2102; x_wconf 87' lang='lat' dir='ltr'><strong>comburantur</strong></span> <span class='ocrx_word' id='word_1_252' title='bbox 504 2040 608 2112; x_wconf 81' lang='lat' dir='ltr'><strong>planta</strong></span> <span class='ocrx_word' id='word_1_253' title='bbox 624 2038 715 2111; x_wconf 75' lang='lat' dir='ltr'><strong>elue?</strong></span> <span class='ocrx_word' id='word_1_254' title='bbox 1001 2035 1079 2109; x_wconf 63' lang='lat' dir='ltr'><strong>[etw-</strong></span> <span class='ocrx_word' id='word_1_255' title='bbox 1098 2036 1330 2114; x_wconf 55' lang='lat' dir='ltr'><strong>VIII-munium</strong></span> <span class='ocrx_word' id='word_1_256' title='bbox 1346 2061 1403 2101; x_wconf 76' lang='lat'><strong>⁰⁰¹¹</strong></span> <span class='ocrx_word' id='word_1_257' title='bbox 1418 2049 1566 2122; x_wconf 54' lang='lat' dir='ltr'><strong>stillum·</strong></span> <span class='ocrx_word' id='word_1_258' title='bbox 1585 2053 1734 2130; x_wconf 56' lang='lat' dir='ltr'><strong>mmihi·</strong></span> 
     </span>
     <span class='ocr_line' id='line_1_27' title="bbox 122 2108 1519 2192; baseline 0.033 -59"><span class='ocrx_word' id='word_1_259' title='bbox 122 2120 171 2177; x_wconf 51' lang='lat'><strong>31⁰</strong></span> <span class='ocrx_word' id='word_1_260' title='bbox 181 2118 231 2191; x_wconf 59' lang='lat' dir='ltr'><strong>qui</strong></span> <span class='ocrx_word' id='word_1_261' title='bbox 246 2116 407 2187; x_wconf 80' lang='lat' dir='ltr'><strong>ingreditur</strong></span> <span class='ocrx_word' id='word_1_262' title='bbox 418 2114 453 2170; x_wconf 67' lang='lat' dir='ltr'><strong>,d</strong></span> <span class='ocrx_word' id='word_1_263' title='bbox 469 2111 622 2168; x_wconf 55' lang='lat' dir='ltr'><strong>mulierem</strong></span> <span class='ocrx_word' id='word_1_264' title='bbox 639 2108 764 2184; x_wconf 61' lang='lat' dir='ltr'><strong>proximi</strong></span> <span class='ocrx_word' id='word_1_265' title='bbox 783 2108 841 2179; x_wconf 74' lang='lat' dir='ltr'><strong>aui,</strong></span> <span class='ocrx_word' id='word_1_266' title='bbox 1036 2115 1065 2166; x_wconf 91' lang='lat' dir='ltr'><strong>et</strong></span> <span class='ocrx_word' id='word_1_267' title='bbox 1079 2109 1237 2192; x_wconf 32' lang='lat' dir='ltr'><strong>prud-entia</strong></span> <span class='ocrx_word' id='word_1_268' title='bbox 1250 2113 1409 2175; x_wconf 90' lang='lat' dir='ltr'><strong>datvocem</strong></span> <span class='ocrx_word' id='word_1_269' title='bbox 1422 2135 1519 2191; x_wconf 86' lang='lat' dir='ltr'><strong>suam,</strong></span> 
     </span>
     <span class='ocr_line' id='line_1_28' title="bbox 159 2180 1747 2272; baseline 0.025 -51"><span class='ocrx_word' id='word_1_270' title='bbox 159 2207 216 2246; x_wconf 66' lang='lat' dir='ltr'><strong>non</strong></span> <span class='ocrx_word' id='word_1_271' title='bbox 229 2189 285 2245; x_wconf 59' lang='lat' dir='ltr'><strong>„ig</strong></span> <span class='ocrx_word' id='word_1_272' title='bbox 312 2185 485 2242; x_wconf 62' lang='lat' dir='ltr'><strong>immundus</strong></span> <span class='ocrx_word' id='word_1_273' title='bbox 505 2199 572 2239; x_wconf 84' lang='lat' dir='ltr'><strong>cum</strong></span> <span class='ocrx_word' id='word_1_274' title='bbox 587 2182 716 2255; x_wconf 85' lang='lat' dir='ltr'><strong>tetigerit</strong></span> <span class='ocrx_word' id='word_1_275' title='bbox 728 2196 805 2246; x_wconf 88' lang='lat' dir='ltr'><strong>eam,</strong></span> <span class='ocrx_word' id='word_1_276' title='bbox 866 2250 872 2264; x_wconf 35' lang='lat'>⁸</span> <span class='ocrx_word' id='word_1_277' title='bbox 1002 2180 1177 2262; x_wconf 20' lang='lat' dir='ltr'><strong>intsummis</strong></span> <span class='ocrx_word' id='word_1_278' title='bbox 1192 2182 1372 2259; x_wconf 83' lang='lat' dir='ltr'><strong>excelsisque</strong></span> <span class='ocrx_word' id='word_1_279' title='bbox 1387 2192 1545 2252; x_wconf 86' lang='lat' dir='ltr'><strong>verticibus</strong></span> <span class='ocrx_word' id='word_1_280' title='bbox 1555 2199 1747 2272; x_wconf 83' lang='lat' dir='ltr'><strong>supraviam,</strong></span> 
     </span>
     <span class='ocr_line' id='line_1_29' title="bbox 123 2251 1425 2333; baseline 0.011 -22"><span class='ocrx_word' id='word_1_281' title='bbox 123 2267 185 2319; x_wconf 80' lang='lat' dir='ltr'><strong>Non</strong></span> <span class='ocrx_word' id='word_1_282' title='bbox 202 2258 322 2333; x_wconf 83' lang='lat' dir='ltr'><strong>grandis</strong></span> <span class='ocrx_word' id='word_1_283' title='bbox 337 2263 381 2314; x_wconf 90' lang='lat' dir='ltr'><strong>est</strong></span> <span class='ocrx_word' id='word_1_284' title='bbox 394 2255 492 2325; x_wconf 87' lang='lat' dir='ltr'><strong>culpa,</strong></span> <span class='ocrx_word' id='word_1_285' title='bbox 506 2271 574 2309; x_wconf 87' lang='lat' dir='ltr'><strong>cum</strong></span> <span class='ocrx_word' id='word_1_286' title='bbox 589 2253 655 2324; x_wconf 87' lang='lat' dir='ltr'><strong>quie</strong></span> <span class='ocrx_word' id='word_1_287' title='bbox 668 2254 787 2308; x_wconf 86' lang='lat' dir='ltr'><strong>iuratus</strong></span> <span class='ocrx_word' id='word_1_288' title='bbox 800 2251 888 2308; x_wconf 87' lang='lat' dir='ltr'><strong>luerit</strong></span> <span class='ocrx_word' id='word_1_289' title='bbox 904 2267 911 2306; x_wconf 91' lang='lat'><strong>:</strong></span> <span class='ocrx_word' id='word_1_290' title='bbox 1036 2267 1066 2307; x_wconf 90' lang='lat' dir='ltr'><strong>iu</strong></span> <span class='ocrx_word' id='word_1_291' title='bbox 1084 2253 1187 2309; x_wconf 87' lang='lat' dir='ltr'><strong>mediis</strong></span> <span class='ocrx_word' id='word_1_292' title='bbox 1202 2256 1317 2314; x_wconf 89' lang='lat' dir='ltr'><strong>semitis</strong></span> <span class='ocrx_word' id='word_1_293' title='bbox 1331 2263 1425 2330; x_wconf 82' lang='lat' dir='ltr'><strong>stans,</strong></span> 
     </span>
     <span class='ocr_line' id='line_1_30' title="bbox 159 2321 1336 2396; baseline -0.003 -8"><span class='ocrx_word' id='word_1_294' title='bbox 159 2335 277 2389; x_wconf 85' lang='lat' dir='ltr'><strong>iuratur</strong></span> <span class='ocrx_word' id='word_1_295' title='bbox 291 2330 382 2395; x_wconf 82' lang='lat' dir='ltr'><strong>enim,</strong></span> <span class='ocrx_word' id='word_1_296' title='bbox 408 2332 441 2383; x_wconf 91' lang='lat' dir='ltr'><strong>ut</strong></span> <span class='ocrx_word' id='word_1_297' title='bbox 455 2327 632 2381; x_wconf 85' lang='lat' dir='ltr'><strong>esurientem</strong></span> <span class='ocrx_word' id='word_1_298' title='bbox 654 2325 694 2380; x_wconf 90' lang='lat' dir='ltr'><strong>im</strong></span> <span class='ocrx_word' id='word_1_299' title='bbox 719 2323 777 2379; x_wconf 86' lang='lat' dir='ltr'><strong>leat</strong></span> <span class='ocrx_word' id='word_1_300' title='bbox 805 2324 948 2379; x_wconf 84' lang='lat' dir='ltr'><strong>enimam:</strong></span> <span class='ocrx_word' id='word_1_301' title='bbox 999 2321 1089 2379; x_wconf 86' lang='lat' dir='ltr'><strong>Juiia</strong></span> <span class='ocrx_word' id='word_1_302' title='bbox 1103 2328 1336 2396; x_wconf 87' lang='lat' dir='ltr'><strong>portaseivitatis</strong></span> 
     </span>
     <span class='ocr_line' id='line_1_31' title="bbox 122 2340 1579 2479; baseline 0.007 -22"><span class='ocrx_word' id='word_1_303' title='bbox 122 2403 329 2479; x_wconf 84' lang='lat' dir='ltr'><strong>Deprebeusus</strong></span> <span class='ocrx_word' id='word_1_304' title='bbox 343 2398 570 2471; x_wconf 86' lang='lat' dir='ltr'><strong>quoquereddet</strong></span> <span class='ocrx_word' id='word_1_305' title='bbox 589 2340 769 2468; x_wconf 62' lang='lat' dir='ltr'><strong>septupium,</strong></span> <span class='ocrx_word' id='word_1_306' title='bbox 1034 2395 1064 2477; x_wconf 77' lang='lat' dir='ltr'><strong>iii</strong></span> <span class='ocrx_word' id='word_1_307' title='bbox 1080 2395 1153 2477; x_wconf 88' lang='lat' dir='ltr'><strong>ipsis</strong></span> <span class='ocrx_word' id='word_1_308' title='bbox 1168 2397 1281 2457; x_wconf 85' lang='lat' dir='ltr'><strong>loribus</strong></span> <span class='ocrx_word' id='word_1_309' title='bbox 1296 2400 1438 2473; x_wconf 89' lang='lat' dir='ltr'><strong>loquitur,</strong></span> <span class='ocrx_word' id='word_1_310' title='bbox 1451 2406 1555 2466; x_wconf 91' lang='lat' dir='ltr'><strong>dicens</strong></span> <span class='ocrx_word' id='word_1_311' title='bbox 1570 2427 1579 2466; x_wconf 76' lang='lat' dir='ltr'><strong>t</strong></span> 
     </span>
     <span class='ocr_line' id='line_1_32' title="bbox 157 2465 1360 2542; baseline 0.011 -13"><span class='ocrx_word' id='word_1_312' title='bbox 157 2481 186 2533; x_wconf 86' lang='lat' dir='ltr'><strong>at</strong></span> <span class='ocrx_word' id='word_1_313' title='bbox 200 2490 316 2531; x_wconf 81' lang='lat' dir='ltr'><strong>omnem</strong></span> <span class='ocrx_word' id='word_1_314' title='bbox 333 2469 531 2528; x_wconf 82' lang='lat' dir='ltr'><strong>substantiam</strong></span> <span class='ocrx_word' id='word_1_315' title='bbox 544 2469 651 2525; x_wconf 89' lang='lat' dir='ltr'><strong>domus</strong></span> <span class='ocrx_word' id='word_1_316' title='bbox 666 2483 726 2525; x_wconf 78' lang='lat' dir='ltr'><strong>sue</strong></span> <span class='ocrx_word' id='word_1_317' title='bbox 738 2466 843 2523; x_wconf 90' lang='lat' dir='ltr'><strong>tradet.</strong></span> <span class='ocrx_word' id='word_1_318' title='bbox 1000 2465 1022 2521; x_wconf 92' lang='grc'>0</span> <span class='ocrx_word' id='word_1_319' title='bbox 1036 2482 1101 2533; x_wconf 84' lang='lat' dir='ltr'><strong>viri,</strong></span> <span class='ocrx_word' id='word_1_320' title='bbox 1117 2468 1154 2522; x_wconf 88' lang='lat' dir='ltr'><strong>ed</strong></span> <span class='ocrx_word' id='word_1_321' title='bbox 1168 2483 1220 2525; x_wconf 62' lang='grc' dir='ltr'><strong>νοῦ</strong></span> <span class='ocrx_word' id='word_1_322' title='bbox 1230 2472 1360 2542; x_wconf 54' lang='lat' dir='ltr'><strong>emmim,</strong></span> 
     </span>
     <span class='ocr_line' id='line_1_33' title="bbox 122 2542 1528 2613; baseline 0.032 -50"><span class='ocrx_word' id='word_1_323' title='bbox 122 2547 177 2613; x_wconf 65' lang='lat' dir='ltr'><strong>Qui</strong></span> <span class='ocrx_word' id='word_1_324' title='bbox 192 2551 288 2603; x_wconf 52' lang='lat' dir='ltr'>nutem</span> <span class='ocrx_word' id='word_1_325' title='bbox 305 2542 419 2601; x_wconf 52' lang='lat' dir='ltr'><strong>adulto,</strong></span> <span class='ocrx_word' id='word_1_326' title='bbox 435 2546 490 2609; x_wconf 52' lang='lat' dir='ltr'><strong>opt,</strong></span> <span class='ocrx_word' id='word_1_327' title='bbox 1033 2544 1062 2594; x_wconf 91' lang='lat' dir='ltr'><strong>et</strong></span> <span class='ocrx_word' id='word_1_328' title='bbox 1075 2553 1128 2594; x_wconf 85' lang='lat' dir='ltr'><strong>vox</strong></span> <span class='ocrx_word' id='word_1_329' title='bbox 1143 2542 1254 2597; x_wconf 91' lang='lat' dir='ltr'><strong>measd</strong></span> <span class='ocrx_word' id='word_1_330' title='bbox 1271 2542 1347 2600; x_wconf 86' lang='lat' dir='ltr'><strong>iiiios</strong></span> <span class='ocrx_word' id='word_1_331' title='bbox 1361 2544 1528 2610; x_wconf 86' lang='lat' dir='ltr'><strong>bominum.</strong></span> 
     </span>
     <span class='ocr_line' id='line_1_34' title="bbox 156 2606 1469 2692; baseline 0.005 -23"><span class='ocrx_word' id='word_1_332' title='bbox 156 2622 275 2692; x_wconf 83' lang='lat' dir='ltr'><strong>propter</strong></span> <span class='ocrx_word' id='word_1_333' title='bbox 289 2614 385 2673; x_wconf 91' lang='lat' dir='ltr'><strong>cordis</strong></span> <span class='ocrx_word' id='word_1_334' title='bbox 413 2613 541 2684; x_wconf 87' lang='lat' dir='ltr'><strong>inopiam</strong></span> <span class='ocrx_word' id='word_1_335' title='bbox 559 2611 662 2683; x_wconf 86' lang='lat' dir='ltr'><strong>perdet</strong></span> <span class='ocrx_word' id='word_1_336' title='bbox 682 2609 813 2666; x_wconf 89' lang='lat' dir='ltr'><strong>animam</strong></span> <span class='ocrx_word' id='word_1_337' title='bbox 842 2623 944 2666; x_wconf 89' lang='lat' dir='ltr'><strong>snam:</strong></span> <span class='ocrx_word' id='word_1_338' title='bbox 999 2606 1165 2682; x_wconf 86' lang='lat' dir='ltr'><strong>intelligite,</strong></span> <span class='ocrx_word' id='word_1_339' title='bbox 1177 2612 1303 2684; x_wconf 86' lang='lat' dir='ltr'><strong>parvuli,</strong></span> <span class='ocrx_word' id='word_1_340' title='bbox 1317 2618 1469 2689; x_wconf 90' lang='lat' dir='ltr'><strong>astutiam,</strong></span> 
     </span>
     <span class='ocr_line' id='line_1_35' title="bbox 120 2679 1506 2811; baseline 0.014 -82"><span class='ocrx_word' id='word_1_341' title='bbox 120 2688 344 2761; x_wconf 64' lang='lat' dir='ltr'><strong>purptiudtnam</strong></span> <span class='ocrx_word' id='word_1_342' title='bbox 358 2690 387 2742; x_wconf 83' lang='lat' dir='ltr'><strong>et</strong></span> <span class='ocrx_word' id='word_1_343' title='bbox 399 2683 591 2811; x_wconf 55' lang='lat' dir='ltr'><strong>iflnomiuiam</strong></span> <span class='ocrx_word' id='word_1_344' title='bbox 606 2687 763 2766; x_wconf 79' lang='lat' dir='ltr'><strong>congreget</strong></span> <span class='ocrx_word' id='word_1_345' title='bbox 789 2680 857 2751; x_wconf 90' lang='lat' dir='ltr'><strong>sibi,</strong></span> <span class='ocrx_word' id='word_1_346' title='bbox 1034 2679 1256 2767; x_wconf 26' lang='lat' dir='ltr'><strong>etninsipieutes,</strong></span> <span class='ocrx_word' id='word_1_347' title='bbox 1271 2687 1506 2761; x_wconf 85' lang='lat' dir='ltr'><strong>animadvertite,</strong></span> 
     </span>
     <span class='ocr_line' id='line_1_36' title="bbox 156 2752 1807 2837; baseline 0.018 -33"><span class='ocrx_word' id='word_1_348' title='bbox 156 2759 382 2834; x_wconf 60' lang='lat' dir='ltr'><strong>,ioppmprium</strong></span> <span class='ocrx_word' id='word_1_349' title='bbox 401 2757 407 2811; x_wconf 91' lang='lat' dir='ltr'><strong>i</strong></span> <span class='ocrx_word' id='word_1_350' title='bbox 434 2758 479 2810; x_wconf 87' lang='lat' dir='ltr'><strong>ius</strong></span> <span class='ocrx_word' id='word_1_351' title='bbox 495 2771 553 2811; x_wconf 92' lang='lat' dir='ltr'><strong>non</strong></span> <span class='ocrx_word' id='word_1_352' title='bbox 568 2752 732 2811; x_wconf 90' lang='lat' dir='ltr'><strong>delabitur:</strong></span> <span class='ocrx_word' id='word_1_353' title='bbox 998 2753 1116 2821; x_wconf 76' lang='lat' dir='ltr'><strong>Audite,</strong></span> <span class='ocrx_word' id='word_1_354' title='bbox 1132 2770 1272 2835; x_wconf 83' lang='lat' dir='ltr'><strong>quoniam</strong></span> <span class='ocrx_word' id='word_1_355' title='bbox 1285 2760 1321 2814; x_wconf 90' lang='lat' dir='ltr'><strong>de</strong></span> <span class='ocrx_word' id='word_1_356' title='bbox 1335 2760 1422 2817; x_wconf 91' lang='lat' dir='ltr'><strong>rebus</strong></span> <span class='ocrx_word' id='word_1_357' title='bbox 1438 2764 1555 2837; x_wconf 90' lang='lat' dir='ltr'><strong>magnis</strong></span> <span class='ocrx_word' id='word_1_358' title='bbox 1568 2765 1705 2828; x_wconf 90' lang='lat' dir='ltr'><strong>locutura</strong></span> <span class='ocrx_word' id='word_1_359' title='bbox 1719 2790 1781 2833; x_wconf 90' lang='lat' dir='ltr'><strong>euni</strong></span> <span class='ocrx_word' id='word_1_360' title='bbox 1801 2791 1807 2832; x_wconf 75' lang='grc' dir='ltr'><em>τ</em></span> 
     </span>
     <span class='ocr_line' id='line_1_37' title="bbox 122 2826 1743 2912; baseline 0.034 -65"><span class='ocrx_word' id='word_1_361' title='bbox 122 2832 196 2900; x_wconf 51' lang='lat' dir='ltr'><strong>Quia</strong></span> <span class='ocrx_word' id='word_1_362' title='bbox 209 2830 291 2888; x_wconf 54' lang='lat' dir='ltr'>zelus</span> <span class='ocrx_word' id='word_1_363' title='bbox 305 2835 334 2885; x_wconf 58' lang='lat' dir='ltr'><strong>et</strong></span> <span class='ocrx_word' id='word_1_364' title='bbox 348 2830 428 2884; x_wconf 63' lang='lat' dir='ltr'><strong>sum,</strong></span> <span class='ocrx_word' id='word_1_365' title='bbox 439 2826 493 2882; x_wconf 57' lang='lat' dir='ltr'><strong>,iri</strong></span> <span class='ocrx_word' id='word_1_366' title='bbox 1033 2830 1062 2878; x_wconf 91' lang='lat' dir='ltr'><strong>et</strong></span> <span class='ocrx_word' id='word_1_367' title='bbox 1077 2831 1245 2896; x_wconf 85' lang='lat' dir='ltr'><strong>aperientur</strong></span> <span class='ocrx_word' id='word_1_368' title='bbox 1260 2827 1338 2884; x_wconf 91' lang='lat' dir='ltr'><strong>labia</strong></span> <span class='ocrx_word' id='word_1_369' title='bbox 1348 2847 1423 2901; x_wconf 88' lang='lat' dir='ltr'><strong>mea,</strong></span> <span class='ocrx_word' id='word_1_370' title='bbox 1438 2839 1470 2890; x_wconf 90' lang='lat' dir='ltr'><strong>ut</strong></span> <span class='ocrx_word' id='word_1_371' title='bbox 1482 2841 1561 2894; x_wconf 76' lang='lat' dir='ltr'><strong>mete</strong></span> <span class='ocrx_word' id='word_1_372' title='bbox 1575 2843 1743 2912; x_wconf 81' lang='lat' dir='ltr'><strong>praedicent.</strong></span> 
     </span>
     <span class='ocr_line' id='line_1_38' title="bbox 159 2894 1601 2978; baseline 0.032 -57"><span class='ocrx_word' id='word_1_373' title='bbox 159 2920 217 2961; x_wconf 67' lang='lat' dir='ltr'><strong>non</strong></span> <span class='ocrx_word' id='word_1_374' title='bbox 233 2896 591 2976; x_wconf 61' lang='lat' dir='ltr'><strong>percolationibus,</strong></span> <span class='ocrx_word' id='word_1_375' title='bbox 997 2894 1156 2952; x_wconf 85' lang='lat' dir='ltr'><strong>Veritatem</strong></span> <span class='ocrx_word' id='word_1_376' title='bbox 1173 2899 1474 2974; x_wconf 87' lang='lat' dir='ltr'><strong>meditabiturgnttur</strong></span> <span class='ocrx_word' id='word_1_377' title='bbox 1488 2923 1601 2978; x_wconf 88' lang='lat' dir='ltr'><strong>meum,</strong></span> 
     </span>
     <span class='ocr_line' id='line_1_39' title="bbox 160 2966 1616 3053; baseline 0.005 -22"><span class='ocrx_word' id='word_1_378' title='bbox 160 2991 214 3031; x_wconf 91' lang='lat' dir='ltr'><strong>neo</strong></span> <span class='ocrx_word' id='word_1_379' title='bbox 229 2973 380 3047; x_wconf 86' lang='lat' dir='ltr'><strong>acquiscet</strong></span> <span class='ocrx_word' id='word_1_380' title='bbox 393 2971 478 3042; x_wconf 78' lang='lat' dir='ltr'><strong>cuiue</strong></span> <span class='ocrx_word' id='word_1_381' title='bbox 502 2984 570 3025; x_wconf 90' lang='lat' dir='ltr'><strong>uem</strong></span> <span class='ocrx_word' id='word_1_382' title='bbox 582 2966 726 3053; x_wconf 90' lang='lat' dir='ltr'><strong>precibus.</strong></span> <span class='ocrx_word' id='word_1_383' title='bbox 825 3036 831 3051; x_wconf 94' lang='lat'>.</span> <span class='ocrx_word' id='word_1_384' title='bbox 1033 2966 1153 3051; x_wconf 73' lang='lat' dir='ltr'><strong>ellubie</strong></span> <span class='ocrx_word' id='word_1_385' title='bbox 1164 2985 1227 3026; x_wconf 87' lang='lat' dir='ltr'><strong>mea</strong></span> <span class='ocrx_word' id='word_1_386' title='bbox 1241 2971 1464 3033; x_wconf 90' lang='lat' dir='ltr'><strong>detestabuntur</strong></span> <span class='ocrx_word' id='word_1_387' title='bbox 1477 2978 1616 3053; x_wconf 86' lang='lat' dir='ltr'><strong>impium.</strong></span> 
     </span>
     <span class='ocr_line' id='line_1_40' title="bbox 157 2985 1526 3126; baseline 0.015 -40"><span class='ocrx_word' id='word_1_388' title='bbox 157 3062 209 3103; x_wconf 67' lang='lat'><strong>„00</strong></span> <span class='ocrx_word' id='word_1_389' title='bbox 224 3044 365 3117; x_wconf 60' lang='lat' dir='ltr'><strong>sugoipiai</strong></span> <span class='ocrx_word' id='word_1_390' title='bbox 380 3058 432 3117; x_wconf 86' lang='lat' dir='ltr'><strong>pro</strong></span> <span class='ocrx_word' id='word_1_391' title='bbox 448 2985 648 3124; x_wconf 65' lang='lat' dir='ltr'><strong>aiamptiane</strong></span> <span class='ocrx_word' id='word_1_392' title='bbox 662 3040 739 3096; x_wconf 91' lang='lat' dir='ltr'><strong>dona</strong></span> <span class='ocrx_word' id='word_1_393' title='bbox 754 3036 892 3110; x_wconf 85' lang='lat' dir='ltr'><strong>plurime.</strong></span> <span class='ocrx_word' id='word_1_394' title='bbox 956 3056 979 3126; x_wconf 70' lang='lat' dir='ltr'><strong>c</strong></span> <span class='ocrx_word' id='word_1_395' title='bbox 996 3036 1075 3094; x_wconf 79' lang='lat' dir='ltr'><strong>insti</strong></span> <span class='ocrx_word' id='word_1_396' title='bbox 1089 3045 1158 3095; x_wconf 90' lang='lat' dir='ltr'><strong>snut</strong></span> <span class='ocrx_word' id='word_1_397' title='bbox 1173 3057 1277 3099; x_wconf 85' lang='lat' dir='ltr'><strong>omues</strong></span> <span class='ocrx_word' id='word_1_398' title='bbox 1292 3059 1441 3104; x_wconf 85' lang='lat' dir='ltr'><strong>sermones</strong></span> <span class='ocrx_word' id='word_1_399' title='bbox 1457 3049 1526 3120; x_wconf 90' lang='lat' dir='ltr'><strong>mei,</strong></span> 
     </span>
    </p>
   </div>
   <div class='ocr_carea' id='block_1_4' title="bbox 3 3110 1806 3201">
    <p class='ocr_par' dir='ltr' id='par_1_4' title="bbox 3 3110 1806 3201">
     <span class='ocr_line' id='line_1_41' title="bbox 3 3110 1806 3201; baseline 0.008 -30"><span class='ocrx_word' id='word_1_400' title='bbox 3 3146 10 3153; x_wconf 94' lang='lat'>·</span> <span class='ocrx_word' id='word_1_401' title='bbox 120 3118 197 3191; x_wconf 84' lang='lat' dir='ltr'><strong>[cap.</strong></span> <span class='ocrx_word' id='word_1_402' title='bbox 226 3116 301 3187; x_wconf 82' lang='lat' dir='ltr'><strong>vlt]</strong></span> <span class='ocrx_word' id='word_1_403' title='bbox 318 3115 370 3171; x_wconf 83' lang='lat' dir='ltr'><strong>Fili</strong></span> <span class='ocrx_word' id='word_1_404' title='bbox 385 3113 562 3182; x_wconf 89' lang='lat' dir='ltr'><strong>mi,custodi</strong></span> <span class='ocrx_word' id='word_1_405' title='bbox 578 3127 727 3169; x_wconf 88' lang='lat' dir='ltr'><strong>sermones</strong></span> <span class='ocrx_word' id='word_1_406' title='bbox 742 3126 834 3179; x_wconf 89' lang='lat' dir='ltr'><strong>meos,</strong></span> <span class='ocrx_word' id='word_1_407' title='bbox 1035 3110 1388 3186; x_wconf 90' lang='lat' dir='ltr'><strong>nonestineispravum</strong></span> <span class='ocrx_word' id='word_1_408' title='bbox 1415 3119 1498 3193; x_wconf 89' lang='lat' dir='ltr'><strong>quid,</strong></span> <span class='ocrx_word' id='word_1_409' title='bbox 1528 3139 1806 3201; x_wconf 84' lang='lat' dir='ltr'><strong>neqneperveraun.</strong></span> 
     </span>
    </p>
   </div>
   <div class='ocr_carea' id='block_1_5' title="bbox 109 3179 1801 4836">
    <p class='ocr_par' dir='ltr' id='par_1_5' title="bbox 109 3179 1801 4836">
     <span class='ocr_line' id='line_1_42' title="bbox 155 3179 1416 3265; baseline 0.018 -25"><span class='ocrx_word' id='word_1_410' title='bbox 155 3195 184 3244; x_wconf 82' lang='lat' dir='ltr'><strong>ct</strong></span> <span class='ocrx_word' id='word_1_411' title='bbox 194 3194 338 3261; x_wconf 79' lang='lat' dir='ltr'><strong>precepta</strong></span> <span class='ocrx_word' id='word_1_412' title='bbox 349 3202 414 3242; x_wconf 89' lang='lat' dir='ltr'><strong>mea</strong></span> <span class='ocrx_word' id='word_1_413' title='bbox 429 3184 551 3240; x_wconf 88' lang='lat' dir='ltr'><strong>reconde</strong></span> <span class='ocrx_word' id='word_1_414' title='bbox 567 3182 631 3238; x_wconf 90' lang='lat' dir='ltr'><strong>tibi.</strong></span> <span class='ocrx_word' id='word_1_415' title='bbox 995 3179 1076 3236; x_wconf 82' lang='lat' dir='ltr'><strong>Raeti</strong></span> <span class='ocrx_word' id='word_1_416' title='bbox 1088 3183 1416 3265; x_wconf 54' lang='lat' dir='ltr'><strong>auqiintaitigsntibua,</strong></span> 
     </span>
     <span class='ocr_line' id='line_1_43' title="bbox 118 3254 1544 3326; baseline 0.007 -15"><span class='ocrx_word' id='word_1_417' title='bbox 118 3260 184 3325; x_wconf 83' lang='lat' dir='ltr'><strong>Fili,</strong></span> <span class='ocrx_word' id='word_1_418' title='bbox 196 3275 279 3314; x_wconf 90' lang='lat' dir='ltr'><strong>serva</strong></span> <span class='ocrx_word' id='word_1_419' title='bbox 294 3261 433 3314; x_wconf 91' lang='lat' dir='ltr'><strong>mandata</strong></span> <span class='ocrx_word' id='word_1_420' title='bbox 443 3271 518 3322; x_wconf 87' lang='lat' dir='ltr'><strong>maa,</strong></span> <span class='ocrx_word' id='word_1_421' title='bbox 529 3258 559 3310; x_wconf 87' lang='lat' dir='ltr'><strong>et</strong></span> <span class='ocrx_word' id='word_1_422' title='bbox 572 3254 650 3309; x_wconf 86' lang='lat' dir='ltr'><strong>vives</strong></span> <span class='ocrx_word' id='word_1_423' title='bbox 667 3270 674 3309; x_wconf 92' lang='lat'><strong>:</strong></span> <span class='ocrx_word' id='word_1_424' title='bbox 1029 3257 1059 3308; x_wconf 89' lang='lat' dir='ltr'><strong>et</strong></span> <span class='ocrx_word' id='word_1_425' title='bbox 1071 3269 1148 3326; x_wconf 80' lang='lat' dir='ltr'><strong>equi</strong></span> <span class='ocrx_word' id='word_1_426' title='bbox 1164 3257 1380 3316; x_wconf 79' lang='lat' dir='ltr'><strong>invenientibus</strong></span> <span class='ocrx_word' id='word_1_427' title='bbox 1391 3261 1544 3321; x_wconf 90' lang='lat' dir='ltr'><strong>scientiam</strong></span> 
     </span>
     <span class='ocr_line' id='line_1_44' title="bbox 154 3323 1759 3407; baseline 0.01 -21"><span class='ocrx_word' id='word_1_428' title='bbox 154 3336 182 3386; x_wconf 95' lang='lat' dir='ltr'><strong>et</strong></span> <span class='ocrx_word' id='word_1_429' title='bbox 197 3330 292 3402; x_wconf 85' lang='lat' dir='ltr'><strong>legem</strong></span> <span class='ocrx_word' id='word_1_430' title='bbox 308 3344 403 3384; x_wconf 90' lang='lat' dir='ltr'><strong>rusam</strong></span> <span class='ocrx_word' id='word_1_431' title='bbox 418 3327 504 3399; x_wconf 85' lang='lat' dir='ltr'><strong>quasi</strong></span> <span class='ocrx_word' id='word_1_432' title='bbox 518 3324 661 3398; x_wconf 92' lang='lat' dir='ltr'><strong>pupillam</strong></span> <span class='ocrx_word' id='word_1_433' title='bbox 676 3323 753 3380; x_wconf 92' lang='lat' dir='ltr'><strong>oculi</strong></span> <span class='ocrx_word' id='word_1_434' title='bbox 765 3323 820 3380; x_wconf 89' lang='lat' dir='ltr'><strong>tui.</strong></span> <span class='ocrx_word' id='word_1_435' title='bbox 992 3323 1123 3407; x_wconf 76' lang='lat' dir='ltr'><strong>Accipite</strong></span> <span class='ocrx_word' id='word_1_436' title='bbox 1137 3325 1324 3399; x_wconf 85' lang='lat' dir='ltr'><strong>disciplinam</strong></span> <span class='ocrx_word' id='word_1_437' title='bbox 1340 3346 1448 3403; x_wconf 89' lang='lat' dir='ltr'><strong>meam,</strong></span> <span class='ocrx_word' id='word_1_438' title='bbox 1460 3341 1490 3391; x_wconf 93' lang='lat' dir='ltr'><strong>et</strong></span> <span class='ocrx_word' id='word_1_439' title='bbox 1504 3353 1562 3394; x_wconf 91' lang='lat' dir='ltr'><strong>uon</strong></span> <span class='ocrx_word' id='word_1_440' title='bbox 1599 3341 1735 3401; x_wconf 88' lang='lat' dir='ltr'><strong>ecnniam</strong></span> <span class='ocrx_word' id='word_1_441' title='bbox 1751 3361 1759 3402; x_wconf 92' lang='lat'>:</span> 
     </span>
     <span class='ocr_line' id='line_1_45' title="bbox 118 3355 1660 3482; baseline 0.019 -42"><span class='ocrx_word' id='word_1_442' title='bbox 118 3400 189 3473; x_wconf 62' lang='lat' dir='ltr'><strong>gig,</strong></span> <span class='ocrx_word' id='word_1_443' title='bbox 204 3417 267 3456; x_wconf 61' lang='lat' dir='ltr'><strong>eam</strong></span> <span class='ocrx_word' id='word_1_444' title='bbox 285 3401 313 3455; x_wconf 76' lang='lat' dir='ltr'><strong>in</strong></span> <span class='ocrx_word' id='word_1_445' title='bbox 329 3398 430 3481; x_wconf 72' lang='lat' dir='ltr'><strong>digitis</strong></span> <span class='ocrx_word' id='word_1_446' title='bbox 443 3398 512 3463; x_wconf 85' lang='lat' dir='ltr'><strong>tuis,</strong></span> <span class='ocrx_word' id='word_1_447' title='bbox 603 3466 608 3478; x_wconf 32' lang='lat'>⁸</span> <span class='ocrx_word' id='word_1_448' title='bbox 673 3466 679 3477; x_wconf 94' lang='lat'><strong><em>.</em></strong></span> <span class='ocrx_word' id='word_1_449' title='bbox 757 3411 760 3415; x_wconf 59' lang='grc'>“</span> <span class='ocrx_word' id='word_1_450' title='bbox 1029 3355 1660 3482; x_wconf 54' lang='lat' dir='ltr'><strong>doctrinammagis,quamaurumeligite.</strong></span> 
     </span>
     <span class='ocr_line' id='line_1_46' title="bbox 158 3464 1795 3555; baseline 0.009 -27"><span class='ocrx_word' id='word_1_451' title='bbox 158 3472 253 3529; x_wconf 84' lang='lat' dir='ltr'><strong>scribe</strong></span> <span class='ocrx_word' id='word_1_452' title='bbox 267 3469 347 3526; x_wconf 92' lang='lat' dir='ltr'><strong>illam</strong></span> <span class='ocrx_word' id='word_1_453' title='bbox 361 3486 391 3524; x_wconf 92' lang='lat' dir='ltr'><strong>in</strong></span> <span class='ocrx_word' id='word_1_454' title='bbox 406 3467 514 3524; x_wconf 90' lang='lat' dir='ltr'><strong>tabulis</strong></span> <span class='ocrx_word' id='word_1_455' title='bbox 530 3467 627 3523; x_wconf 87' lang='lat' dir='ltr'><strong>cordis</strong></span> <span class='ocrx_word' id='word_1_456' title='bbox 637 3471 680 3523; x_wconf 90' lang='lat' dir='ltr'><strong>tui</strong></span> <span class='ocrx_word' id='word_1_457' title='bbox 698 3508 704 3523; x_wconf 92' lang='lat'><strong><em>.</em></strong></span> <span class='ocrx_word' id='word_1_458' title='bbox 994 3464 1098 3522; x_wconf 86' lang='lat' dir='ltr'><strong>Melior</strong></span> <span class='ocrx_word' id='word_1_459' title='bbox 1113 3473 1158 3523; x_wconf 86' lang='lat' dir='ltr'><strong>cat</strong></span> <span class='ocrx_word' id='word_1_460' title='bbox 1172 3468 1251 3526; x_wconf 88' lang='lat' dir='ltr'><strong>enim</strong></span> <span class='ocrx_word' id='word_1_461' title='bbox 1270 3488 1302 3527; x_wconf 86' lang='lat' dir='ltr'><strong>sa</strong></span> <span class='ocrx_word' id='word_1_462' title='bbox 1325 3474 1413 3531; x_wconf 87' lang='lat' dir='ltr'><strong>lentie</strong></span> <span class='ocrx_word' id='word_1_463' title='bbox 1437 3479 1552 3535; x_wconf 86' lang='lat' dir='ltr'><strong>cunctis</strong></span> <span class='ocrx_word' id='word_1_464' title='bbox 1578 3483 1795 3555; x_wconf 86' lang='lat' dir='ltr'><strong>pretiosissimis</strong></span> 
     </span>
     <span class='ocr_line' id='line_1_47' title="bbox 121 3486 1801 3632; baseline 0.008 -32"><span class='ocrx_word' id='word_1_465' title='bbox 121 3543 175 3600; x_wconf 86' lang='lat' dir='ltr'><strong>ilio</strong></span> <span class='ocrx_word' id='word_1_466' title='bbox 188 3542 351 3614; x_wconf 84' lang='lat' dir='ltr'><strong>sapientia,</strong></span> <span class='ocrx_word' id='word_1_467' title='bbox 367 3556 449 3596; x_wconf 93' lang='lat' dir='ltr'><strong>soror</strong></span> <span class='ocrx_word' id='word_1_468' title='bbox 460 3553 579 3620; x_wconf 21' lang='lat' dir='ltr'><strong>areales,</strong></span> <span class='ocrx_word' id='word_1_469' title='bbox 1027 3541 1056 3594; x_wconf 86' lang='lat' dir='ltr'><strong>et</strong></span> <span class='ocrx_word' id='word_1_470' title='bbox 1071 3555 1157 3621; x_wconf 81' lang='lat' dir='ltr'><strong>omne</strong></span> <span class='ocrx_word' id='word_1_471' title='bbox 1170 3486 1363 3624; x_wconf 48' lang='lat' dir='ltr'><strong>desiderabile</strong></span> <span class='ocrx_word' id='word_1_472' title='bbox 1381 3547 1407 3604; x_wconf 91' lang='lat' dir='ltr'><strong>ei</strong></span> <span class='ocrx_word' id='word_1_473' title='bbox 1427 3565 1485 3605; x_wconf 91' lang='lat' dir='ltr'><strong>nou</strong></span> <span class='ocrx_word' id='word_1_474' title='bbox 1513 3555 1614 3625; x_wconf 89' lang='lat' dir='ltr'><strong>potest</strong></span> <span class='ocrx_word' id='word_1_475' title='bbox 1640 3530 1801 3632; x_wconf 56' lang='lat' dir='ltr'><strong>compararis</strong></span> 
     </span>
     <span class='ocr_line' id='line_1_48' title="bbox 151 3609 1522 3689; baseline 0.008 -21"><span class='ocrx_word' id='word_1_476' title='bbox 151 3618 181 3672; x_wconf 90' lang='lat' dir='ltr'><strong>et</strong></span> <span class='ocrx_word' id='word_1_477' title='bbox 195 3612 381 3687; x_wconf 90' lang='lat' dir='ltr'><strong>prudentiam</strong></span> <span class='ocrx_word' id='word_1_478' title='bbox 398 3626 468 3667; x_wconf 90' lang='lat' dir='ltr'><strong>voca</strong></span> <span class='ocrx_word' id='word_1_479' title='bbox 481 3624 606 3665; x_wconf 89' lang='lat' dir='ltr'><strong>amicam</strong></span> <span class='ocrx_word' id='word_1_480' title='bbox 616 3610 697 3664; x_wconf 87' lang='lat' dir='ltr'><strong>tuem</strong></span> <span class='ocrx_word' id='word_1_481' title='bbox 719 3622 727 3663; x_wconf 80' lang='lat' dir='ltr'><strong>t</strong></span> <span class='ocrx_word' id='word_1_482' title='bbox 991 3609 1052 3683; x_wconf 87' lang='lat' dir='ltr'><strong>ligo</strong></span> <span class='ocrx_word' id='word_1_483' title='bbox 1068 3615 1214 3682; x_wconf 86' lang='lat' dir='ltr'><strong>sapientia</strong></span> <span class='ocrx_word' id='word_1_484' title='bbox 1228 3612 1329 3671; x_wconf 81' lang='lat' dir='ltr'><strong>babilo</strong></span> <span class='ocrx_word' id='word_1_485' title='bbox 1343 3617 1372 3673; x_wconf 89' lang='lat' dir='ltr'><strong>iu</strong></span> <span class='ocrx_word' id='word_1_486' title='bbox 1388 3620 1522 3689; x_wconf 88' lang='lat' dir='ltr'><strong>consilio,</strong></span> 
     </span>
     <span class='ocr_line' id='line_1_49' title="bbox 116 3679 1584 3763; baseline 0.018 -22"><span class='ocrx_word' id='word_1_487' title='bbox 116 3684 153 3742; x_wconf 92' lang='lat' dir='ltr'><strong>Ut</strong></span> <span class='ocrx_word' id='word_1_488' title='bbox 167 3684 316 3742; x_wconf 88' lang='lat' dir='ltr'><strong>custodiat</strong></span> <span class='ocrx_word' id='word_1_489' title='bbox 330 3689 358 3739; x_wconf 89' lang='lat' dir='ltr'><strong>te</strong></span> <span class='ocrx_word' id='word_1_490' title='bbox 372 3700 389 3738; x_wconf 95' lang='lat' dir='ltr'><strong>a</strong></span> <span class='ocrx_word' id='word_1_491' title='bbox 404 3679 527 3738; x_wconf 82' lang='lat' dir='ltr'><strong>muliare</strong></span> <span class='ocrx_word' id='word_1_492' title='bbox 541 3685 688 3746; x_wconf 79' lang='lat' dir='ltr'><strong>extranca,</strong></span> <span class='ocrx_word' id='word_1_493' title='bbox 781 3749 786 3762; x_wconf 42' lang='grc' dir='ltr'>Ι</span> <span class='ocrx_word' id='word_1_494' title='bbox 1026 3681 1584 3763; x_wconf 57' lang='lat' dir='ltr'><strong>⁰l⁰r⁰dffi³1³¹0N⁰m⁰⁰bll⁸li⁰¹²lb⁰b</strong></span> 
     </span>
     <span class='ocr_line' id='line_1_50' title="bbox 151 3750 1482 3833; baseline 0.015 -20"><span class='ocrx_word' id='word_1_495' title='bbox 151 3762 180 3814; x_wconf 86' lang='lat' dir='ltr'><strong>et</strong></span> <span class='ocrx_word' id='word_1_496' title='bbox 195 3758 232 3814; x_wconf 91' lang='lat' dir='ltr'><strong>ab</strong></span> <span class='ocrx_word' id='word_1_497' title='bbox 247 3756 354 3826; x_wconf 88' lang='lat' dir='ltr'><strong>aliene,</strong></span> <span class='ocrx_word' id='word_1_498' title='bbox 370 3770 434 3825; x_wconf 80' lang='lat' dir='ltr'><strong>quas</strong></span> <span class='ocrx_word' id='word_1_499' title='bbox 449 3753 539 3809; x_wconf 85' lang='lat' dir='ltr'><strong>verbs</strong></span> <span class='ocrx_word' id='word_1_500' title='bbox 553 3768 608 3809; x_wconf 92' lang='lat' dir='ltr'><strong>sna</strong></span> <span class='ocrx_word' id='word_1_501' title='bbox 621 3751 719 3808; x_wconf 88' lang='lat' dir='ltr'><strong>dulcia</strong></span> <span class='ocrx_word' id='word_1_502' title='bbox 732 3750 812 3808; x_wconf 82' lang='lat' dir='ltr'><strong>iacit.</strong></span> <span class='ocrx_word' id='word_1_503' title='bbox 1025 3752 1126 3808; x_wconf 70' lang='lat' dir='ltr'><strong>T¹m01</strong></span> <span class='ocrx_word' id='word_1_504' title='bbox 1140 3754 1254 3811; x_wconf 67' lang='lat' dir='ltr'><strong>Dssmlssl</strong></span> <span class='ocrx_word' id='word_1_505' title='bbox 1270 3758 1333 3813; x_wconf 69' lang='lat' dir='ltr'><strong>⁰dil</strong></span> <span class='ocrx_word' id='word_1_506' title='bbox 1347 3760 1459 3819; x_wconf 69' lang='lat' dir='ltr'><strong>mlum</strong></span> <span class='ocrx_word' id='word_1_507' title='bbox 1474 3783 1482 3833; x_wconf 77' lang='grc' dir='ltr'>ἰ</span> 
     </span>
     <span class='ocr_line' id='line_1_51' title="bbox 113 3824 1749 3913; baseline 0.034 -69"><span class='ocrx_word' id='word_1_508' title='bbox 113 3829 155 3886; x_wconf 56' lang='grc' dir='ltr'><strong>ΒΘ</strong></span> <span class='ocrx_word' id='word_1_509' title='bbox 170 3828 298 3885; x_wconf 55' lang='lat' dir='ltr'><strong>senum</strong></span> <span class='ocrx_word' id='word_1_510' title='bbox 312 3828 392 3883; x_wconf 54' lang='lat' dir='ltr'><strong>enim</strong></span> <span class='ocrx_word' id='word_1_511' title='bbox 408 3825 514 3881; x_wconf 63' lang='lat' dir='ltr'><strong>domu,</strong></span> <span class='ocrx_word' id='word_1_512' title='bbox 529 3839 601 3880; x_wconf 54' lang='lat' dir='ltr'><strong>mog</strong></span> <span class='ocrx_word' id='word_1_513' title='bbox 1024 3824 1223 3907; x_wconf 81' lang='lat' dir='ltr'><strong>arrogantiam</strong></span> <span class='ocrx_word' id='word_1_514' title='bbox 1244 3833 1273 3883; x_wconf 90' lang='lat' dir='ltr'><strong>et</strong></span> <span class='ocrx_word' id='word_1_515' title='bbox 1287 3831 1467 3899; x_wconf 84' lang='lat' dir='ltr'><strong>superbiam,</strong></span> <span class='ocrx_word' id='word_1_516' title='bbox 1483 3837 1513 3893; x_wconf 94' lang='lat' dir='ltr'><strong>et</strong></span> <span class='ocrx_word' id='word_1_517' title='bbox 1526 3835 1606 3895; x_wconf 84' lang='lat' dir='ltr'><strong>viam</strong></span> <span class='ocrx_word' id='word_1_518' title='bbox 1620 3855 1749 3913; x_wconf 87' lang='lat' dir='ltr'><strong>pravam,</strong></span> 
     </span>
     <span class='ocr_line' id='line_1_52' title="bbox 150 3894 1385 3973; baseline 0.033 -56"><span class='ocrx_word' id='word_1_519' title='bbox 150 3917 202 3973; x_wconf 57' lang='lat' dir='ltr'><strong>pm,</strong></span> <span class='ocrx_word' id='word_1_520' title='bbox 216 3896 361 3957; x_wconf 53' lang='lat' dir='ltr'><strong>moeno,</strong></span> <span class='ocrx_word' id='word_1_521' title='bbox 377 3894 511 3971; x_wconf 53' lang='lat' dir='ltr'><strong>prospexi</strong></span> <span class='ocrx_word' id='word_1_522' title='bbox 529 3912 536 3951; x_wconf 90' lang='lat'>:</span> <span class='ocrx_word' id='word_1_523' title='bbox 1024 3898 1096 3951; x_wconf 88' lang='lat' dir='ltr'><strong>etos</strong></span> <span class='ocrx_word' id='word_1_524' title='bbox 1107 3895 1237 3969; x_wconf 91' lang='lat' dir='ltr'><strong>bilingue</strong></span> <span class='ocrx_word' id='word_1_525' title='bbox 1248 3899 1385 3958; x_wconf 90' lang='lat' dir='ltr'><strong>detestor.</strong></span> 
     </span>
     <span class='ocr_line' id='line_1_53' title="bbox 111 3963 1524 4050; baseline 0.005 -21"><span class='ocrx_word' id='word_1_526' title='bbox 111 3972 146 4029; x_wconf 85' lang='lat' dir='ltr'><strong>lit</strong></span> <span class='ocrx_word' id='word_1_527' title='bbox 160 3971 244 4029; x_wconf 86' lang='lat' dir='ltr'><strong>video</strong></span> <span class='ocrx_word' id='word_1_528' title='bbox 255 3969 405 4045; x_wconf 91' lang='lat' dir='ltr'><strong>parvulos,</strong></span> <span class='ocrx_word' id='word_1_529' title='bbox 989 3963 1144 4022; x_wconf 80' lang='lat' dir='ltr'><strong>ideumaei</strong></span> <span class='ocrx_word' id='word_1_530' title='bbox 1157 3968 1325 4043; x_wconf 89' lang='lat' dir='ltr'><strong>consilinm,</strong></span> <span class='ocrx_word' id='word_1_531' title='bbox 1345 3975 1524 4050; x_wconf 74' lang='lat' dir='ltr'><strong>strenuitas,</strong></span> 
     </span>
     <span class='ocr_line' id='line_1_54' title="bbox 147 4038 1636 4112; baseline 0.019 -33"><span class='ocrx_word' id='word_1_532' title='bbox 147 4043 302 4100; x_wconf 56' lang='lat' dir='ltr'>considero</span> <span class='ocrx_word' id='word_1_533' title='bbox 317 4041 470 4099; x_wconf 62' lang='lat' dir='ltr'><strong>vecordem</strong></span> <span class='ocrx_word' id='word_1_534' title='bbox 481 4038 632 4109; x_wconf 87' lang='lat' dir='ltr'><strong>juvenem,</strong></span> <span class='ocrx_word' id='word_1_535' title='bbox 1024 4051 1090 4094; x_wconf 92' lang='lat' dir='ltr'><strong>mea</strong></span> <span class='ocrx_word' id='word_1_536' title='bbox 1104 4041 1149 4094; x_wconf 89' lang='lat' dir='ltr'><strong>est</strong></span> <span class='ocrx_word' id='word_1_537' title='bbox 1164 4041 1330 4112; x_wconf 89' lang='lat' dir='ltr'><strong>prudentia,</strong></span> <span class='ocrx_word' id='word_1_538' title='bbox 1344 4060 1409 4111; x_wconf 88' lang='lat' dir='ltr'><strong>mea</strong></span> <span class='ocrx_word' id='word_1_539' title='bbox 1423 4051 1469 4106; x_wconf 88' lang='lat' dir='ltr'><strong>est</strong></span> <span class='ocrx_word' id='word_1_540' title='bbox 1483 4049 1636 4110; x_wconf 84' lang='lat' dir='ltr'><strong>tortitudo.</strong></span> 
     </span>
     <span class='ocr_line' id='line_1_55' title="bbox 112 4108 1354 4197; baseline 0.015 -45"><span class='ocrx_word' id='word_1_541' title='bbox 112 4113 167 4178; x_wconf 66' lang='lat' dir='ltr'><strong>Qui</strong></span> <span class='ocrx_word' id='word_1_542' title='bbox 182 4114 290 4170; x_wconf 54' lang='lat' dir='ltr'><strong>trangit</strong></span> <span class='ocrx_word' id='word_1_543' title='bbox 304 4111 334 4168; x_wconf 78' lang='lat' dir='ltr'><strong>in</strong></span> <span class='ocrx_word' id='word_1_544' title='bbox 351 4111 445 4184; x_wconf 79' lang='lat' dir='ltr'><strong>platea</strong></span> <span class='ocrx_word' id='word_1_545' title='bbox 453 4111 537 4181; x_wconf 72' lang='lat' dir='ltr'><strong>iusta</strong></span> <span class='ocrx_word' id='word_1_546' title='bbox 547 4108 701 4192; x_wconf 80' lang='lat' dir='ltr'><strong>sagulum,</strong></span> <span class='ocrx_word' id='word_1_547' title='bbox 987 4111 1042 4164; x_wconf 86' lang='lat' dir='ltr'><strong>Per</strong></span> <span class='ocrx_word' id='word_1_548' title='bbox 1054 4124 1102 4165; x_wconf 89' lang='lat' dir='ltr'><strong>me</strong></span> <span class='ocrx_word' id='word_1_549' title='bbox 1120 4125 1204 4183; x_wconf 87' lang='lat' dir='ltr'><strong>reges</strong></span> <span class='ocrx_word' id='word_1_550' title='bbox 1219 4119 1354 4197; x_wconf 57' lang='lat' dir='ltr'><strong>regnant</strong></span> 
     </span>
     <span class='ocr_line' id='line_1_56' title="bbox 148 4179 1635 4268; baseline 0.022 -32"><span class='ocrx_word' id='word_1_551' title='bbox 148 4190 177 4242; x_wconf 89' lang='lat' dir='ltr'><strong>et</strong></span> <span class='ocrx_word' id='word_1_552' title='bbox 194 4201 283 4257; x_wconf 90' lang='lat' dir='ltr'><strong>prope</strong></span> <span class='ocrx_word' id='word_1_553' title='bbox 293 4184 371 4240; x_wconf 90' lang='lat' dir='ltr'><strong>viam</strong></span> <span class='ocrx_word' id='word_1_554' title='bbox 386 4183 493 4237; x_wconf 87' lang='lat' dir='ltr'><strong>domus</strong></span> <span class='ocrx_word' id='word_1_555' title='bbox 503 4179 584 4236; x_wconf 88' lang='lat' dir='ltr'><strong>illius</strong></span> <span class='ocrx_word' id='word_1_556' title='bbox 597 4179 731 4250; x_wconf 81' lang='lat' dir='ltr'><strong>graditur</strong></span> <span class='ocrx_word' id='word_1_557' title='bbox 745 4194 752 4233; x_wconf 91' lang='lat'><strong>:</strong></span> <span class='ocrx_word' id='word_1_558' title='bbox 1023 4183 1052 4236; x_wconf 87' lang='lat' dir='ltr'><strong>et</strong></span> <span class='ocrx_word' id='word_1_559' title='bbox 1066 4182 1164 4254; x_wconf 72' lang='lat' dir='ltr'><strong>tagum</strong></span> <span class='ocrx_word' id='word_1_560' title='bbox 1177 4183 1343 4243; x_wconf 68' lang='lat' dir='ltr'><strong>⁰0⁰d¹l⁰l⁰⁸</strong></span> <span class='ocrx_word' id='word_1_561' title='bbox 1353 4187 1437 4256; x_wconf 57' lang='lat' dir='ltr'><strong>ituit</strong></span> <span class='ocrx_word' id='word_1_562' title='bbox 1447 4189 1612 4253; x_wconf 63' lang='lat' dir='ltr'><strong>(immuni</strong></span> <span class='ocrx_word' id='word_1_563' title='bbox 1625 4214 1635 4268; x_wconf 83' lang='lat'>3</span> 
     </span>
     <span class='ocr_line' id='line_1_57' title="bbox 111 4251 1433 4337; baseline 0.014 -24"><span class='ocrx_word' id='word_1_564' title='bbox 111 4259 144 4313; x_wconf 90' lang='lat' dir='ltr'><strong>In</strong></span> <span class='ocrx_word' id='word_1_565' title='bbox 160 4258 296 4326; x_wconf 89' lang='lat' dir='ltr'><strong>obscuro,</strong></span> <span class='ocrx_word' id='word_1_566' title='bbox 312 4255 574 4337; x_wconf 84' lang='lat' dir='ltr'><strong>advesperascente</strong></span> <span class='ocrx_word' id='word_1_567' title='bbox 589 4251 647 4319; x_wconf 88' lang='lat' dir='ltr'><strong>die,</strong></span> <span class='ocrx_word' id='word_1_568' title='bbox 987 4254 1043 4307; x_wconf 64' lang='lat' dir='ltr'><strong>Pel</strong></span> <span class='ocrx_word' id='word_1_569' title='bbox 1058 4267 1103 4308; x_wconf 79' lang='lat'><strong>¹¹¹⁰</strong></span> <span class='ocrx_word' id='word_1_570' title='bbox 1117 4253 1266 4326; x_wconf 89' lang='lat' dir='ltr'><strong>principes</strong></span> <span class='ocrx_word' id='word_1_571' title='bbox 1278 4255 1433 4329; x_wconf 54' lang='lat' dir='ltr'><strong>imilitnm·</strong></span> 
     </span>
     <span class='ocr_line' id='line_1_58' title="bbox 147 4321 1543 4401; baseline 0.018 -19"><span class='ocrx_word' id='word_1_572' title='bbox 147 4327 177 4383; x_wconf 92' lang='lat' dir='ltr'><strong>in</strong></span> <span class='ocrx_word' id='word_1_573' title='bbox 193 4328 288 4385; x_wconf 91' lang='lat' dir='ltr'><strong>noctis</strong></span> <span class='ocrx_word' id='word_1_574' title='bbox 302 4326 442 4392; x_wconf 87' lang='lat' dir='ltr'><strong>tenebris,</strong></span> <span class='ocrx_word' id='word_1_575' title='bbox 458 4328 487 4380; x_wconf 93' lang='lat' dir='ltr'><strong>et</strong></span> <span class='ocrx_word' id='word_1_576' title='bbox 498 4321 633 4395; x_wconf 85' lang='lat' dir='ltr'><strong>caligine.</strong></span> <span class='ocrx_word' id='word_1_577' title='bbox 1023 4329 1053 4378; x_wconf 69' lang='lat'><strong>0⁸</strong></span> <span class='ocrx_word' id='word_1_578' title='bbox 1106 4329 1201 4381; x_wconf 63' lang='grc' dir='ltr'><strong>ῐθῦῐθῦ</strong></span> <span class='ocrx_word' id='word_1_579' title='bbox 1215 4327 1543 4401; x_wconf 60' lang='grc' dir='ltr'><strong>ἅθθθῑῦὓῦῐὶὓθῑῑῒῖω·</strong></span> 
     </span>
     <span class='ocr_line' id='line_1_59' title="bbox 111 4392 1410 4493; baseline 0.003 -39"><span class='ocrx_word' id='word_1_580' title='bbox 111 4395 427 4456; x_wconf 77' lang='lat' dir='ltr'><strong>Bteeoecocurritilli</strong></span> <span class='ocrx_word' id='word_1_581' title='bbox 444 4392 558 4461; x_wconf 90' lang='lat' dir='ltr'><strong>mulier,</strong></span> <span class='ocrx_word' id='word_1_582' title='bbox 711 4461 718 4476; x_wconf 48' lang='lat'><strong>·</strong></span> <span class='ocrx_word' id='word_1_583' title='bbox 859 4464 865 4476; x_wconf 41' lang='lat'><strong>·</strong></span> <span class='ocrx_word' id='word_1_584' title='bbox 947 4397 1048 4493; x_wconf 65' lang='lat' dir='ltr'><strong>nssgc</strong></span> <span class='ocrx_word' id='word_1_585' title='bbox 1084 4394 1410 4479; x_wconf 77' lang='lat' dir='ltr'><strong>iligentesmediligo:</strong></span> 
     </span>
     <span class='ocr_line' id='line_1_60' title="bbox 147 4462 1721 4552; baseline 0.012 -31"><span class='ocrx_word' id='word_1_586' title='bbox 147 4475 251 4527; x_wconf 79' lang='lat' dir='ltr'><strong>ornata</strong></span> <span class='ocrx_word' id='word_1_587' title='bbox 263 4467 429 4526; x_wconf 88' lang='lat' dir='ltr'><strong>meretricio</strong></span> <span class='ocrx_word' id='word_1_588' title='bbox 440 4463 646 4540; x_wconf 82' lang='lat' dir='ltr'><strong>preparataad</strong></span> <span class='ocrx_word' id='word_1_589' title='bbox 656 4462 933 4536; x_wconf 86' lang='lat' dir='ltr'><strong>capiendaaenimas</strong></span> <span class='ocrx_word' id='word_1_590' title='bbox 1020 4469 1050 4521; x_wconf 88' lang='lat' dir='ltr'><strong>et</strong></span> <span class='ocrx_word' id='word_1_591' title='bbox 1069 4482 1120 4538; x_wconf 86' lang='lat' dir='ltr'><strong>qui</strong></span> <span class='ocrx_word' id='word_1_592' title='bbox 1137 4483 1223 4524; x_wconf 86' lang='lat' dir='ltr'><strong>mane</strong></span> <span class='ocrx_word' id='word_1_593' title='bbox 1236 4469 1359 4552; x_wconf 77' lang='lat' dir='ltr'><strong>vigilant</strong></span> <span class='ocrx_word' id='word_1_594' title='bbox 1372 4474 1409 4529; x_wconf 91' lang='lat' dir='ltr'><strong>ad</strong></span> <span class='ocrx_word' id='word_1_595' title='bbox 1425 4489 1482 4546; x_wconf 91' lang='lat' dir='ltr'><strong>me,</strong></span> <span class='ocrx_word' id='word_1_596' title='bbox 1497 4476 1649 4537; x_wconf 88' lang='lat' dir='ltr'><strong>invenient</strong></span> <span class='ocrx_word' id='word_1_597' title='bbox 1664 4497 1721 4539; x_wconf 91' lang='lat' dir='ltr'><strong>me.</strong></span> 
     </span>
     <span class='ocr_line' id='line_1_61' title="bbox 111 4534 1476 4628; baseline 0.02 -52"><span class='ocrx_word' id='word_1_598' title='bbox 111 4538 235 4597; x_wconf 58' lang='lat' dir='ltr'><strong>(amul,</strong></span> <span class='ocrx_word' id='word_1_599' title='bbox 249 4547 279 4597; x_wconf 66' lang='lat'><strong>02</strong></span> <span class='ocrx_word' id='word_1_600' title='bbox 291 4555 378 4625; x_wconf 55' lang='lat' dir='ltr'><strong>vaga,</strong></span> <span class='ocrx_word' id='word_1_601' title='bbox 393 4538 501 4612; x_wconf 74' lang='lat' dir='ltr'><strong>quietis</strong></span> <span class='ocrx_word' id='word_1_602' title='bbox 516 4534 684 4609; x_wconf 84' lang='lat' dir='ltr'><strong>impatiens,</strong></span> <span class='ocrx_word' id='word_1_603' title='bbox 987 4535 1101 4593; x_wconf 84' lang='lat' dir='ltr'><strong>Mecum</strong></span> <span class='ocrx_word' id='word_1_604' title='bbox 1117 4544 1189 4595; x_wconf 90' lang='lat' dir='ltr'><strong>sunt</strong></span> <span class='ocrx_word' id='word_1_605' title='bbox 1201 4540 1321 4611; x_wconf 80' lang='lat' dir='ltr'><strong>divitias,</strong></span> <span class='ocrx_word' id='word_1_606' title='bbox 1334 4546 1363 4599; x_wconf 89' lang='lat' dir='ltr'><strong>et</strong></span> <span class='ocrx_word' id='word_1_607' title='bbox 1371 4543 1476 4628; x_wconf 83' lang='lat' dir='ltr'><strong>gloria,</strong></span> 
     </span>
     <span class='ocr_line' id='line_1_62' title="bbox 146 4606 1422 4692; baseline 0.006 -26"><span class='ocrx_word' id='word_1_608' title='bbox 146 4627 199 4668; x_wconf 89' lang='lat' dir='ltr'><strong>neo</strong></span> <span class='ocrx_word' id='word_1_609' title='bbox 212 4611 313 4668; x_wconf 86' lang='lat' dir='ltr'><strong>valens</strong></span> <span class='ocrx_word' id='word_1_610' title='bbox 329 4628 357 4666; x_wconf 93' lang='lat' dir='ltr'><strong>in</strong></span> <span class='ocrx_word' id='word_1_611' title='bbox 375 4612 463 4667; x_wconf 93' lang='lat' dir='ltr'><strong>domo</strong></span> <span class='ocrx_word' id='word_1_612' title='bbox 478 4609 639 4665; x_wconf 86' lang='lat' dir='ltr'><strong>consistere</strong></span> <span class='ocrx_word' id='word_1_613' title='bbox 654 4607 778 4681; x_wconf 89' lang='lat' dir='ltr'><strong>pedibus</strong></span> <span class='ocrx_word' id='word_1_614' title='bbox 792 4606 855 4664; x_wconf 90' lang='lat' dir='ltr'><strong>suis</strong></span> <span class='ocrx_word' id='word_1_615' title='bbox 873 4623 880 4662; x_wconf 93' lang='lat'><strong>:</strong></span> <span class='ocrx_word' id='word_1_616' title='bbox 1023 4623 1093 4692; x_wconf 90' lang='lat' dir='ltr'><strong>opes</strong></span> <span class='ocrx_word' id='word_1_617' title='bbox 1108 4612 1251 4684; x_wconf 82' lang='lat' dir='ltr'><strong>superbe,</strong></span> <span class='ocrx_word' id='word_1_618' title='bbox 1265 4617 1295 4668; x_wconf 89' lang='lat' dir='ltr'><strong>et</strong></span> <span class='ocrx_word' id='word_1_619' title='bbox 1304 4614 1422 4683; x_wconf 79' lang='lat' dir='ltr'><strong>justia.</strong></span> 
     </span>
     <span class='ocr_line' id='line_1_63' title="bbox 109 4678 1797 4770; baseline 0.007 -30"><span class='ocrx_word' id='word_1_620' title='bbox 109 4682 192 4740; x_wconf 86' lang='lat' dir='ltr'><strong>Nune</strong></span> <span class='ocrx_word' id='word_1_621' title='bbox 212 4683 292 4748; x_wconf 84' lang='lat' dir='ltr'><strong>ioris,</strong></span> <span class='ocrx_word' id='word_1_622' title='bbox 308 4698 386 4738; x_wconf 92' lang='lat' dir='ltr'><strong>nunc</strong></span> <span class='ocrx_word' id='word_1_623' title='bbox 401 4683 429 4737; x_wconf 92' lang='lat' dir='ltr'><strong>in</strong></span> <span class='ocrx_word' id='word_1_624' title='bbox 446 4681 561 4754; x_wconf 82' lang='lat' dir='ltr'><strong>plateis,</strong></span> <span class='ocrx_word' id='word_1_625' title='bbox 987 4678 1088 4736; x_wconf 83' lang='lat' dir='ltr'><strong>bielior</strong></span> <span class='ocrx_word' id='word_1_626' title='bbox 1102 4686 1147 4737; x_wconf 90' lang='lat' dir='ltr'><strong>est</strong></span> <span class='ocrx_word' id='word_1_627' title='bbox 1162 4681 1275 4739; x_wconf 84' lang='lat' dir='ltr'><strong>tructus</strong></span> <span class='ocrx_word' id='word_1_628' title='bbox 1290 4700 1375 4742; x_wconf 92' lang='lat' dir='ltr'><strong>meus</strong></span> <span class='ocrx_word' id='word_1_629' title='bbox 1389 4703 1472 4754; x_wconf 87' lang='lat' dir='ltr'><strong>auro,</strong></span> <span class='ocrx_word' id='word_1_630' title='bbox 1487 4693 1518 4746; x_wconf 88' lang='lat' dir='ltr'><strong>et</strong></span> <span class='ocrx_word' id='word_1_631' title='bbox 1540 4691 1638 4765; x_wconf 90' lang='lat' dir='ltr'><strong>lapide</strong></span> <span class='ocrx_word' id='word_1_632' title='bbox 1670 4696 1797 4770; x_wconf 88' lang='lat' dir='ltr'><strong>pretioso,</strong></span> 
     </span>
     <span class='ocr_line' id='line_1_64' title="bbox 146 4751 1545 4836; baseline 0.02 -27"><span class='ocrx_word' id='word_1_633' title='bbox 146 4770 224 4810; x_wconf 86' lang='lat' dir='ltr'><strong>nuno</strong></span> <span class='ocrx_word' id='word_1_634' title='bbox 240 4754 327 4826; x_wconf 82' lang='lat' dir='ltr'><strong>juata</strong></span> <span class='ocrx_word' id='word_1_635' title='bbox 341 4751 631 4825; x_wconf 86' lang='lat' dir='ltr'><strong>anguloeinsidians.</strong></span> <span class='ocrx_word' id='word_1_636' title='bbox 1022 4753 1215 4836; x_wconf 59' lang='grc' dir='ltr'><strong>θῑβθξῐῑῑῃῗῡῑ</strong></span> <span class='ocrx_word' id='word_1_637' title='bbox 1229 4770 1294 4811; x_wconf 72' lang='lat'><strong>“¹⁰⁸</strong></span> <span class='ocrx_word' id='word_1_638' title='bbox 1306 4762 1426 4830; x_wconf 65' lang='lat'><strong>”8⁰⁰20</strong></span> <span class='ocrx_word' id='word_1_639' title='bbox 1441 4760 1545 4818; x_wconf 59' lang='lat' dir='ltr'><strong>0¹⁰⁰t0·</strong></span> 
     </span>
    </p>
   </div>
   <div class='ocr_carea' id='block_1_6' title="bbox 1 4821 1364 4899">
    <p class='ocr_par' dir='ltr' id='par_1_6' title="bbox 1 4821 1364 4899">
     <span class='ocr_line' id='line_1_65' title="bbox 1 4821 1364 4899; baseline 0.001 -18"><span class='ocrx_word' id='word_1_640' title='bbox 1 4841 3 4848; x_wconf 92' lang='lat'>·</span> <span class='ocrx_word' id='word_1_641' title='bbox 109 4825 397 4899; x_wconf 81' lang='lat' dir='ltr'><strong>Apprebeneumqne</strong></span> <span class='ocrx_word' id='word_1_642' title='bbox 413 4821 601 4880; x_wconf 89' lang='lat' dir='ltr'><strong>deosculatur</strong></span> <span class='ocrx_word' id='word_1_643' title='bbox 612 4821 763 4892; x_wconf 70' lang='lat' dir='ltr'><strong>iuvenem,</strong></span> <span class='ocrx_word' id='word_1_644' title='bbox 988 4822 1086 4879; x_wconf 90' lang='lat' dir='ltr'><strong>luvris</strong></span> <span class='ocrx_word' id='word_1_645' title='bbox 1098 4824 1220 4894; x_wconf 74' lang='lat' dir='ltr'><strong>iustitia</strong></span> <span class='ocrx_word' id='word_1_646' title='bbox 1234 4827 1364 4897; x_wconf 90' lang='lat' dir='ltr'><strong>ambulo,</strong></span> 
     </span>
    </p>
   </div>
   <div class='ocr_carea' id='block_1_7' title="bbox 107 4892 1797 5478">
    <p class='ocr_par' dir='ltr' id='par_1_7' title="bbox 107 4892 1797 5478">
     <span class='ocr_line' id='line_1_66' title="bbox 145 4892 1488 4971; baseline 0.002 -17"><span class='ocrx_word' id='word_1_647' title='bbox 145 4902 174 4954; x_wconf 88' lang='lat' dir='ltr'><strong>et</strong></span> <span class='ocrx_word' id='word_1_648' title='bbox 189 4895 304 4970; x_wconf 90' lang='lat' dir='ltr'><strong>procaci</strong></span> <span class='ocrx_word' id='word_1_649' title='bbox 320 4895 401 4952; x_wconf 89' lang='lat' dir='ltr'><strong>vultu</strong></span> <span class='ocrx_word' id='word_1_650' title='bbox 417 4893 581 4965; x_wconf 88' lang='lat' dir='ltr'><strong>blanditur,</strong></span> <span class='ocrx_word' id='word_1_651' title='bbox 598 4892 700 4949; x_wconf 87' lang='lat' dir='ltr'><strong>dicens</strong></span> <span class='ocrx_word' id='word_1_652' title='bbox 715 4908 723 4948; x_wconf 77' lang='lat' dir='ltr'><strong>t</strong></span> <span class='ocrx_word' id='word_1_653' title='bbox 1021 4893 1051 4949; x_wconf 93' lang='lat' dir='ltr'><strong>in</strong></span> <span class='ocrx_word' id='word_1_654' title='bbox 1067 4896 1163 4951; x_wconf 85' lang='lat' dir='ltr'><strong>madio</strong></span> <span class='ocrx_word' id='word_1_655' title='bbox 1178 4897 1350 4955; x_wconf 85' lang='lat' dir='ltr'><strong>semitarum</strong></span> <span class='ocrx_word' id='word_1_656' title='bbox 1362 4899 1488 4971; x_wconf 75' lang='lat' dir='ltr'><strong>iudicii:</strong></span> 
     </span>
     <span class='ocr_line' id='line_1_67' title="bbox 110 4963 1365 5040; baseline 0.003 -17"><span class='ocrx_word' id='word_1_657' title='bbox 110 4967 253 5025; x_wconf 88' lang='lat' dir='ltr'><strong>Victimas</strong></span> <span class='ocrx_word' id='word_1_658' title='bbox 269 4984 321 5040; x_wconf 90' lang='lat' dir='ltr'><strong>pro</strong></span> <span class='ocrx_word' id='word_1_659' title='bbox 337 4965 433 5023; x_wconf 89' lang='lat' dir='ltr'><strong>salute</strong></span> <span class='ocrx_word' id='word_1_660' title='bbox 448 4966 559 5037; x_wconf 91' lang='lat' dir='ltr'><strong>devovi,</strong></span> <span class='ocrx_word' id='word_1_661' title='bbox 986 4963 1023 5020; x_wconf 87' lang='lat' dir='ltr'><strong>Ut</strong></span> <span class='ocrx_word' id='word_1_662' title='bbox 1035 4965 1126 5022; x_wconf 86' lang='lat' dir='ltr'><strong>ditem</strong></span> <span class='ocrx_word' id='word_1_663' title='bbox 1137 4966 1295 5040; x_wconf 85' lang='lat' dir='ltr'><strong>diligentes</strong></span> <span class='ocrx_word' id='word_1_664' title='bbox 1308 4985 1365 5039; x_wconf 92' lang='lat' dir='ltr'><strong>me,</strong></span> 
     </span>
     <span class='ocr_line' id='line_1_68' title="bbox 144 5037 1493 5099; baseline 0.004 -5"><span class='ocrx_word' id='word_1_665' title='bbox 144 5039 232 5096; x_wconf 92' lang='lat' dir='ltr'><strong>bodie</strong></span> <span class='ocrx_word' id='word_1_666' title='bbox 247 5037 362 5095; x_wconf 91' lang='lat' dir='ltr'><strong>reddidi</strong></span> <span class='ocrx_word' id='word_1_667' title='bbox 376 5040 442 5093; x_wconf 90' lang='lat' dir='ltr'><strong>vcta</strong></span> <span class='ocrx_word' id='word_1_668' title='bbox 457 5053 532 5093; x_wconf 88' lang='lat' dir='ltr'><strong>mse.</strong></span> <span class='ocrx_word' id='word_1_669' title='bbox 712 5050 717 5058; x_wconf 87' lang='grc'><em>·</em></span> <span class='ocrx_word' id='word_1_670' title='bbox 1020 5041 1051 5092; x_wconf 87' lang='lat' dir='ltr'><strong>et</strong></span> <span class='ocrx_word' id='word_1_671' title='bbox 1064 5037 1220 5095; x_wconf 90' lang='lat' dir='ltr'><strong>thesauros</strong></span> <span class='ocrx_word' id='word_1_672' title='bbox 1235 5053 1337 5096; x_wconf 89' lang='lat' dir='ltr'><strong>eorum</strong></span> <span class='ocrx_word' id='word_1_673' title='bbox 1352 5056 1384 5098; x_wconf 93' lang='lat' dir='ltr'><strong>re</strong></span> <span class='ocrx_word' id='word_1_674' title='bbox 1405 5041 1493 5099; x_wconf 88' lang='lat' dir='ltr'><strong>leam.</strong></span> 
     </span>
     <span class='ocr_line' id='line_1_69' title="bbox 143 5056 1714 5194; baseline 0.008 -27"><span class='ocrx_word' id='word_1_675' title='bbox 143 5110 255 5168; x_wconf 89' lang='lat' dir='ltr'><strong>idcirco</strong></span> <span class='ocrx_word' id='word_1_676' title='bbox 269 5125 389 5184; x_wconf 83' lang='lat' dir='ltr'><strong>egressa</strong></span> <span class='ocrx_word' id='word_1_677' title='bbox 402 5125 469 5165; x_wconf 90' lang='lat' dir='ltr'><strong>enm</strong></span> <span class='ocrx_word' id='word_1_678' title='bbox 485 5109 515 5163; x_wconf 93' lang='lat' dir='ltr'><strong>iii</strong></span> <span class='ocrx_word' id='word_1_679' title='bbox 532 5121 689 5189; x_wconf 78' lang='lat' dir='ltr'><strong>occursum</strong></span> <span class='ocrx_word' id='word_1_680' title='bbox 706 5109 802 5175; x_wconf 89' lang='lat' dir='ltr'><strong>tuum,</strong></span> <span class='ocrx_word' id='word_1_681' title='bbox 985 5105 1128 5165; x_wconf 87' lang='lat' dir='ltr'><strong>Dominus</strong></span> <span class='ocrx_word' id='word_1_682' title='bbox 1143 5110 1274 5182; x_wconf 87' lang='lat' dir='ltr'><strong>possedit</strong></span> <span class='ocrx_word' id='word_1_683' title='bbox 1289 5126 1336 5168; x_wconf 91' lang='lat' dir='ltr'><strong>me</strong></span> <span class='ocrx_word' id='word_1_684' title='bbox 1350 5056 1434 5169; x_wconf 65' lang='lat' dir='ltr'><strong>iniiio</strong></span> <span class='ocrx_word' id='word_1_685' title='bbox 1448 5114 1561 5173; x_wconf 83' lang='lat' dir='ltr'><strong>siarum</strong></span> <span class='ocrx_word' id='word_1_686' title='bbox 1576 5132 1714 5194; x_wconf 84' lang='lat' dir='ltr'><strong>suerum,</strong></span> 
     </span>
     <span class='ocr_line' id='line_1_70' title="bbox 143 5180 1688 5308; baseline 0.006 -69"><span class='ocrx_word' id='word_1_687' title='bbox 143 5182 317 5239; x_wconf 88' lang='lat' dir='ltr'><strong>desiderans</strong></span> <span class='ocrx_word' id='word_1_688' title='bbox 331 5186 359 5237; x_wconf 92' lang='lat' dir='ltr'><strong>te</strong></span> <span class='ocrx_word' id='word_1_689' title='bbox 373 5180 483 5249; x_wconf 86' lang='lat' dir='ltr'><strong>videre,</strong></span> <span class='ocrx_word' id='word_1_690' title='bbox 494 5184 523 5235; x_wconf 92' lang='lat' dir='ltr'><strong>et</strong></span> <span class='ocrx_word' id='word_1_691' title='bbox 535 5193 642 5249; x_wconf 87' lang='lat' dir='ltr'><strong>reperi.</strong></span> <span class='ocrx_word' id='word_1_692' title='bbox 1021 5181 1361 5308; x_wconf 43' lang='lat' dir='ltr'><strong>autequamtguidquam</strong></span> <span class='ocrx_word' id='word_1_693' title='bbox 1376 5185 1484 5241; x_wconf 85' lang='lat' dir='ltr'><strong>iaceret</strong></span> <span class='ocrx_word' id='word_1_694' title='bbox 1497 5202 1516 5242; x_wconf 91' lang='lat' dir='ltr'><strong>a</strong></span> <span class='ocrx_word' id='word_1_695' title='bbox 1528 5187 1688 5265; x_wconf 88' lang='lat' dir='ltr'><strong>principio.</strong></span> 
     </span>
     <span class='ocr_line' id='line_1_71' title="bbox 107 5248 1394 5321; baseline 0.001 -11"><span class='ocrx_word' id='word_1_696' title='bbox 107 5252 220 5310; x_wconf 86' lang='lat' dir='ltr'><strong>lntexui</strong></span> <span class='ocrx_word' id='word_1_697' title='bbox 236 5253 358 5309; x_wconf 86' lang='lat' dir='ltr'><strong>iuribus</strong></span> <span class='ocrx_word' id='word_1_698' title='bbox 374 5253 482 5308; x_wconf 89' lang='lat' dir='ltr'><strong>lectum</strong></span> <span class='ocrx_word' id='word_1_699' title='bbox 497 5264 606 5315; x_wconf 83' lang='lat' dir='ltr'><strong>mcum,</strong></span> <span class='ocrx_word' id='word_1_700' title='bbox 984 5248 1150 5307; x_wconf 77' lang='lat' dir='ltr'><strong>thesemo</strong></span> <span class='ocrx_word' id='word_1_701' title='bbox 1165 5268 1182 5308; x_wconf 96' lang='lat' dir='ltr'><strong>o</strong></span> <span class='ocrx_word' id='word_1_702' title='bbox 1219 5253 1300 5310; x_wconf 86' lang='lat' dir='ltr'><strong>iusta</strong></span> <span class='ocrx_word' id='word_1_703' title='bbox 1315 5269 1394 5321; x_wconf 83' lang='lat' dir='ltr'><strong>aum,</strong></span> 
     </span>
     <span class='ocr_line' id='line_1_72' title="bbox 143 5320 1613 5396; baseline 0.004 -14"><span class='ocrx_word' id='word_1_704' title='bbox 143 5324 233 5383; x_wconf 88' lang='lat' dir='ltr'><strong>stravi</strong></span> <span class='ocrx_word' id='word_1_705' title='bbox 248 5330 277 5381; x_wconf 91' lang='lat' dir='ltr'><strong>ta</strong></span> <span class='ocrx_word' id='word_1_706' title='bbox 300 5324 397 5380; x_wconf 87' lang='lat' dir='ltr'><strong>atibus</strong></span> <span class='ocrx_word' id='word_1_707' title='bbox 412 5321 499 5396; x_wconf 92' lang='lat' dir='ltr'><strong>pictis</strong></span> <span class='ocrx_word' id='word_1_708' title='bbox 515 5336 548 5375; x_wconf 85' lang='lat' dir='ltr'><strong>ex</strong></span> <span class='ocrx_word' id='word_1_709' title='bbox 564 5320 697 5392; x_wconf 79' lang='lat' dir='ltr'><strong>AEgypto.</strong></span> <span class='ocrx_word' id='word_1_710' title='bbox 1020 5326 1049 5377; x_wconf 92' lang='lat' dir='ltr'><strong>et</strong></span> <span class='ocrx_word' id='word_1_711' title='bbox 1064 5337 1099 5378; x_wconf 84' lang='lat' dir='ltr'><strong>aa</strong></span> <span class='ocrx_word' id='word_1_712' title='bbox 1114 5323 1244 5394; x_wconf 83' lang='lat' dir='ltr'><strong>antiquis</strong></span> <span class='ocrx_word' id='word_1_713' title='bbox 1255 5329 1413 5396; x_wconf 59' lang='lat' dir='ltr'><strong>inaquam</strong></span> <span class='ocrx_word' id='word_1_714' title='bbox 1427 5329 1506 5384; x_wconf 88' lang='lat' dir='ltr'><strong>terra</strong></span> <span class='ocrx_word' id='word_1_715' title='bbox 1519 5328 1613 5390; x_wconf 84' lang='lat' dir='ltr'><strong>fleret.</strong></span> 
     </span>
     <span class='ocr_line' id='line_1_73' title="bbox 107 5342 1797 5478; baseline 0.003 -26"><span class='ocrx_word' id='word_1_716' title='bbox 107 5396 228 5471; x_wconf 71' lang='lat' dir='ltr'><strong>aspersi</strong></span> <span class='ocrx_word' id='word_1_717' title='bbox 241 5342 339 5453; x_wconf 63' lang='lat' dir='ltr'><strong>cuiue</strong></span> <span class='ocrx_word' id='word_1_718' title='bbox 352 5410 451 5452; x_wconf 91' lang='lat' dir='ltr'><strong>meum</strong></span> <span class='ocrx_word' id='word_1_719' title='bbox 467 5390 596 5465; x_wconf 80' lang='lat' dir='ltr'><strong>myrrha.</strong></span> <span class='ocrx_word' id='word_1_720' title='bbox 983 5387 1115 5451; x_wconf 88' lang='lat' dir='ltr'><strong>Necdum</strong></span> <span class='ocrx_word' id='word_1_721' title='bbox 1125 5401 1209 5451; x_wconf 89' lang='lat' dir='ltr'><strong>erent</strong></span> <span class='ocrx_word' id='word_1_722' title='bbox 1220 5393 1329 5469; x_wconf 72' lang='lat' dir='ltr'><strong>abyssi,</strong></span> <span class='ocrx_word' id='word_1_723' title='bbox 1345 5402 1375 5454; x_wconf 92' lang='lat' dir='ltr'><strong>et</strong></span> <span class='ocrx_word' id='word_1_724' title='bbox 1386 5412 1441 5470; x_wconf 89' lang='lat' dir='ltr'><strong>ego</strong></span> <span class='ocrx_word' id='word_1_725' title='bbox 1452 5399 1516 5470; x_wconf 78' lang='lat' dir='ltr'><strong>iam</strong></span> <span class='ocrx_word' id='word_1_726' title='bbox 1530 5408 1677 5478; x_wconf 84' lang='lat' dir='ltr'><strong>concepta</strong></span> <span class='ocrx_word' id='word_1_727' title='bbox 1703 5420 1776 5466; x_wconf 83' lang='lat' dir='ltr'><strong>arem</strong></span> <span class='ocrx_word' id='word_1_728' title='bbox 1790 5416 1797 5457; x_wconf 90' lang='lat'><strong>:</strong></span> 
     </span>
    </p>
   </div>
   <div class='ocr_carea' id='block_1_8' title="bbox 106 5599 1798 5825">
    <p class='ocr_par' dir='ltr' id='par_1_8' title="bbox 106 5599 1798 5825">
     <span class='ocr_line' id='line_1_74' title="bbox 143 5599 1798 5695; baseline 0.01 -34"><span class='ocrx_word' id='word_1_729' title='bbox 143 5607 201 5661; x_wconf 91' lang='lat' dir='ltr'><strong>¹1n</strong></span> <span class='ocrx_word' id='word_1_730' title='bbox 217 5604 468 5687; x_wconf 73' lang='lat' dir='ltr'><strong>Hebraoestn³i‚</strong></span> <span class='ocrx_word' id='word_1_731' title='bbox 482 5602 560 5674; x_wconf 77' lang='lat' dir='ltr'><strong>quod</strong></span> <span class='ocrx_word' id='word_1_732' title='bbox 574 5599 854 5685; x_wconf 25' lang='lat' dir='ltr'><strong>compedemteonat:</strong></span> <span class='ocrx_word' id='word_1_733' title='bbox 869 5604 931 5658; x_wconf 92' lang='lat' dir='ltr'><strong>est·</strong></span> <span class='ocrx_word' id='word_1_734' title='bbox 984 5604 1124 5689; x_wconf 77' lang='lat' dir='ltr'><strong>liebreico</strong></span> <span class='ocrx_word' id='word_1_735' title='bbox 1139 5605 1299 5690; x_wconf 85' lang='lat' dir='ltr'><strong>exemplari</strong></span> <span class='ocrx_word' id='word_1_736' title='bbox 1312 5611 1476 5683; x_wconf 67' lang='lat' dir='ltr'><strong>mucro</strong></span> <span class='ocrx_word' id='word_1_737' title='bbox 1492 5616 1644 5689; x_wconf 72' lang='lat' dir='ltr'><strong>mtugeas</strong></span> <span class='ocrx_word' id='word_1_738' title='bbox 1652 5634 1708 5695; x_wconf 81' lang='lat' dir='ltr'><strong>pro</strong></span> <span class='ocrx_word' id='word_1_739' title='bbox 1729 5628 1798 5689; x_wconf 68' lang='lat' dir='ltr'><strong>ono,</strong></span> 
     </span>
     <span class='ocr_line' id='line_1_75' title="bbox 108 5674 1798 5767; baseline 0.011 -38"><span class='ocrx_word' id='word_1_740' title='bbox 108 5690 166 5745; x_wconf 85' lang='lat' dir='ltr'><strong>qua</strong></span> <span class='ocrx_word' id='word_1_741' title='bbox 182 5692 298 5746; x_wconf 85' lang='lat' dir='ltr'><strong>sensus,</strong></span> <span class='ocrx_word' id='word_1_742' title='bbox 319 5685 391 5733; x_wconf 76' lang='lat' dir='ltr'><strong>strat</strong></span> <span class='ocrx_word' id='word_1_743' title='bbox 416 5690 522 5746; x_wconf 80' lang='lat' dir='ltr'><strong>compes</strong></span> <span class='ocrx_word' id='word_1_744' title='bbox 550 5675 589 5729; x_wconf 87' lang='lat' dir='ltr'><strong>ud</strong></span> <span class='ocrx_word' id='word_1_745' title='bbox 615 5674 929 5759; x_wconf 66' lang='lat' dir='ltr'><strong>coetipctaoaeaistaiti.</strong></span> <span class='ocrx_word' id='word_1_746' title='bbox 983 5675 1798 5767; x_wconf 70' lang='lat' dir='ltr'><strong>Melimegoopinaricumsymmacboeeaptaaaamagis</strong></span> 
     </span>
     <span class='ocr_line' id='line_1_76' title="bbox 106 5744 1572 5825; baseline 0.01 -23"><span class='ocrx_word' id='word_1_747' title='bbox 106 5744 201 5817; x_wconf 87' lang='lat' dir='ltr'><strong>Vulgo</strong></span> <span class='ocrx_word' id='word_1_748' title='bbox 214 5751 311 5804; x_wconf 89' lang='lat' dir='ltr'><strong>autem</strong></span> <span class='ocrx_word' id='word_1_749' title='bbox 327 5746 551 5822; x_wconf 88' lang='lat' dir='ltr'><strong>putantlectum</strong></span> <span class='ocrx_word' id='word_1_750' title='bbox 566 5761 583 5802; x_wconf 88' lang='lat' dir='ltr'><strong>a</strong></span> <span class='ocrx_word' id='word_1_751' title='bbox 597 5744 625 5801; x_wconf 83' lang='lat' dir='ltr'><strong>S.</strong></span> <span class='ocrx_word' id='word_1_752' title='bbox 643 5747 846 5817; x_wconf 88' lang='lat' dir='ltr'><strong>interpretem</strong></span> <span class='ocrx_word' id='word_1_753' title='bbox 874 5761 929 5803; x_wconf 90' lang='lat' dir='ltr'><strong>suo</strong></span> <span class='ocrx_word' id='word_1_754' title='bbox 983 5747 1035 5822; x_wconf 85' lang='lat' dir='ltr'><strong>qul</strong></span> <span class='ocrx_word' id='word_1_755' title='bbox 1048 5755 1137 5808; x_wconf 78' lang='lat' dir='ltr'><strong>vertit</strong></span> <span class='ocrx_word' id='word_1_756' title='bbox 1147 5767 1276 5825; x_wconf 75' lang='grc' dir='ltr'><strong>οκιρτων,</strong></span> <span class='ocrx_word' id='word_1_757' title='bbox 1292 5750 1322 5808; x_wconf 92' lang='lat' dir='ltr'><strong>id</strong></span> <span class='ocrx_word' id='word_1_758' title='bbox 1338 5754 1501 5812; x_wconf 77' lang='lat' dir='ltr'><strong>cataclistis</strong></span> <span class='ocrx_word' id='word_1_759' title='bbox 1514 5762 1572 5815; x_wconf 89' lang='lat' dir='ltr'><strong>etc.</strong></span> 
     </span>
    </p>
   </div>
   <div class='ocr_carea' id='block_1_9' title="bbox 0 0 1940 6120">
    <p class='ocr_par' dir='ltr' id='par_1_9' title="bbox 0 0 1940 6120">
     <span class='ocr_line' id='line_1_77' title="bbox 0 0 1940 6120; baseline 0 0"><span class='ocrx_word' id='word_1_760' title='bbox 0 0 1940 6120; x_wconf 95' lang='lat' dir='ltr'><strong> </strong></span> 
     </span>
    </p>
   </div>
  </div>
 </body>
</html>
