3870 6120
55 158 125 217 ¹321
310 174 314 186 ·
696 166 804 223 LIBER
821 163 1119 230 rsovmiosuii.

91 298 155 365 qua
166 284 264 340 antem
274 281 419 355 paulatim
430 281 578 357 colligitur
588 301 690 358 mann,
702 286 882 362 multiplica·
895 290 923 358 Α
973 296 1090 350 astutus
1107 293 1272 353 considerat
1284 311 1405 370 gressus
1415 315 1485 355 suos
1499 299 1520 356 ¹.

127 355 209 412 bitur
248 425 254 437 Ι
441 426 477 438 ..
548 427 553 439 ¹
936 366 1058 436 Sapiens
1072 367 1167 436 timet,
1183 374 1212 423 et
1226 368 1489 437 declinatamalo,

55 427 130 509 Spes
145 442 210 499 quc
226 425 370 509 differtur,
387 426 493 511 aflligit
507 445 657 488 animam:
973 435 1083 494 stultus
1098 439 1238 510 transilit,
1255 446 1282 497 et
1297 441 1429 497 conlidit.

94 499 208 572 lignum
223 505 288 580 sitia
302 499 485 580 desiderium
502 503 633 558 veniens.
938 509 1097 579 Impatiens
1112 512 1282 582 operabitur
1295 513 1472 570 stultitiam:

55 571 111 636 Qui
128 569 256 627 detrabit
270 569 358 626 eliciti
375 570 494 642 rci,ipsa
508 572 539 628 in
555 573 688 630 iuturum
704 573 816 648 obligat
830 591 881 633 ss:
975 585 1002 636 et
1016 580 1061 635 vir
1073 594 1211 638 versutus
1227 583 1348 640 odiosus
1360 589 1416 640 est.

92 643 144 714 qni
159 647 262 723 antem·
273 642 359 697 timet
373 647 552 724 praeceptum
568 643 597 700 in
615 662 684 718 pace
698 645 881 704 versabitur¹
938 649 1134 709 Possidebunt
1149 655 1262 726 parvuli
1278 653 1447 726 stultitiam,

128 713 184 770 lex
200 713 422 798 sapientistnns
438 721 513 798 vita,
974 727 1003 778 et
1018 725 1108 779 astuti
1123 727 1319 797 expectabunt
1333 727 1507 783 scientiam:

91 789 123 840 ut
138 785 264 842 declinet
279 801 296 840 a
312 800 397 841 ruina
413 791 527 842 mortis.
937 793 1083 851 Jacebunt
1099 797 1167 852 mali
1184 803 1251 854 anto
1268 798 1379 854 bonos:

56 858 196 940 Doctrina
210 857 288 913 bona
300 857 383 913 dabit
396 857 540 927 gratiam:
975 871 1003 921 et
1018 865 1103 940 impii
1119 872 1187 925 ante
1200 874 1300 942 portas
1312 870 1474 940 justorum.

91 929 121 984 in
137 933 241 986 itinere
255 932 490 1002 contemptorum
507 945 624 1012 vorago.
937 937 1032 993 Etiam
1047 939 1180 1009 proximo
1193 957 1247 996 suo
1263 957 1374 1013 pauper
1387 941 1509 997 odiosus
1523 941 1597 1000 crit:

57 1002 177 1057 dotatus
192 1002 292 1057 omnia
306 1001 367 1072 agit
381 1016 449 1056 cum
465 1000 607 1058 consilio:
975 1010 1062 1065 amici
1078 1027 1144 1067 vern
1156 1011 1280 1067 divitum
1295 1011 1391 1068 multi.

92 1072 142 1144 qui
157 1079 256 1129 autem
269 1071 372 1154 latirus
387 1076 441 1156 est,
458 1072 553 1144 aperit
567 1071 734 1130 stultitiam.
938 1080 992 1143 Qui
1007 1081 1132 1152 despicit
1146 1084 1312 1154 proximum
1330 1099 1427 1151 suum,
1443 1088 1561 1156 peccat:

57 1143 187 1201 Nuntius
203 1143 288 1212 impii
299 1143 424 1200 radetin
444 1142 568 1201 malum.
939 1152 993 1216 Qui
1009 1160 1107 1209 autem
1124 1154 1281 1211 miseratur
1295 1155 1445 1226 pauperis,
1461 1155 1567 1212 beatus
1580 1153 1636 1213 erit
1644 1155 1665 1211 ⁸.

91 1215 207 1288 legatus
222 1213 318 1272 tidelis
333 1214 455 1297 sanitae.
512 1286 517 1296 ,
938 1222 1044 1279 Errant
1060 1224 1108 1296 qui
1125 1231 1283 1307 operantur
1298 1227 1409 1282 malum
1424 1243 1431 1282 ι

56 1285 177 1361 Egestas
192 1291 221 1343 et
235 1286 399 1368 ignominia
417 1303 443 1341 ei
461 1302 520 1369 'qui
544 1286 656 1370 deserit
674 1287 883 1363 disciplinam:
974 1295 1176 1353 misericordia
1190 1302 1218 1354 et
1232 1297 1339 1354 veritas
1355 1301 1519 1370 praeparant
1533 1298 1620 1355 bona.

92 1359 143 1430 qui
158 1359 321 1430 acquiescit
335 1364 479 1431 arguenti,
495 1355 718 1429 glorificabitur.
939 1365 973 1422 ln
984 1366 1065 1422 omni
1080 1383 1166 1438 opere
1182 1369 1237 1425 erit
1254 1370 1455 1426 abundantia:

55 1430 239 1487 Desiderium
252 1429 276 1485 si
293 1431 485 1500 compleatur,
501 1429 627 1487 delectat
642 1432 792 1488 animam:
974 1438 1132 1494 nbiautem
1155 1440 1243 1497 verba
1270 1446 1340 1498 sunt
1366 1440 1504 1514 plurima,
1529 1440 1569 1497 ibi
1597 1440 1767 1513 frequenter

91 1503 278 1558 detestantur
292 1502 376 1557 stulti
392 1518 452 1570 eos,
469 1502 520 1583 qui
536 1502 654 1574 tugiunt
670 1503 758 1561 mala.
1008 1516 1134 1581 egestas.

56 1575 110 1640 Qui
127 1590 193 1656 cum
210 1572 394 1646 sapientibus
428 1572 552 1654 raditur,
567 1574 686 1657 sapiens
701 1576 774 1632 erit:
938 1580 1051 1636 Corona
1067 1581 1258 1653 sapientium,
1274 1582 1384 1640 divitiae
1398 1599 1521 1641 eorum:

92 1661 206 1702 amicus
221 1644 380 1728 stultorum
396 1589 540 1700 ritineant
556 1646 674 1704 similis.
898 1663 922 1730 Β
974 1653 1096 1708 latuitas
1110 1652 1270 1709 stultorum
1286 1654 1496 1781 imprudentia.

55 1717 225 1774 Peccatores
241 1720 426 1798 persequitur
441 1714 564 1784 malum,
938 1724 1056 1780 biberat
1069 1725 1184 1781 animas
1200 1725 1285 1781 testis
1300 1726 1318 1780 li
1342 1724 1415 1783 alis:

91 1794 120 1844 et
131 1788 222 1860 justis
237 1788 438 1844 retribuentur
450 1788 536 1845 bona.
972 1800 1002 1852 et
1017 1795 1126 1867 proiert
1142 1797 1294 1852 mendacia
1308 1795 1482 1870 versipellis.

54 1859 154 1917 Bonus
169 1859 311 1932 relinquit
326 1859 457 1916 basredss
472 1857 561 1926 illios,
576 1862 605 1915 et
619 1862 759 1933 nepotes:
937 1866 969 1923 ln
985 1869 1091 1923 timore
1101 1867 1216 1923 Domini
1232 1867 1340 1927 fiducia
1354 1868 1549 1941 tortitudinis,

90 1938 120 1989 et
135 1933 300 1988 custoditur
310 1932 394 2003 justo
409 1930 577 1989 substantia
591 1931 763 2004 peccatoris.
973 1938 1081 1995 etfiliis
1095 1939 1160 2009 ejus
1176 1939 1232 1995 erit
1246 1955 1323 2011 spes.

55 2003 138 2060 biulti
154 2003 212 2059 cibi
228 2003 258 2058 in
276 2001 432 2058 novalibus
448 2006 585 2074 patrum:
937 2009 1038 2067 Timor
1052 2009 1168 2065 Domini
1183 2010 1249 2066 ione
1260 2012 1335 2080 vitas,

91 2081 120 2132 et
135 2074 202 2131 aliis
216 2080 432 2148 congregantur
443 2074 555 2146 absque
566 2072 688 2146 judicio.
974 2085 1006 2137 ut
1021 2081 1168 2137 declinent
1182 2098 1198 2136 a
1211 2079 1297 2138 ruina
1312 2082 1425 2138 mortis.

57 2146 113 2213 Qui
127 2145 220 2215 parcit
235 2147 333 2273 virge,
349 2146 412 2227 odit
427 2144 521 2201 illium
538 2161 646 2201 suum:
729 2215 736 2228 .
937 2154 971 2208 ln
987 2151 1176 2208 multitudine
1193 2153 1292 2225 populi
1306 2152 1438 2226 dignitas
1450 2152 1548 2226 regis:

93 2218 145 2289 qui
161 2223 259 2274 autem
295 2217 374 2289 iligit
385 2216 479 2286 illurn,
496 2218 639 2274 instanter
654 2216 759 2273 erudit.
973 2228 1002 2281 et
1017 2223 1047 2278 in
1064 2223 1209 2295 paucitate
1224 2222 1318 2295 plebis
1332 2223 1497 2297 ignominia
1510 2223 1664 2298 principis,

55 2290 162 2347 «iustus
178 2288 318 2360 comedit,
331 2293 360 2345 et
370 2287 463 2361 replet
478 2288 605 2344 animam
622 2304 725 2345 suam:
938 2294 993 2361 Qui
1008 2295 1122 2366 patiens
1138 2300 1193 2362 est,
1210 2295 1305 2352 mulla
1319 2297 1502 2367 gubernatur
1517 2296 1690 2367 prudentis:

91 2366 193 2418 venter
206 2366 304 2417 autem
317 2359 480 2445 impiorum
496 2358 708 2442 insaturabilis.
974 2368 1024 2438 qui
1040 2371 1138 2448 autam
1148 2367 1369 2439 impatiensest,
1377 2367 1486 2449 exaltat
1495 2365 1652 2425 stultitiam
1667 2383 1763 2426 suam.

61 2433 139 2516 (dap5
155 2431 244 2515 XIV.)
260 2433 380 2502 Sapiens
395 2432 502 2487 mulier
516 2432 772 2487 adillcntdomum
789 2446 886 2501 suam,
937 2437 1005 2494 Visa
1020 2453 1166 2509 earnium,
1182 2437 1401 2495 subirascor-dia
1417 2456 1425 2495 :

131 2502 273 2575 insipiens
284 2503 885 2575 exstructamquoquedestructmanibus.
974 2510 1098 2580 putredo
1112 2510 1237 2579 ossium,
1254 2509 1374 2567 insidia.

56 2573 222 2633 ambulans
237 2580 316 2632 recto
331 2574 445 2644 itinere,
467 2579 496 2631 et
508 2575 617 2632 timens
630 2576 732 2643 Deum,
939 2579 994 2644 Qui
1015 2579 1213 2636 calumniatur
1227 2585 1372 2652 egentem,
1389 2582 1545 2653 exprobrat
1562 2580 1667 2638 lectori
1678 2581 1764 2654 elus:

93 2645 257 2719 despicitur
272 2648 308 2703 ab
323 2663 356 2703 eo
373 2647 423 2719 qui
439 2645 542 2701 iniami
556 2645 692 2720 graditur
706 2645 761 2702 via.
975 2651 1099 2707 honorat
1110 2657 1207 2707 autem
1220 2668 1300 2722 euin,
1312 2652 1361 2723 qui
1377 2653 1535 2709 miseretur
1548 2651 1697 2726 pauperis.

58 2723 91 2774 ln
108 2735 159 2774 ore
174 2718 256 2775 stulti
270 2719 353 2791 virga
364 2717 529 2789 superbia:
937 2725 971 2779 ln
985 2722 1099 2778 malitia
1115 2739 1169 2778 sua
1183 2720 1346 2794 expelletur
1361 2723 1490 2796 impius:

93 2789 174 2847 labia
188 2794 287 2847 aulem
301 2789 482 2862 sapientium
498 2787 671 2846 custodiunt
682 2803 744 2845 cos.
975 2799 1073 2866 sperat
1085 2799 1182 2851 autem
1195 2794 1297 2864 justus
1313 2794 1342 2850 in
1358 2801 1451 2850 morte
1465 2810 1539 2850 sus:

57 2861 112 2918 Ubi
128 2877 186 2918 non
201 2866 272 2917 sunt
287 2861 384 2927 boves,
402 2877 530 2933 presepe
544 2876 669 2917 vacuum
680 2865 745 2927 eatr
939 2864 969 2921 in
983 2866 1069 2922 corde
1085 2865 1238 2936 prudentis
1256 2864 1414 2936 requiescit
1428 2864 1583 2939 sapientia,

95 2933 146 2990 ubi
157 2937 255 2989 autem
269 2933 405 3006 plurimae
415 2937 540 3006 segetes,
552 2932 594 2989 ibi
605 2932 762 2989 manifesta
771 2930 888 2988 sortitu·
974 2943 1003 2994 et
1018 2937 1151 2994 indoctos
1165 2952 1296 3009 quosque
1308 2937 1431 2994 erudiet.

131 3006 168 3060 do
184 3004 276 3062 bovis.
442 3074 449 3085 ·
902 3029 924 3097 c
941 3008 957 3065 J
962 3009 1064 3065 ustitia
1077 3007 1170 3065 elevat
1183 3013 1320 3081 gentem:

58 3076 156 3134 'lestis
172 3075 267 3132 tidelis
283 3092 342 3132 non
358 3076 519 3131 mentitur:
979 3079 1102 3137 miseros
1116 3080 1187 3136 iacit
1201 3078 1326 3152 populos
1343 3082 1506 3152 peccatum.

97 3148 209 3220 proiert
223 3151 321 3204 autem
339 3146 525 3229 mendacium
541 3143 662 3204 dolosus
678 3144 772 3229 testis.
943 3156 1086 3224 acceptus
1101 3155 1145 3208 est
1160 3151 1221 3237 regi
1236 3150 1371 3208 minister
1385 3151 1555 3225 intelligens
1570 3168 1576 3207 :

63 3219 174 3285 Quaerit
188 3219 300 3276 derisor
314 3218 502 3291 sapientiam,
519 3222 547 3273 ct
562 3234 619 3275 non
636 3219 779 3275 inveniet:
977 3223 1161 3279 iracundiam
1177 3239 1241 3294 epus
1255 3221 1370 3279 inutilis
1385 3223 1552 3280 sustinebit.

98 3292 235 3348 doctrina
249 3290 437 3364 prudentium
453 3288 557 3346 incilia.
941 3295 1021 3365 (Cap.
1035 3294 1105 3421 XVg
1120 3293 1282 3367 Responsio
1296 3292 1394 3350 mollis
1409 3295 1518 3368 trangit
1530 3295 1622 3352 iram:

61 3363 145 3419 Vade
160 3363 369 3419 contravirum
385 3359 522 3427 stultum,
977 3382 1073 3423 sermo
1110 3382 1181 3421 urus
1195 3366 1320 3422 suscitat
1335 3364 1471 3422 furorem.

97 3441 128 3492 st
142 3434 236 3490 nescit
249 3433 328 3490 labia
341 3431 514 3507 prudentia.
943 3438 1057 3509 Lingua
1071 3437 1247 3509 sapientium
1264 3441 1349 3493 ornat
1364 3437 1537 3495 scientiam:

61 3505 214 3579 Sapientia
228 3504 328 3562 callidi
343 3509 388 3561 est
402 3502 565 3576 intelligere
579 3503 656 3560 viam
671 3519 776 3572 suam3
977 3525 1010 3565 os
1027 3509 1174 3566 iatuorum
1185 3507 1290 3565 ebullit
1302 3506 1471 3567 stultitiam.

94 3583 125 3635 at
136 3577 337 3650 imprudentia
351 3577 633 3633 stultorumerrans.
944 3580 979 3637 ln
993 3581 1075 3637 omni
1089 3579 1152 3637 loco
1168 3579 1244 3637 oculi
1260 3578 1376 3636 llomini

60 3648 178 3708 Stultus
192 3649 299 3706 illudet
313 3653 478 3722 peccatum,
976 3651 1215 3778 contemplantur
1230 3651 1323 3707 malos
1337 3654 1366 3707 et
1379 3650 1484 3710 bonos.

95 3721 212 3778 etinter
222 3722 322 3792 justos
339 3718 502 3776 morabitur
513 3716 618 3792 gratia.
943 3724 1060 3794 Lingua
1074 3740 1092 3795 p
1106 3722 1238 3790 acabilis,
1250 3721 1268 3777 li
1293 3738 1363 3777 num
1378 3721 1444 3777 vitas
1653 3790 1660 3804 ·

58 3793 117 3851 eoi
131 3792 210 3865 quod
227 3792 305 3849 norit
320 3790 547 3848 amaritudinem
562 3790 666 3846 anima
681 3805 752 3858 sue,
977 3810 1043 3866 quaa
1058 3799 1154 3850 numm
1170 3793 1261 3849 iinmo
1283 3797 1364 3848 erata
1378 3795 1433 3859 est,
1456 3793 1588 3873 conteret
1614 3790 1764 3865 spirltum.

60 3865 130 3994 ⁰³¹¹
146 3862 593 3990 “tlt“titillliittlt‘
606 3865 772 3918 ⁰¹²¹⁸⁰⁰¹¹⁸·
941 3863 1374 3993 ⁸‘itltitiititttti¹liti
1390 3862 1660 3992 liiiiii‘iiiiiii
1684 3933 1756 3992 iio

88 3951 767 4086 0tffissri:{leliiliimilierojustoruiiigerminabunt.
945 3953 1057 4065 ilssmus
1074 4006 1152 4089 'usti'
1180 3951 1453 4089 lurimatortitqido.
1485 3980 1519 4088 ‚⁹
1756 3973 1765 3991 ⁸

59 4079 114 4136 ilai
127 4078 185 4150 ria,
201 4095 265 4150 qua
279 4079 395 4135 videtur
409 4076 522 4132 bomini
534 4075 636 4147 justa:
978 4083 1007 4136 et
1021 4079 1052 4134 in
1080 4024 1211 4134 ructigus
1227 4078 1311 4150 impii
1326 4077 1521 4135 conturbatio.

97 4150 262 4208 novissima
275 4155 373 4206 aulem
389 4148 453 4220 ejus
466 4147 618 4205 deducunt
631 4146 668 4203 ad
685 4149 820 4203 mortam.
944 4151 1033 4207 Labia
1047 4150 1226 4222 sapientium
1240 4147 1479 4205 disseminabant
1494 4146 1667 4206 scientiam:

60 4223 152 4280 Risus
167 4221 266 4278 dolore
280 4219 461 4287 miscebitur,
979 4239 1029 4278 cor
1042 4221 1200 4278 stultorum
1216 4218 1360 4278 dissimile
1374 4219 1438 4276 erit.

99 4298 129 4350 ct
139 4299 270 4350 extrema
304 4289 491 4349 andiiluctus
506 4293 638 4363 occupat.
942 4293 1075 4350 Victima
1090 4293 1249 4365 impiorum
1266 4289 1478 4349 abominabiles
1492 4289 1638 4348 Domino:

61 4365 127 4422 Viis
139 4365 203 4421 suis
218 4309 378 4439 replffiiitur
392 4360 512 4427 stultus,
903 4397 927 4464 D
979 4369 1048 4422 vota
1057 4365 1208 4436 justorum
1223 4363 1408 4447 placabilia..
1464 4432 1482 4446 ..

99 4443 128 4493 et
142 4453 232 4508 super
246 4452 313 4493 eum
330 4436 385 4493 erit
400 4434 559 4490 virbonus.
942 4437 1127 4493 Abominatio
1143 4441 1188 4492 est
1202 4441 1324 4492 Domino
1339 4452 1385 4491 via
1400 4449 1502 4516 impii:

62 4509 210 4567 innocens
225 4508 318 4565 credit
330 4505 412 4565 omni
426 4507 533 4563 verbo:
978 4508 1029 4581 qui
1044 4507 1344 4580 sequiturjustitiam,
1361 4504 1494 4579 diligitur
1509 4504 1546 4562 ab
1561 4519 1605 4561 eo.

101 4719 315 4794 ¹M⁸⁰¹1⁸⁰lillti
331 4719 446 4776 ⁰⁰dl⁰0⁸
461 4717 509 4774 ¹³5⁰
524 4717 670 4788 (tumidam
694 4715 805 4773 hibent
832 4715 889 4772 00·
943 4722 1054 4794 aliquot
1068 4719 1246 4779 editionibus
1262 4719 1408 4776 occurrit:
1425 4717 1495 4775 Fr'lio
1509 4717 1603 4776 doloso
1630 4732 1685 4775 uuir
1713 4717 1769 4775 erit

63 4795 274 4861 ditamcntum,
287 4797 477 4865 prcutsupra
488 4788 656 4846 dicebamus
668 4805 674 4845 :
688 4806 745 4844 non
757 4788 890 4845 camdem
944 4797 1018 4860 boni,
1033 4809 1109 4850 servo
1122 4801 1216 4849 nutem
1229 4793 1348 4863 rapienti
1370 4806 1500 4863 prospers
1523 4792 1602 4846 eruat
1627 4793 1713 4860 adas,
1740 4792 1769 4845 rt

63 4866 186 4939 quidem
197 4863 386 4948 tentopttflmi
402 4879 466 4934 000
485 4861 515 4917 in
530 4860 656 4933 Vulgata
684 4859 809 4933 legitur;
839 4859 890 4916 sed
943 4867 1080 4950 dirigetur
1090 4868 1135 4921 uia
1150 4866 1217 4948 ejas,
1235 4880 1298 4935 quc
1313 4879 1348 4919 ex
1362 4861 1523 4935 superioris
1538 4860 1669 4935 proxime
1690 4858 1769 4930 capi·

63 4954 132 5050 ‘¹⁰2
145 4931 893 5089 iiiaiiliiiiiiiiuiitiiiiia...
944 4939 1103 5080 ‘iiiiii
1116 4937 1149 5063 li
1164 4934 1660 5090 irrueritis
1674 4933 1771 5075 :aa

63 5081 98 5139 in
110 5084 240 5152 flectatis,
256 5078 329 5151 justi
349 5087 440 5134 autem
463 5075 653 5133 0100ῑο0νᾶ0
680 5085 756 5145 tunt,
780 5079 808 5131 et
836 5090 891 5130 mt-
945 5080 1065 5136 demum
1080 5080 1109 5134 in
1125 5076 1336 5133 vetustioribus
1350 5076 1461 5133 Latinis
1477 5092 1549 5158 mss.
1565 5073 1770 5159 quaebiosub·

63 5156 202 5218 sorciatur,
218 5165 282 5222 quaa
297 5150 434 5205 videntur
449 5163 483 5203 ex
499 5148 558 5203 iare
573 5146 719 5203 similibus
739 5145 893 5203 sententiis
941 5148 1331 5225 junguntVulgatiecodices
1342 5149 1441 5218 verba,
1451 5145 1590 5219 wimedrl
1601 5147 1770 5213 cromano,

64 5221 252 5280 Psalmorum
268 5224 375 5278 xxviet
389 5237 434 5275 cai
450 5219 480 5275 in
495 5218 627 5275 Gracum
652 5220 817 5290 exemplare
839 5218 893 5274 im·
945 5222 1170 5280 irissericoriiinm
1184 5220 1289 5290 ditiqir.
1427 5288 1433 5299 ι
1610 5287 1617 5300 .

64 5300 192 5368 00οῑοῑ0·
214 5293 442 5362 ΙοΗο0000,00
465 5306 558 5362 00000
587 5289 726 5346 derivatis
756 5289 893 5362 Hierony·
982 5293 1157 5351 ‘Nonnulla
1171 5286 1770 5369 Vulgataversionisexemplariaaddunt,

64 5366 174 5425 000οἰ0
188 5364 338 5421 “mitibus
354 5380 412 5419 000
427 5363 582 5418 habentui·
947 5367 978 5423 lis
993 5363 1151 5422 abundanti
1159 5366 1273 5435 justitio
1285 5363 1373 5417 uirtus
1386 5362 1513 5417 murima
1522 5369 1580 5420 ert:
1594 5363 1773 5428 repudiosas

101 5438 113 5474 ¹
129 5436 382 5504 Additamentum,
399 5434 477 5506 quod
492 5432 618 5506 Vulgata
633 5431 740 5489 retinet
753 5432 809 5489 boc
820 5432 895 5502 loco,
946 5441 1041 5495 aaran
1058 5436 1211 5508 impioram
1223 5433 1454 5502 eradicabuntur,
1465 5449 1528 5503 quc
1544 5431 1652 5513 nedum
1664 5429 1701 5512 in·
1716 5432 1773 5486 ila·

63 5525 125 5567 non
137 5507 247 5582 legitur
261 5507 292 5563 in
308 5522 380 5563 mss.
397 5505 560 5562 codicibus.
584 5505 656 5560 Vide
684 5504 894 5576 procedentem
947 5511 1035 5575 brec,
1050 5525 1084 5565 er
1100 5524 1192 5579 eoque
1206 5505 1354 5578 expressis
1365 5503 1599 5577 Hieronymianis
1610 5499 1773 5585 codicibus,

62 5578 288 5639 annoutionem
305 5583 436 5635 nostram
452 5577 488 5632 sd
503 5593 567 5649 rap.
585 5593 627 5639 iii.
643 5592 719 5633 vers.
737 5576 779 5632 13.
806 5573 896 5633 Proui
948 5582 998 5639 aad
1012 5587 1041 5637 at
1055 5597 1084 5636 in
1099 5579 1207 5635 Grecis
1222 5576 1335 5649 aliquot
1355 5574 1534 5631 editionibus
1558 5574 1774 5656 desiderantur,

62 5657 188 5712 notatim
202 5666 345 5708 numerus
360 5665 497 5706 versuum
514 5651 543 5703 in
559 5648 655 5705 editlr·
672 5647 763 5704 Mirr·
948 5670 1001 5709 nec
1017 5650 1098 5709 aliud
1112 5650 1249 5707 videntur
1263 5664 1339 5716 esse,
1353 5662 1444 5716 quam
1459 5646 1667 5718 subsequentis
1682 5641 1773 5701 veral-

100 5753 138 5768 -·
148 5724 258 5780 lterum
274 5721 351 5780 idem
363 5722 453 5777 lerina
467 5720 701 5778 additamentum
715 5719 746 5775 in
767 5718 896 5794 Vulgata
950 5724 1019 5796 culi,
1035 5725 1134 5781 Domus
1148 5723 1228 5793 iusta,
1242 5725 1312 5790 etc,
1327 5717 1438 5792 duplex
1451 5717 1664 5791 interpretatio,

228 5840 359 5903 Parnon.
382 5836 522 5901 xxviii.
1579 5833 1618 5892 ta
