<?xml version="1.0" encoding="UTF-8"?>
<!DOCTYPE html PUBLIC "-//W3C//DTD XHTML 1.0 Transitional//EN"
    "http://www.w3.org/TR/xhtml1/DTD/xhtml1-transitional.dtd">
<html xmlns="http://www.w3.org/1999/xhtml" xml:lang="en" lang="en">
 <head>
  <title>
</title>
<meta http-equiv="Content-Type" content="text/html;charset=utf-8" />
  <meta name='ocr-system' content='tesseract 3.04.00' />
  <meta name='ocr-capabilities' content='ocr_page ocr_carea ocr_par ocr_line ocrx_word'/>
</head>
<body>
  <div class='ocr_page' id='page_1' title='image "./patrologiaecurs13goog/patrologiaecurs13goog_0542.png"; bbox 0 0 3870 6120; ppageno 0'>
   <div class='ocr_carea' id='block_1_1' title="bbox 592 194 1670 255">
    <p class='ocr_par' dir='ltr' id='par_1_1' title="bbox 592 194 1670 255">
     <span class='ocr_line' id='line_1_1' title="bbox 592 194 1670 255; baseline 0.005 -5"><span class='ocrx_word' id='word_1_1' title='bbox 592 196 700 252; x_wconf 68' lang='lat' dir='ltr'><strong>LIBER</strong></span> <span class='ocrx_word' id='word_1_2' title='bbox 717 195 809 252; x_wconf 73' lang='lat'><strong>0888</strong></span> <span class='ocrx_word' id='word_1_3' title='bbox 826 194 1038 253; x_wconf 73' lang='lat' dir='ltr'><strong>altorum.</strong></span> <span class='ocrx_word' id='word_1_4' title='bbox 1601 197 1670 255; x_wconf 80' lang='lat' dir='ltr'><strong>lO&#39;lfl</strong></span> 
     </span>
    </p>
   </div>
   <div class='ocr_carea' id='block_1_2' title="bbox 86 315 1668 5112">
    <p class='ocr_par' dir='ltr' id='par_1_2' title="bbox 87 315 1668 750">
     <span class='ocr_line' id='line_1_2' title="bbox 87 315 1668 400; baseline 0.004 -28"><span class='ocrx_word' id='word_1_5' title='bbox 87 332 105 372; x_wconf 92' lang='lat' dir='ltr'><strong>s</strong></span> <span class='ocrx_word' id='word_1_6' title='bbox 121 315 248 388; x_wconf 86' lang='lat' dir='ltr'><strong>sapiam,</strong></span> <span class='ocrx_word' id='word_1_7' title='bbox 264 315 427 400; x_wconf 80' lang='lat' dir='ltr'><strong>stradam:</strong></span> <span class='ocrx_word' id='word_1_8' title='bbox 803 320 831 387; x_wconf 70' lang='grc' dir='ltr'>Α</span> <span class='ocrx_word' id='word_1_9' title='bbox 881 316 1018 390; x_wconf 81' lang='lat' dir='ltr'>Ephraim</span> <span class='ocrx_word' id='word_1_10' title='bbox 1033 318 1129 375; x_wconf 89' lang='lat' dir='ltr'><strong>iactus</strong></span> <span class='ocrx_word' id='word_1_11' title='bbox 1143 319 1187 375; x_wconf 88' lang='lat' dir='ltr'><strong>eet</strong></span> <span class='ocrx_word' id='word_1_12' title='bbox 1206 315 1419 376; x_wconf 81' lang='lat' dir='ltr'><strong>subcinericius</strong></span> <span class='ocrx_word' id='word_1_13' title='bbox 1434 318 1530 391; x_wconf 85' lang='lat' dir='ltr'><strong>panis,</strong></span> <span class='ocrx_word' id='word_1_14' title='bbox 1546 319 1597 394; x_wconf 89' lang='lat' dir='ltr'><strong>qui</strong></span> <span class='ocrx_word' id='word_1_15' title='bbox 1611 338 1668 378; x_wconf 90' lang='lat' dir='ltr'><strong>uon</strong></span> 
     </span>
     <span class='ocr_line' id='line_1_3' title="bbox 87 392 1092 459; baseline 0.002 -16"><span class='ocrx_word' id='word_1_16' title='bbox 87 403 114 454; x_wconf 76' lang='grc' dir='ltr'><strong>ις</strong></span> <span class='ocrx_word' id='word_1_17' title='bbox 130 393 160 443; x_wconf 87' lang='lat' dir='ltr'><strong>et</strong></span> <span class='ocrx_word' id='word_1_18' title='bbox 174 403 232 443; x_wconf 91' lang='lat' dir='ltr'><strong>aon</strong></span> <span class='ocrx_word' id='word_1_19' title='bbox 248 392 294 443; x_wconf 88' lang='lat' dir='ltr'><strong>est</strong></span> <span class='ocrx_word' id='word_1_20' title='bbox 309 403 359 459; x_wconf 92' lang='lat' dir='ltr'><strong>qur</strong></span> <span class='ocrx_word' id='word_1_21' title='bbox 374 392 467 445; x_wconf 85' lang='lat' dir='ltr'><strong>eruat.</strong></span> <span class='ocrx_word' id='word_1_22' title='bbox 918 394 1092 445; x_wconf 75' lang='lat' dir='ltr'><strong>reversatur.</strong></span> 
     </span>
     <span class='ocr_line' id='line_1_4' title="bbox 87 457 1667 587; baseline 0.003 -72"><span class='ocrx_word' id='word_1_23' title='bbox 87 459 270 585; x_wconf 46' lang='grc' dir='ltr'><strong>ΙἜιῖἰιῑιιιϊιιιὶ</strong></span> <span class='ocrx_word' id='word_1_24' title='bbox 286 457 384 516; x_wconf 89' lang='lat' dir='ltr'><strong>losum</strong></span> <span class='ocrx_word' id='word_1_25' title='bbox 399 475 519 517; x_wconf 85' lang='lat' dir='ltr'><strong>meum:</strong></span> <span class='ocrx_word' id='word_1_26' title='bbox 844 460 1040 587; x_wconf 49' lang='lat' dir='ltr'><strong>comsidaruut</strong></span> <span class='ocrx_word' id='word_1_27' title='bbox 1055 461 1141 587; x_wconf 52' lang='lat' dir='ltr'><strong>alterari</strong></span> <span class='ocrx_word' id='word_1_28' title='bbox 1158 459 1252 544; x_wconf 72' lang='lat' dir='ltr'><strong>¹robur</strong></span> <span class='ocrx_word' id='word_1_29' title='bbox 1275 461 1353 544; x_wconf 67' lang='lat' dir='ltr'><strong>ejus,</strong></span> <span class='ocrx_word' id='word_1_30' title='bbox 1381 465 1411 518; x_wconf 85' lang='lat' dir='ltr'><strong>et</strong></span> <span class='ocrx_word' id='word_1_31' title='bbox 1434 461 1499 543; x_wconf 83' lang='lat' dir='ltr'><strong>ipse</strong></span> <span class='ocrx_word' id='word_1_32' title='bbox 1512 463 1667 548; x_wconf 32' lang='lat' dir='ltr'><strong>,nessivi&#39;tt</strong></span> 
     </span>
     <span class='ocr_line' id='line_1_5' title="bbox 87 536 1666 686; baseline 0.004 -30"><span class='ocrx_word' id='word_1_33' title='bbox 87 546 296 686; x_wconf 64' lang='lat' dir='ltr'><strong>taillia..</strong></span> <span class='ocrx_word' id='word_1_34' title='bbox 309 618 420 685; x_wconf 30' lang='lat' dir='ltr'><strong>...aa</strong></span> <span class='ocrx_word' id='word_1_35' title='bbox 843 536 1099 660; x_wconf 58' lang='lat' dir='ltr'><strong>attollitis.</strong></span> <span class='ocrx_word' id='word_1_36' title='bbox 1113 537 1258 676; x_wconf 62' lang='lat' dir='ltr'><strong>isitii*</strong></span> <span class='ocrx_word' id='word_1_37' title='bbox 1271 548 1363 660; x_wconf 74' lang='lat' dir='ltr'><strong>titt</strong></span> <span class='ocrx_word' id='word_1_38' title='bbox 1378 537 1419 658; x_wconf 74' lang='lat' dir='ltr'><strong>i.</strong></span> <span class='ocrx_word' id='word_1_39' title='bbox 1432 542 1666 676; x_wconf 47' lang='lat' dir='ltr'><strong>stimuli</strong></span> 
     </span>
     <span class='ocr_line' id='line_1_6' title="bbox 87 673 1594 750; baseline 0.001 -20"><span class='ocrx_word' id='word_1_40' title='bbox 87 675 119 741; x_wconf 88' lang='grc' dir='ltr'><strong>Ι.)</strong></span> <span class='ocrx_word' id='word_1_41' title='bbox 134 674 166 729; x_wconf 94' lang='lat' dir='ltr'><strong>lu</strong></span> <span class='ocrx_word' id='word_1_42' title='bbox 184 673 375 731; x_wconf 74' lang='lat' dir='ltr'><strong>tribulatione</strong></span> <span class='ocrx_word' id='word_1_43' title='bbox 390 691 444 731; x_wconf 89' lang='lat' dir='ltr'><strong>sua</strong></span> <span class='ocrx_word' id='word_1_44' title='bbox 459 690 546 731; x_wconf 89' lang='lat' dir='ltr'><strong>mane</strong></span> <span class='ocrx_word' id='word_1_45' title='bbox 560 677 784 750; x_wconf 77' lang='lat' dir='ltr'><strong>ssusurgeutad</strong></span> <span class='ocrx_word' id='word_1_46' title='bbox 879 690 931 730; x_wconf 85' lang='lat' dir='ltr'><strong>uec</strong></span> <span class='ocrx_word' id='word_1_47' title='bbox 948 675 1058 733; x_wconf 79' lang='lat' dir='ltr'><strong>reversi</strong></span> <span class='ocrx_word' id='word_1_48' title='bbox 1074 680 1144 732; x_wconf 90' lang='lat' dir='ltr'><strong>sunt</strong></span> <span class='ocrx_word' id='word_1_49' title='bbox 1159 675 1195 731; x_wconf 90' lang='lat' dir='ltr'><strong>ad</strong></span> <span class='ocrx_word' id='word_1_50' title='bbox 1215 674 1370 732; x_wconf 84' lang='lat' dir='ltr'><strong>Dominum</strong></span> <span class='ocrx_word' id='word_1_51' title='bbox 1385 679 1477 731; x_wconf 83' lang='lat' dir='ltr'><strong>Deum</strong></span> <span class='ocrx_word' id='word_1_52' title='bbox 1494 692 1594 748; x_wconf 85' lang='lat' dir='ltr'><strong>suum,</strong></span> 
     </span>
    </p>

    <p class='ocr_par' dir='ltr' id='par_1_3' title="bbox 96 747 1557 819">
     <span class='ocr_line' id='line_1_7' title="bbox 96 747 1557 819; baseline 0.002 -19"><span class='ocrx_word' id='word_1_53' title='bbox 96 761 103 800; x_wconf 73' lang='grc' dir='ltr'><strong>ι</strong></span> <span class='ocrx_word' id='word_1_54' title='bbox 878 747 1170 819; x_wconf 80' lang='lat' dir='ltr'><strong>etuouquaeieruut</strong></span> <span class='ocrx_word' id='word_1_55' title='bbox 1195 762 1261 802; x_wconf 90' lang='lat' dir='ltr'><strong>sum</strong></span> <span class='ocrx_word' id='word_1_56' title='bbox 1291 747 1320 801; x_wconf 91' lang='lat' dir='ltr'><strong>in</strong></span> <span class='ocrx_word' id='word_1_57' title='bbox 1350 747 1557 804; x_wconf 90' lang='lat' dir='ltr'><strong>omnibushis.</strong></span> 
     </span>
    </p>

    <p class='ocr_par' dir='ltr' id='par_1_4' title="bbox 87 817 1664 1106">
     <span class='ocr_line' id='line_1_8' title="bbox 90 817 1664 892; baseline 0.004 -20"><span class='ocrx_word' id='word_1_58' title='bbox 90 821 119 872; x_wconf 86' lang='lat' dir='ltr'><strong>et</strong></span> <span class='ocrx_word' id='word_1_59' title='bbox 134 824 317 873; x_wconf 87' lang='lat' dir='ltr'><strong>revertamur</strong></span> <span class='ocrx_word' id='word_1_60' title='bbox 331 817 368 872; x_wconf 92' lang='lat' dir='ltr'><strong>ad</strong></span> <span class='ocrx_word' id='word_1_61' title='bbox 383 818 562 874; x_wconf 87' lang='lat' dir='ltr'><strong>Dominum:</strong></span> <span class='ocrx_word' id='word_1_62' title='bbox 879 819 974 874; x_wconf 87' lang='lat' dir='ltr'><strong>iactus</strong></span> <span class='ocrx_word' id='word_1_63' title='bbox 988 823 1035 874; x_wconf 92' lang='lat' dir='ltr'><strong>est</strong></span> <span class='ocrx_word' id='word_1_64' title='bbox 1049 818 1188 892; x_wconf 79' lang='lat' dir='ltr'><strong>Ephraim</strong></span> <span class='ocrx_word' id='word_1_65' title='bbox 1204 818 1289 891; x_wconf 86' lang='lat' dir='ltr'><strong>quael</strong></span> <span class='ocrx_word' id='word_1_66' title='bbox 1304 817 1443 875; x_wconf 82' lang='lat' dir='ltr'><strong>columba</strong></span> <span class='ocrx_word' id='word_1_67' title='bbox 1462 820 1585 876; x_wconf 82' lang='lat' dir='ltr'><strong>seducta</strong></span> <span class='ocrx_word' id='word_1_68' title='bbox 1606 837 1664 879; x_wconf 92' lang='lat' dir='ltr'><strong>non</strong></span> 
     </span>
     <span class='ocr_line' id='line_1_9' title="bbox 87 887 1069 961; baseline 0.003 -18"><span class='ocrx_word' id='word_1_69' title='bbox 87 903 111 943; x_wconf 80' lang='lat' dir='ltr'><strong>vs</strong></span> <span class='ocrx_word' id='word_1_70' title='bbox 126 888 213 961; x_wconf 86' lang='lat' dir='ltr'><strong>sepit,</strong></span> <span class='ocrx_word' id='word_1_71' title='bbox 230 894 261 944; x_wconf 87' lang='lat' dir='ltr'><strong>et</strong></span> <span class='ocrx_word' id='word_1_72' title='bbox 278 888 397 945; x_wconf 89' lang='lat' dir='ltr'><strong>sanabit</strong></span> <span class='ocrx_word' id='word_1_73' title='bbox 407 906 480 947; x_wconf 93' lang='lat' dir='ltr'><strong>nos:</strong></span> <span class='ocrx_word' id='word_1_74' title='bbox 878 887 991 946; x_wconf 90' lang='lat' dir='ltr'><strong>babens</strong></span> <span class='ocrx_word' id='word_1_75' title='bbox 1001 904 1069 946; x_wconf 84' lang='lat' dir='ltr'><strong>sor:</strong></span> 
     </span>
     <span class='ocr_line' id='line_1_10' title="bbox 87 959 1246 1034; baseline 0.002 -20"><span class='ocrx_word' id='word_1_76' title='bbox 87 959 394 1028; x_wconf 88' lang='lat' dir='ltr'><strong>tist‚etsurahituos.</strong></span> <span class='ocrx_word' id='word_1_77' title='bbox 877 960 1033 1034; x_wconf 75' lang='lat' dir='ltr'><strong>AEgyptum</strong></span> <span class='ocrx_word' id='word_1_78' title='bbox 1062 960 1246 1028; x_wconf 81' lang='lat' dir='ltr'><strong>invocabant,</strong></span> 
     </span>
     <span class='ocr_line' id='line_1_11' title="bbox 87 1031 1238 1106; baseline 0.001 -20"><span class='ocrx_word' id='word_1_79' title='bbox 87 1031 125 1086; x_wconf 85' lang='lat' dir='ltr'><strong>bit</strong></span> <span class='ocrx_word' id='word_1_80' title='bbox 137 1048 192 1088; x_wconf 92' lang='lat' dir='ltr'><strong>nos</strong></span> <span class='ocrx_word' id='word_1_81' title='bbox 208 1038 275 1103; x_wconf 92' lang='lat' dir='ltr'><strong>post</strong></span> <span class='ocrx_word' id='word_1_82' title='bbox 288 1031 363 1089; x_wconf 90' lang='lat' dir='ltr'><strong>duos</strong></span> <span class='ocrx_word' id='word_1_83' title='bbox 378 1033 461 1089; x_wconf 89' lang='lat' dir='ltr'><strong>dies:</strong></span> <span class='ocrx_word' id='word_1_84' title='bbox 878 1031 915 1088; x_wconf 88' lang='lat' dir='ltr'><strong>ad</strong></span> <span class='ocrx_word' id='word_1_85' title='bbox 935 1031 1070 1106; x_wconf 70' lang='lat' dir='ltr'><strong>Amydon</strong></span> <span class='ocrx_word' id='word_1_86' title='bbox 1092 1031 1238 1089; x_wconf 88' lang='lat' dir='ltr'><strong>abierunt.</strong></span> 
     </span>
    </p>

    <p class='ocr_par' dir='ltr' id='par_1_5' title="bbox 87 1103 1665 1602">
     <span class='ocr_line' id='line_1_12' title="bbox 101 1103 1665 1178; baseline 0.005 -20"><span class='ocrx_word' id='word_1_87' title='bbox 101 1104 188 1158; x_wconf 88' lang='lat' dir='ltr'><strong>tertia</strong></span> <span class='ocrx_word' id='word_1_88' title='bbox 201 1104 358 1159; x_wconf 72' lang='lat' dir='ltr'><strong>suscitabit</strong></span> <span class='ocrx_word' id='word_1_89' title='bbox 373 1120 438 1171; x_wconf 87' lang='lat' dir='ltr'><strong>nos,</strong></span> <span class='ocrx_word' id='word_1_90' title='bbox 842 1108 949 1160; x_wconf 89' lang='lat' dir='ltr'><strong>etsum</strong></span> <span class='ocrx_word' id='word_1_91' title='bbox 967 1104 1089 1178; x_wconf 83' lang='lat' dir='ltr'><strong>profesti</strong></span> <span class='ocrx_word' id='word_1_92' title='bbox 1105 1103 1223 1175; x_wconf 84' lang='lat' dir='ltr'><strong>luerint,</strong></span> <span class='ocrx_word' id='word_1_93' title='bbox 1239 1104 1402 1177; x_wconf 82' lang='lat' dir='ltr'><strong>expandam</strong></span> <span class='ocrx_word' id='word_1_94' title='bbox 1418 1120 1507 1176; x_wconf 89' lang='lat' dir='ltr'><strong>super</strong></span> <span class='ocrx_word' id='word_1_95' title='bbox 1534 1121 1584 1161; x_wconf 84' lang='lat' dir='ltr'><strong>eos</strong></span> <span class='ocrx_word' id='word_1_96' title='bbox 1605 1114 1665 1168; x_wconf 85' lang='lat' dir='ltr'><strong>rste</strong></span> 
     </span>
     <span class='ocr_line' id='line_1_13' title="bbox 87 1175 995 1248; baseline 0.002 -19"><span class='ocrx_word' id='word_1_97' title='bbox 87 1189 163 1230; x_wconf 87' lang='lat' dir='ltr'><strong>rmus</strong></span> <span class='ocrx_word' id='word_1_98' title='bbox 179 1175 209 1230; x_wconf 91' lang='lat' dir='ltr'><strong>in</strong></span> <span class='ocrx_word' id='word_1_99' title='bbox 229 1179 387 1248; x_wconf 84' lang='lat' dir='ltr'><strong>conspeetu</strong></span> <span class='ocrx_word' id='word_1_100' title='bbox 403 1178 487 1248; x_wconf 80' lang='lat' dir='ltr'><strong>ejus3</strong></span> <span class='ocrx_word' id='word_1_101' title='bbox 877 1190 995 1232; x_wconf 88' lang='lat' dir='ltr'><strong>meum:</strong></span> 
     </span>
     <span class='ocr_line' id='line_1_14' title="bbox 87 1245 1450 1318; baseline 0.004 -20"><span class='ocrx_word' id='word_1_102' title='bbox 87 1263 101 1312; x_wconf 82' lang='grc' dir='ltr'><strong>ι,</strong></span> <span class='ocrx_word' id='word_1_103' title='bbox 875 1247 960 1318; x_wconf 88' lang='lat' dir='ltr'><strong>quasi</strong></span> <span class='ocrx_word' id='word_1_104' title='bbox 974 1245 1122 1303; x_wconf 81' lang='lat' dir='ltr'><strong>soluerem</strong></span> <span class='ocrx_word' id='word_1_105' title='bbox 1134 1245 1198 1303; x_wconf 83' lang='lat' dir='ltr'><strong>soeli</strong></span> <span class='ocrx_word' id='word_1_106' title='bbox 1213 1245 1365 1302; x_wconf 86' lang='lat' dir='ltr'><strong>detraham</strong></span> <span class='ocrx_word' id='word_1_107' title='bbox 1389 1262 1450 1314; x_wconf 84' lang='lat' dir='ltr'><strong>eos,</strong></span> 
     </span>
     <span class='ocr_line' id='line_1_15' title="bbox 87 1317 1662 1464; baseline 0.001 -19"><span class='ocrx_word' id='word_1_108' title='bbox 87 1317 716 1462; x_wconf 52' lang='lat' dir='ltr'><strong>diutiulaetatus?titulis..</strong></span> <span class='ocrx_word' id='word_1_109' title='bbox 839 1317 1535 1464; x_wconf 48' lang='lat' dir='ltr'><strong>astitistis?Etttttiitttloe‘l&#39;</strong></span> <span class='ocrx_word' id='word_1_110' title='bbox 1550 1333 1662 1413; x_wconf 75' lang='lat'>⁶⁰&#39;&#39;¹¹“¹³</span> 
     </span>
     <span class='ocr_line' id='line_1_16' title="bbox 87 1431 1590 1536; baseline 0.003 -21"><span class='ocrx_word' id='word_1_111' title='bbox 87 1460 132 1516; x_wconf 88' lang='lat' dir='ltr'><strong>iet</strong></span> <span class='ocrx_word' id='word_1_112' title='bbox 146 1461 231 1531; x_wconf 88' lang='lat' dir='ltr'><strong>quasi</strong></span> <span class='ocrx_word' id='word_1_113' title='bbox 247 1461 342 1517; x_wconf 82' lang='lat' dir='ltr'><strong>imber</strong></span> <span class='ocrx_word' id='word_1_114' title='bbox 353 1461 439 1518; x_wconf 88' lang='lat' dir='ltr'><strong>nohis</strong></span> <span class='ocrx_word' id='word_1_115' title='bbox 456 1465 675 1534; x_wconf 85' lang='lat' dir='ltr'><strong>temporaneus,</strong></span> <span class='ocrx_word' id='word_1_116' title='bbox 690 1431 781 1519; x_wconf 60' lang='lat' dir='ltr'><strong>etse·</strong></span> <span class='ocrx_word' id='word_1_117' title='bbox 874 1431 1080 1528; x_wconf 73' lang='lat' dir='ltr'><strong>vaets’ahuntur,</strong></span> <span class='ocrx_word' id='word_1_118' title='bbox 1097 1460 1166 1533; x_wconf 89' lang='lat' dir='ltr'><strong>quia</strong></span> <span class='ocrx_word' id='word_1_119' title='bbox 1189 1461 1370 1536; x_wconf 81' lang='lat' dir='ltr'><strong>praevarisati</strong></span> <span class='ocrx_word' id='word_1_120' title='bbox 1386 1467 1458 1517; x_wconf 90' lang='lat' dir='ltr'><strong>sunt</strong></span> <span class='ocrx_word' id='word_1_121' title='bbox 1473 1461 1503 1517; x_wconf 92' lang='lat' dir='ltr'><strong>in</strong></span> <span class='ocrx_word' id='word_1_122' title='bbox 1519 1477 1567 1518; x_wconf 90' lang='lat' dir='ltr'><strong>me</strong></span> <span class='ocrx_word' id='word_1_123' title='bbox 1583 1480 1590 1519; x_wconf 92' lang='lat'><strong>:</strong></span> 
     </span>
     <span class='ocr_line' id='line_1_17' title="bbox 87 1533 1180 1602; baseline 0.001 -15"><span class='ocrx_word' id='word_1_124' title='bbox 87 1547 141 1588; x_wconf 90' lang='lat' dir='ltr'><strong>nus</strong></span> <span class='ocrx_word' id='word_1_125' title='bbox 155 1536 248 1587; x_wconf 81' lang='lat' dir='ltr'><strong>terra.</strong></span> <span class='ocrx_word' id='word_1_126' title='bbox 873 1535 902 1588; x_wconf 92' lang='lat' dir='ltr'><strong>et</strong></span> <span class='ocrx_word' id='word_1_127' title='bbox 915 1548 967 1602; x_wconf 71' lang='lat' dir='ltr'><strong>ego</strong></span> <span class='ocrx_word' id='word_1_128' title='bbox 983 1533 1092 1590; x_wconf 85' lang='lat' dir='ltr'><strong>redemi</strong></span> <span class='ocrx_word' id='word_1_129' title='bbox 1107 1548 1159 1588; x_wconf 91' lang='lat' dir='ltr'><strong>eos</strong></span> <span class='ocrx_word' id='word_1_130' title='bbox 1173 1548 1180 1588; x_wconf 92' lang='lat'>:</span> 
     </span>
    </p>

    <p class='ocr_par' dir='ltr' id='par_1_6' title="bbox 87 1602 1536 1676">
     <span class='ocr_line' id='line_1_18' title="bbox 87 1602 1536 1676; baseline 0.001 -18"><span class='ocrx_word' id='word_1_131' title='bbox 87 1603 152 1658; x_wconf 70' lang='lat' dir='ltr'><strong>ziam</strong></span> <span class='ocrx_word' id='word_1_132' title='bbox 169 1604 233 1665; x_wconf 88' lang='lat' dir='ltr'><strong>tihi,</strong></span> <span class='ocrx_word' id='word_1_133' title='bbox 249 1603 412 1675; x_wconf 75' lang='lat' dir='ltr'><strong>Ephraim?</strong></span> <span class='ocrx_word' id='word_1_134' title='bbox 874 1603 974 1676; x_wconf 89' lang='lat' dir='ltr'><strong>stipsi</strong></span> <span class='ocrx_word' id='word_1_135' title='bbox 989 1602 1079 1661; x_wconf 89' lang='lat' dir='ltr'><strong>losuti</strong></span> <span class='ocrx_word' id='word_1_136' title='bbox 1107 1611 1179 1660; x_wconf 85' lang='lat' dir='ltr'><strong>aunt</strong></span> <span class='ocrx_word' id='word_1_137' title='bbox 1194 1607 1296 1660; x_wconf 81' lang='lat' dir='ltr'><strong>sonim</strong></span> <span class='ocrx_word' id='word_1_138' title='bbox 1311 1618 1359 1659; x_wconf 88' lang='lat' dir='ltr'><strong>ma</strong></span> <span class='ocrx_word' id='word_1_139' title='bbox 1373 1603 1536 1661; x_wconf 86' lang='lat' dir='ltr'><strong>maudasia.</strong></span> 
     </span>
    </p>

    <p class='ocr_par' dir='ltr' id='par_1_7' title="bbox 87 1673 1518 1765">
     <span class='ocr_line' id='line_1_19' title="bbox 87 1673 1518 1765; baseline 0.001 -35"><span class='ocrx_word' id='word_1_140' title='bbox 87 1674 188 1730; x_wconf 84' lang='lat' dir='ltr'><strong>iauiam</strong></span> <span class='ocrx_word' id='word_1_141' title='bbox 204 1674 270 1742; x_wconf 82' lang='lat' dir='ltr'><strong>tibi,</strong></span> <span class='ocrx_word' id='word_1_142' title='bbox 285 1675 390 1732; x_wconf 80' lang='lat' dir='ltr'><strong>tuda?</strong></span> <span class='ocrx_word' id='word_1_143' title='bbox 796 1696 821 1765; x_wconf 68' lang='grc' dir='ltr'><strong>Β</strong></span> <span class='ocrx_word' id='word_1_144' title='bbox 837 1675 873 1732; x_wconf 86' lang='lat' dir='ltr'><strong>Et</strong></span> <span class='ocrx_word' id='word_1_145' title='bbox 887 1689 945 1731; x_wconf 89' lang='lat' dir='ltr'><strong>nou</strong></span> <span class='ocrx_word' id='word_1_146' title='bbox 960 1675 1161 1732; x_wconf 86' lang='lat' dir='ltr'><strong>oismevsruut</strong></span> <span class='ocrx_word' id='word_1_147' title='bbox 1175 1676 1211 1731; x_wconf 88' lang='lat' dir='ltr'><strong>ad</strong></span> <span class='ocrx_word' id='word_1_148' title='bbox 1228 1691 1272 1732; x_wconf 86' lang='lat' dir='ltr'><strong>me</strong></span> <span class='ocrx_word' id='word_1_149' title='bbox 1291 1675 1321 1730; x_wconf 94' lang='lat' dir='ltr'><strong>iu</strong></span> <span class='ocrx_word' id='word_1_150' title='bbox 1351 1673 1437 1735; x_wconf 85' lang='lat' dir='ltr'><strong>sorde</strong></span> <span class='ocrx_word' id='word_1_151' title='bbox 1452 1692 1518 1748; x_wconf 86' lang='lat' dir='ltr'><strong>auo,</strong></span> 
     </span>
    </p>

    <p class='ocr_par' dir='ltr' id='par_1_8' title="bbox 87 1745 1397 1819">
     <span class='ocr_line' id='line_1_20' title="bbox 87 1745 1397 1819; baseline 0.003 -19"><span class='ocrx_word' id='word_1_152' title='bbox 87 1746 158 1801; x_wconf 72' lang='lat' dir='ltr'><strong>trdia</strong></span> <span class='ocrx_word' id='word_1_153' title='bbox 172 1752 271 1802; x_wconf 88' lang='lat' dir='ltr'><strong>vestra</strong></span> <span class='ocrx_word' id='word_1_154' title='bbox 284 1747 369 1819; x_wconf 88' lang='lat' dir='ltr'><strong>qussi</strong></span> <span class='ocrx_word' id='word_1_155' title='bbox 384 1746 478 1804; x_wconf 88' lang='lat' dir='ltr'><strong>nubas</strong></span> <span class='ocrx_word' id='word_1_156' title='bbox 493 1746 650 1815; x_wconf 88' lang='lat' dir='ltr'><strong>matutina,</strong></span> <span class='ocrx_word' id='word_1_157' title='bbox 871 1746 921 1802; x_wconf 89' lang='lat' dir='ltr'><strong>sed</strong></span> <span class='ocrx_word' id='word_1_158' title='bbox 937 1745 1094 1804; x_wconf 75' lang='lat' dir='ltr'><strong>ululabant</strong></span> <span class='ocrx_word' id='word_1_159' title='bbox 1107 1747 1136 1804; x_wconf 92' lang='lat' dir='ltr'><strong>in</strong></span> <span class='ocrx_word' id='word_1_160' title='bbox 1153 1745 1302 1803; x_wconf 85' lang='lat' dir='ltr'><strong>subilibus</strong></span> <span class='ocrx_word' id='word_1_161' title='bbox 1316 1746 1397 1804; x_wconf 88' lang='lat' dir='ltr'><strong>suis:</strong></span> 
     </span>
    </p>

    <p class='ocr_par' dir='ltr' id='par_1_9' title="bbox 87 1817 1660 1962">
     <span class='ocr_line' id='line_1_21' title="bbox 87 1817 1660 1892; baseline -0.002 -19"><span class='ocrx_word' id='word_1_162' title='bbox 87 1818 121 1873; x_wconf 79' lang='lat' dir='ltr'><strong>tsi</strong></span> <span class='ocrx_word' id='word_1_163' title='bbox 139 1833 186 1873; x_wconf 91' lang='lat' dir='ltr'><strong>ros</strong></span> <span class='ocrx_word' id='word_1_164' title='bbox 197 1834 284 1874; x_wconf 91' lang='lat' dir='ltr'><strong>mane</strong></span> <span class='ocrx_word' id='word_1_165' title='bbox 295 1819 507 1892; x_wconf 87' lang='lat' dir='ltr'><strong>pertransiens,</strong></span> <span class='ocrx_word' id='word_1_166' title='bbox 868 1834 958 1891; x_wconf 89' lang='lat' dir='ltr'><strong>super</strong></span> <span class='ocrx_word' id='word_1_167' title='bbox 970 1819 1103 1876; x_wconf 89' lang='lat' dir='ltr'><strong>tritiuum</strong></span> <span class='ocrx_word' id='word_1_168' title='bbox 1112 1823 1141 1876; x_wconf 92' lang='lat' dir='ltr'><strong>et</strong></span> <span class='ocrx_word' id='word_1_169' title='bbox 1154 1818 1255 1876; x_wconf 77' lang='lat' dir='ltr'><strong>viarm</strong></span> <span class='ocrx_word' id='word_1_170' title='bbox 1271 1817 1660 1886; x_wconf 84' lang='lat' dir='ltr'><strong>ruminabaut‚rasessaruut</strong></span> 
     </span>
     <span class='ocr_line' id='line_1_22' title="bbox 91 1889 998 1962; baseline 0.001 -17"><span class='ocrx_word' id='word_1_171' title='bbox 91 1890 147 1945; x_wconf 90' lang='lat' dir='ltr'><strong>hoo</strong></span> <span class='ocrx_word' id='word_1_172' title='bbox 165 1889 262 1945; x_wconf 90' lang='lat' dir='ltr'><strong>dolavi</strong></span> <span class='ocrx_word' id='word_1_173' title='bbox 278 1891 308 1946; x_wconf 92' lang='lat' dir='ltr'><strong>iu</strong></span> <span class='ocrx_word' id='word_1_174' title='bbox 326 1890 490 1962; x_wconf 84' lang='lat' dir='ltr'><strong>prophetis,</strong></span> <span class='ocrx_word' id='word_1_175' title='bbox 904 1905 920 1946; x_wconf 91' lang='lat' dir='ltr'><strong>u</strong></span> <span class='ocrx_word' id='word_1_176' title='bbox 938 1906 998 1946; x_wconf 91' lang='lat' dir='ltr'><strong>me.</strong></span> 
     </span>
    </p>

    <p class='ocr_par' dir='ltr' id='par_1_10' title="bbox 87 1959 1658 2107">
     <span class='ocr_line' id='line_1_23' title="bbox 89 1959 1658 2045; baseline -0.001 -29"><span class='ocrx_word' id='word_1_177' title='bbox 89 1965 101 2016; x_wconf 94' lang='lat' dir='ltr'><strong>t</strong></span> <span class='ocrx_word' id='word_1_178' title='bbox 116 1976 166 2018; x_wconf 89' lang='lat' dir='ltr'><strong>ess</strong></span> <span class='ocrx_word' id='word_1_179' title='bbox 181 1959 210 2016; x_wconf 92' lang='lat' dir='ltr'><strong>in</strong></span> <span class='ocrx_word' id='word_1_180' title='bbox 225 1961 322 2016; x_wconf 83' lang='lat' dir='ltr'><strong>verbis</strong></span> <span class='ocrx_word' id='word_1_181' title='bbox 337 1963 398 2018; x_wconf 90' lang='lat' dir='ltr'><strong>orie</strong></span> <span class='ocrx_word' id='word_1_182' title='bbox 412 1963 470 2018; x_wconf 87' lang='lat' dir='ltr'><strong>mai</strong></span> <span class='ocrx_word' id='word_1_183' title='bbox 487 1979 494 2020; x_wconf 78' lang='grc' dir='ltr'><strong>ι</strong></span> <span class='ocrx_word' id='word_1_184' title='bbox 831 1960 867 2017; x_wconf 87' lang='lat' dir='ltr'><strong>Et</strong></span> <span class='ocrx_word' id='word_1_185' title='bbox 890 1977 943 2045; x_wconf 77' lang='lat' dir='ltr'><strong>ago</strong></span> <span class='ocrx_word' id='word_1_186' title='bbox 966 1961 1079 2018; x_wconf 90' lang='lat' dir='ltr'><strong>erudivi</strong></span> <span class='ocrx_word' id='word_1_187' title='bbox 1105 1976 1167 2027; x_wconf 85' lang='lat' dir='ltr'><strong>soa,</strong></span> <span class='ocrx_word' id='word_1_188' title='bbox 1182 1966 1212 2019; x_wconf 88' lang='lat' dir='ltr'><strong>et</strong></span> <span class='ocrx_word' id='word_1_189' title='bbox 1232 1960 1391 2019; x_wconf 83' lang='lat' dir='ltr'><strong>sonlortavi</strong></span> <span class='ocrx_word' id='word_1_190' title='bbox 1404 1959 1522 2019; x_wconf 87' lang='lat' dir='ltr'><strong>hraahia</strong></span> <span class='ocrx_word' id='word_1_191' title='bbox 1536 1971 1658 2017; x_wconf 75' lang='lat' dir='ltr'><strong>sorum:</strong></span> 
     </span>
     <span class='ocr_line' id='line_1_24' title="bbox 87 2031 1388 2107; baseline 0.002 -20"><span class='ocrx_word' id='word_1_192' title='bbox 87 2031 143 2088; x_wconf 89' lang='lat' dir='ltr'><strong>isia</strong></span> <span class='ocrx_word' id='word_1_193' title='bbox 157 2036 208 2087; x_wconf 89' lang='lat' dir='ltr'><strong>tua</strong></span> <span class='ocrx_word' id='word_1_194' title='bbox 224 2033 302 2104; x_wconf 86' lang='lat' dir='ltr'><strong>quasi</strong></span> <span class='ocrx_word' id='word_1_195' title='bbox 320 2033 370 2089; x_wconf 82' lang='lat' dir='ltr'><strong>iux</strong></span> <span class='ocrx_word' id='word_1_196' title='bbox 384 2033 581 2103; x_wconf 73' lang='lat' dir='ltr'><strong>egredientur.</strong></span> <span class='ocrx_word' id='word_1_197' title='bbox 867 2035 897 2088; x_wconf 87' lang='lat' dir='ltr'><strong>et</strong></span> <span class='ocrx_word' id='word_1_198' title='bbox 910 2049 941 2089; x_wconf 89' lang='lat' dir='ltr'><strong>m</strong></span> <span class='ocrx_word' id='word_1_199' title='bbox 957 2048 1005 2090; x_wconf 89' lang='lat' dir='ltr'><strong>ma</strong></span> <span class='ocrx_word' id='word_1_200' title='bbox 1018 2033 1220 2107; x_wconf 74' lang='lat' dir='ltr'><strong>rogitaverant</strong></span> <span class='ocrx_word' id='word_1_201' title='bbox 1234 2032 1388 2090; x_wconf 87' lang='lat' dir='ltr'><strong>malitiam.</strong></span> 
     </span>
    </p>

    <p class='ocr_par' dir='ltr' id='par_1_11' title="bbox 87 2103 1437 2179">
     <span class='ocr_line' id='line_1_25' title="bbox 87 2103 1437 2179; baseline 0 -19"><span class='ocrx_word' id='word_1_202' title='bbox 87 2105 276 2160; x_wconf 87' lang='lat' dir='ltr'><strong>sarisordiam</strong></span> <span class='ocrx_word' id='word_1_203' title='bbox 291 2104 385 2160; x_wconf 86' lang='lat' dir='ltr'><strong>voluit</strong></span> <span class='ocrx_word' id='word_1_204' title='bbox 400 2106 453 2175; x_wconf 78' lang='lat' dir='ltr'><strong>(st.</strong></span> <span class='ocrx_word' id='word_1_205' title='bbox 468 2104 556 2177; x_wconf 87' lang='lat' dir='ltr'><strong>vois),</strong></span> <span class='ocrx_word' id='word_1_206' title='bbox 571 2109 600 2161; x_wconf 87' lang='lat' dir='ltr'><strong>et</strong></span> <span class='ocrx_word' id='word_1_207' title='bbox 615 2121 673 2162; x_wconf 92' lang='lat' dir='ltr'><strong>usu</strong></span> <span class='ocrx_word' id='word_1_208' title='bbox 687 2106 780 2163; x_wconf 89' lang='lat' dir='ltr'><strong>sauri·</strong></span> <span class='ocrx_word' id='word_1_209' title='bbox 833 2103 953 2161; x_wconf 86' lang='lat' dir='ltr'><strong>Reverai</strong></span> <span class='ocrx_word' id='word_1_210' title='bbox 969 2108 1049 2174; x_wconf 87' lang='lat' dir='ltr'><strong>suut,</strong></span> <span class='ocrx_word' id='word_1_211' title='bbox 1065 2109 1098 2160; x_wconf 90' lang='lat' dir='ltr'><strong>ut</strong></span> <span class='ocrx_word' id='word_1_212' title='bbox 1112 2109 1212 2162; x_wconf 89' lang='lat' dir='ltr'><strong>essent</strong></span> <span class='ocrx_word' id='word_1_213' title='bbox 1226 2106 1437 2179; x_wconf 76' lang='lat' dir='ltr'><strong>absquajags:</strong></span> 
     </span>
    </p>

    <p class='ocr_par' dir='ltr' id='par_1_12' title="bbox 87 2176 1389 2248">
     <span class='ocr_line' id='line_1_26' title="bbox 87 2176 1389 2248; baseline 0.002 -17"><span class='ocrx_word' id='word_1_214' title='bbox 87 2191 145 2232; x_wconf 88' lang='lat' dir='ltr'><strong>rm:</strong></span> <span class='ocrx_word' id='word_1_215' title='bbox 868 2176 937 2232; x_wconf 85' lang='lat' dir='ltr'><strong>lasti</strong></span> <span class='ocrx_word' id='word_1_216' title='bbox 953 2180 1022 2232; x_wconf 89' lang='lat' dir='ltr'><strong>sunt</strong></span> <span class='ocrx_word' id='word_1_217' title='bbox 1035 2177 1120 2248; x_wconf 90' lang='lat' dir='ltr'><strong>quasi</strong></span> <span class='ocrx_word' id='word_1_218' title='bbox 1136 2193 1222 2233; x_wconf 87' lang='lat' dir='ltr'><strong>ersus</strong></span> <span class='ocrx_word' id='word_1_219' title='bbox 1243 2177 1366 2235; x_wconf 90' lang='lat' dir='ltr'><strong>dolosus</strong></span> <span class='ocrx_word' id='word_1_220' title='bbox 1382 2194 1389 2233; x_wconf 92' lang='lat'><strong>:</strong></span> 
     </span>
    </p>

    <p class='ocr_par' dir='ltr' id='par_1_13' title="bbox 87 2246 1656 2394">
     <span class='ocr_line' id='line_1_27' title="bbox 87 2246 1656 2327; baseline 0.004 -25"><span class='ocrx_word' id='word_1_221' title='bbox 87 2247 190 2303; x_wconf 77' lang='lat' dir='ltr'><strong>sutiam</strong></span> <span class='ocrx_word' id='word_1_222' title='bbox 204 2246 267 2316; x_wconf 86' lang='lat' dir='ltr'><strong>Dei,</strong></span> <span class='ocrx_word' id='word_1_223' title='bbox 282 2247 440 2320; x_wconf 87' lang='lat' dir='ltr'><strong>plusquam</strong></span> <span class='ocrx_word' id='word_1_224' title='bbox 454 2248 637 2307; x_wconf 75' lang='lat' dir='ltr'><strong>holocausta.</strong></span> <span class='ocrx_word' id='word_1_225' title='bbox 831 2247 945 2304; x_wconf 82' lang='lat' dir='ltr'><strong>Cedent</strong></span> <span class='ocrx_word' id='word_1_226' title='bbox 958 2246 988 2302; x_wconf 93' lang='lat' dir='ltr'><strong>in</strong></span> <span class='ocrx_word' id='word_1_227' title='bbox 1004 2246 1101 2321; x_wconf 77' lang='lat' dir='ltr'><strong>gladio</strong></span> <span class='ocrx_word' id='word_1_228' title='bbox 1115 2247 1266 2322; x_wconf 88' lang='lat' dir='ltr'><strong>prinsipes</strong></span> <span class='ocrx_word' id='word_1_229' title='bbox 1276 2265 1390 2319; x_wconf 89' lang='lat' dir='ltr'><strong>eorum,</strong></span> <span class='ocrx_word' id='word_1_230' title='bbox 1406 2264 1423 2306; x_wconf 91' lang='lat' dir='ltr'><strong>a</strong></span> <span class='ocrx_word' id='word_1_231' title='bbox 1437 2249 1537 2307; x_wconf 85' lang='lat' dir='ltr'><strong>lurore</strong></span> <span class='ocrx_word' id='word_1_232' title='bbox 1548 2250 1656 2327; x_wconf 80' lang='lat' dir='ltr'><strong>lingua</strong></span> 
     </span>
     <span class='ocr_line' id='line_1_28' title="bbox 87 2318 993 2394; baseline 0 -20"><span class='ocrx_word' id='word_1_233' title='bbox 87 2324 142 2375; x_wconf 90' lang='lat' dir='ltr'><strong>tem</strong></span> <span class='ocrx_word' id='word_1_234' title='bbox 160 2318 237 2374; x_wconf 89' lang='lat' dir='ltr'><strong>sicut</strong></span> <span class='ocrx_word' id='word_1_235' title='bbox 264 2321 356 2375; x_wconf 80' lang='lat' dir='ltr'><strong>Adam</strong></span> <span class='ocrx_word' id='word_1_236' title='bbox 372 2320 550 2394; x_wconf 76' lang='lat' dir='ltr'><strong>transgressi</strong></span> <span class='ocrx_word' id='word_1_237' title='bbox 566 2326 780 2393; x_wconf 81' lang='lat' dir='ltr'><strong>ruotpertum,</strong></span> <span class='ocrx_word' id='word_1_238' title='bbox 922 2335 993 2375; x_wconf 77' lang='lat' dir='ltr'><strong>sue.</strong></span> 
     </span>
    </p>

    <p class='ocr_par' dir='ltr' id='par_1_14' title="bbox 90 2390 1514 2466">
     <span class='ocr_line' id='line_1_29' title="bbox 90 2390 1514 2466; baseline 0.002 -20"><span class='ocrx_word' id='word_1_239' title='bbox 90 2390 192 2446; x_wconf 87' lang='lat' dir='ltr'><strong>arisati</strong></span> <span class='ocrx_word' id='word_1_240' title='bbox 207 2395 277 2446; x_wconf 89' lang='lat' dir='ltr'><strong>suut</strong></span> <span class='ocrx_word' id='word_1_241' title='bbox 292 2391 322 2447; x_wconf 92' lang='lat' dir='ltr'><strong>iu</strong></span> <span class='ocrx_word' id='word_1_242' title='bbox 338 2407 395 2447; x_wconf 90' lang='lat' dir='ltr'><strong>me.</strong></span> <span class='ocrx_word' id='word_1_243' title='bbox 833 2393 893 2448; x_wconf 88' lang='lat' dir='ltr'><strong>ista</strong></span> <span class='ocrx_word' id='word_1_244' title='bbox 906 2390 1100 2448; x_wconf 89' lang='lat' dir='ltr'><strong>subsannatis</strong></span> <span class='ocrx_word' id='word_1_245' title='bbox 1115 2406 1218 2449; x_wconf 89' lang='lat' dir='ltr'><strong>sorum</strong></span> <span class='ocrx_word' id='word_1_246' title='bbox 1233 2392 1263 2448; x_wconf 93' lang='lat' dir='ltr'><strong>in</strong></span> <span class='ocrx_word' id='word_1_247' title='bbox 1292 2396 1372 2448; x_wconf 82' lang='lat' dir='ltr'><strong>tarra</strong></span> <span class='ocrx_word' id='word_1_248' title='bbox 1389 2391 1514 2466; x_wconf 72' lang='lat' dir='ltr'><strong>AEgypti.</strong></span> 
     </span>
    </p>

    <p class='ocr_par' dir='ltr' id='par_1_15' title="bbox 87 2460 1660 2606">
     <span class='ocr_line' id='line_1_30' title="bbox 87 2460 1660 2541; baseline 0.005 -24"><span class='ocrx_word' id='word_1_249' title='bbox 87 2462 184 2518; x_wconf 86' lang='lat' dir='ltr'><strong>sivitas</strong></span> <span class='ocrx_word' id='word_1_250' title='bbox 197 2463 382 2535; x_wconf 86' lang='lat' dir='ltr'><strong>operantium</strong></span> <span class='ocrx_word' id='word_1_251' title='bbox 398 2462 522 2531; x_wconf 87' lang='lat' dir='ltr'><strong>idolum,</strong></span> <span class='ocrx_word' id='word_1_252' title='bbox 832 2462 909 2535; x_wconf 72' lang='lat' dir='ltr'><strong>(Cep.</strong></span> <span class='ocrx_word' id='word_1_253' title='bbox 925 2460 1014 2530; x_wconf 81' lang='lat' dir='ltr'><strong>lilii.)</strong></span> <span class='ocrx_word' id='word_1_254' title='bbox 1030 2463 1061 2516; x_wconf 92' lang='lat' dir='ltr'><strong>in</strong></span> <span class='ocrx_word' id='word_1_255' title='bbox 1077 2468 1195 2534; x_wconf 79' lang='lat' dir='ltr'><strong>gutture</strong></span> <span class='ocrx_word' id='word_1_256' title='bbox 1208 2467 1260 2520; x_wconf 88' lang='lat' dir='ltr'><strong>tuo</strong></span> <span class='ocrx_word' id='word_1_257' title='bbox 1289 2464 1323 2521; x_wconf 86' lang='lat' dir='ltr'><strong>lit</strong></span> <span class='ocrx_word' id='word_1_258' title='bbox 1350 2463 1422 2521; x_wconf 86' lang='lat' dir='ltr'><strong>tuba</strong></span> <span class='ocrx_word' id='word_1_259' title='bbox 1452 2466 1537 2538; x_wconf 89' lang='lat' dir='ltr'><strong>quasi</strong></span> <span class='ocrx_word' id='word_1_260' title='bbox 1558 2467 1660 2541; x_wconf 90' lang='lat' dir='ltr'><strong>aquila</strong></span> 
     </span>
     <span class='ocr_line' id='line_1_31' title="bbox 87 2533 1283 2606; baseline 0 -16"><span class='ocrx_word' id='word_1_261' title='bbox 87 2540 181 2590; x_wconf 72' lang='lat' dir='ltr'><strong>entatu</strong></span> <span class='ocrx_word' id='word_1_262' title='bbox 194 2535 348 2605; x_wconf 77' lang='lat' dir='ltr'><strong>sanguine.</strong></span> <span class='ocrx_word' id='word_1_263' title='bbox 904 2549 994 2606; x_wconf 86' lang='lat' dir='ltr'><strong>super</strong></span> <span class='ocrx_word' id='word_1_264' title='bbox 1008 2533 1129 2589; x_wconf 90' lang='lat' dir='ltr'><strong>domum</strong></span> <span class='ocrx_word' id='word_1_265' title='bbox 1146 2534 1283 2591; x_wconf 86' lang='lat' dir='ltr'><strong>Domini:</strong></span> 
     </span>
    </p>

    <p class='ocr_par' dir='ltr' id='par_1_16' title="bbox 87 2604 1558 2681">
     <span class='ocr_line' id='line_1_32' title="bbox 87 2604 1558 2681; baseline 0.005 -23"><span class='ocrx_word' id='word_1_266' title='bbox 87 2608 88 2658; x_wconf 80' lang='lat' dir='ltr'><strong>i</strong></span> <span class='ocrx_word' id='word_1_267' title='bbox 105 2605 205 2662; x_wconf 79' lang='lat' dir='ltr'><strong>sauses</strong></span> <span class='ocrx_word' id='word_1_268' title='bbox 214 2605 342 2661; x_wconf 90' lang='lat' dir='ltr'><strong>virorum</strong></span> <span class='ocrx_word' id='word_1_269' title='bbox 355 2604 515 2672; x_wconf 86' lang='lat' dir='ltr'><strong>latronum,</strong></span> <span class='ocrx_word' id='word_1_270' title='bbox 527 2605 672 2681; x_wconf 87' lang='lat' dir='ltr'><strong>partisapa</strong></span> <span class='ocrx_word' id='word_1_271' title='bbox 684 2622 781 2664; x_wconf 86' lang='lat' dir='ltr'><strong>saser-</strong></span> <span class='ocrx_word' id='word_1_272' title='bbox 867 2620 920 2675; x_wconf 89' lang='lat' dir='ltr'><strong>pro</strong></span> <span class='ocrx_word' id='word_1_273' title='bbox 935 2605 1061 2677; x_wconf 87' lang='lat' dir='ltr'><strong>eoquod</strong></span> <span class='ocrx_word' id='word_1_274' title='bbox 1075 2605 1238 2677; x_wconf 76' lang='lat' dir='ltr'><strong>trangressi</strong></span> <span class='ocrx_word' id='word_1_275' title='bbox 1253 2609 1323 2662; x_wconf 90' lang='lat' dir='ltr'><strong>eunt</strong></span> <span class='ocrx_word' id='word_1_276' title='bbox 1338 2606 1433 2664; x_wconf 79' lang='lat' dir='ltr'><strong>fredus</strong></span> <span class='ocrx_word' id='word_1_277' title='bbox 1447 2623 1558 2679; x_wconf 83' lang='lat' dir='ltr'><strong>meum,</strong></span> 
     </span>
    </p>

    <p class='ocr_par' dir='ltr' id='par_1_17' title="bbox 87 2676 1406 2750">
     <span class='ocr_line' id='line_1_33' title="bbox 87 2676 1406 2750; baseline 0.001 -17"><span class='ocrx_word' id='word_1_278' title='bbox 87 2694 141 2746; x_wconf 84' lang='lat' dir='ltr'><strong>rm,</strong></span> <span class='ocrx_word' id='word_1_279' title='bbox 845 2704 848 2709; x_wconf 94' lang='lat'>·</span> <span class='ocrx_word' id='word_1_280' title='bbox 867 2680 897 2732; x_wconf 88' lang='lat' dir='ltr'><strong>et</strong></span> <span class='ocrx_word' id='word_1_281' title='bbox 911 2676 1006 2749; x_wconf 80' lang='lat' dir='ltr'><strong>legem</strong></span> <span class='ocrx_word' id='word_1_282' title='bbox 1020 2692 1115 2733; x_wconf 88' lang='lat' dir='ltr'><strong>meam</strong></span> <span class='ocrx_word' id='word_1_283' title='bbox 1131 2676 1310 2750; x_wconf 84' lang='lat' dir='ltr'><strong>prevaricati</strong></span> <span class='ocrx_word' id='word_1_284' title='bbox 1326 2683 1406 2734; x_wconf 89' lang='lat' dir='ltr'><strong>sunt.</strong></span> 
     </span>
    </p>

    <p class='ocr_par' dir='ltr' id='par_1_18' title="bbox 92 2747 1090 2821">
     <span class='ocr_line' id='line_1_34' title="bbox 92 2747 1090 2821; baseline 0.001 -17"><span class='ocrx_word' id='word_1_285' title='bbox 92 2748 330 2804; x_wconf 77' lang='lat' dir='ltr'><strong>interficientium</strong></span> <span class='ocrx_word' id='word_1_286' title='bbox 346 2753 500 2821; x_wconf 76' lang='lat' dir='ltr'><strong>pergentes</strong></span> <span class='ocrx_word' id='word_1_287' title='bbox 514 2750 551 2805; x_wconf 90' lang='lat' dir='ltr'><strong>de</strong></span> <span class='ocrx_word' id='word_1_288' title='bbox 566 2748 702 2806; x_wconf 75' lang='lat' dir='ltr'><strong>hisham:</strong></span> <span class='ocrx_word' id='word_1_289' title='bbox 832 2747 878 2804; x_wconf 85' lang='lat' dir='ltr'><strong>lle</strong></span> <span class='ocrx_word' id='word_1_290' title='bbox 892 2747 1090 2805; x_wconf 85' lang='lat' dir='ltr'><strong>iuvosabunt:</strong></span> 
     </span>
    </p>

    <p class='ocr_par' dir='ltr' id='par_1_19' title="bbox 87 2819 1427 2894">
     <span class='ocr_line' id='line_1_35' title="bbox 87 2819 1427 2894; baseline 0 -19"><span class='ocrx_word' id='word_1_291' title='bbox 87 2821 173 2877; x_wconf 72' lang='lat' dir='ltr'><strong>iselae</strong></span> <span class='ocrx_word' id='word_1_292' title='bbox 188 2823 299 2894; x_wconf 88' lang='lat' dir='ltr'><strong>operati</strong></span> <span class='ocrx_word' id='word_1_293' title='bbox 316 2824 394 2875; x_wconf 88' lang='lat' dir='ltr'><strong>sant.</strong></span> <span class='ocrx_word' id='word_1_294' title='bbox 868 2821 944 2876; x_wconf 81' lang='lat' dir='ltr'><strong>Deus</strong></span> <span class='ocrx_word' id='word_1_295' title='bbox 958 2835 1053 2885; x_wconf 89' lang='lat' dir='ltr'><strong>meus,</strong></span> <span class='ocrx_word' id='word_1_296' title='bbox 1069 2819 1427 2893; x_wconf 80' lang='lat' dir='ltr'><strong>eognovimaste,1sraei.</strong></span> 
     </span>
    </p>

    <p class='ocr_par' dir='ltr' id='par_1_20' title="bbox 87 2889 1198 2962">
     <span class='ocr_line' id='line_1_36' title="bbox 87 2889 1198 2962; baseline -0.002 -14"><span class='ocrx_word' id='word_1_297' title='bbox 87 2908 97 2948; x_wconf 84' lang='grc' dir='ltr'><strong>ι</strong></span> <span class='ocrx_word' id='word_1_298' title='bbox 113 2891 202 2948; x_wconf 87' lang='lat' dir='ltr'><strong>lsrael</strong></span> <span class='ocrx_word' id='word_1_299' title='bbox 215 2892 275 2947; x_wconf 89' lang='lat' dir='ltr'><strong>vidi</strong></span> <span class='ocrx_word' id='word_1_300' title='bbox 290 2891 469 2948; x_wconf 89' lang='lat' dir='ltr'><strong>horrendum</strong></span> <span class='ocrx_word' id='word_1_301' title='bbox 482 2908 489 2949; x_wconf 73' lang='grc' dir='ltr'><strong>ε</strong></span> <span class='ocrx_word' id='word_1_302' title='bbox 831 2890 959 2962; x_wconf 72' lang='lat' dir='ltr'><strong>Proiecit</strong></span> <span class='ocrx_word' id='word_1_303' title='bbox 972 2889 1062 2949; x_wconf 87' lang='lat' dir='ltr'><strong>iarael</strong></span> <span class='ocrx_word' id='word_1_304' title='bbox 1074 2891 1198 2957; x_wconf 82' lang='lat' dir='ltr'><strong>bouum,</strong></span> 
     </span>
    </p>

    <p class='ocr_par' dir='ltr' id='par_1_21' title="bbox 87 2961 1298 3035">
     <span class='ocr_line' id='line_1_37' title="bbox 87 2961 1298 3035; baseline 0 -17"><span class='ocrx_word' id='word_1_305' title='bbox 87 2964 260 3020; x_wconf 84' lang='lat' dir='ltr'><strong>minutiones</strong></span> <span class='ocrx_word' id='word_1_306' title='bbox 275 2964 435 3034; x_wconf 81' lang='lat' dir='ltr'><strong>Ephraim:</strong></span> <span class='ocrx_word' id='word_1_307' title='bbox 866 2961 1006 3018; x_wconf 80' lang='lat' dir='ltr'><strong>inimicus</strong></span> <span class='ocrx_word' id='word_1_308' title='bbox 1020 2967 1298 3035; x_wconf 88' lang='lat' dir='ltr'><strong>persequetureum.</strong></span> 
     </span>
    </p>

    <p class='ocr_par' dir='ltr' id='par_1_22' title="bbox 87 3034 1355 3125">
     <span class='ocr_line' id='line_1_38' title="bbox 87 3034 1355 3125; baseline -0.001 -34"><span class='ocrx_word' id='word_1_309' title='bbox 87 3035 213 3091; x_wconf 86' lang='lat' dir='ltr'><strong>minatus</strong></span> <span class='ocrx_word' id='word_1_310' title='bbox 227 3038 272 3091; x_wconf 89' lang='lat' dir='ltr'><strong>est</strong></span> <span class='ocrx_word' id='word_1_311' title='bbox 287 3034 387 3091; x_wconf 89' lang='lat' dir='ltr'><strong>lsrael.</strong></span> <span class='ocrx_word' id='word_1_312' title='bbox 793 3057 816 3125; x_wconf 71' lang='lat' dir='ltr'>c</span> <span class='ocrx_word' id='word_1_313' title='bbox 834 3034 893 3106; x_wconf 87' lang='lat' dir='ltr'><strong>Ipsi</strong></span> <span class='ocrx_word' id='word_1_314' title='bbox 908 3038 1113 3107; x_wconf 81' lang='lat' dir='ltr'><strong>regnaverunt,</strong></span> <span class='ocrx_word' id='word_1_315' title='bbox 1123 3040 1153 3090; x_wconf 89' lang='lat' dir='ltr'><strong>et</strong></span> <span class='ocrx_word' id='word_1_316' title='bbox 1168 3050 1225 3090; x_wconf 87' lang='lat' dir='ltr'><strong>usn</strong></span> <span class='ocrx_word' id='word_1_317' title='bbox 1240 3051 1274 3090; x_wconf 89' lang='lat' dir='ltr'><strong>ex</strong></span> <span class='ocrx_word' id='word_1_318' title='bbox 1289 3048 1355 3091; x_wconf 86' lang='lat' dir='ltr'><strong>ma:</strong></span> 
     </span>
    </p>

    <p class='ocr_par' dir='ltr' id='par_1_23' title="bbox 87 3105 1471 3180">
     <span class='ocr_line' id='line_1_39' title="bbox 87 3105 1471 3180; baseline 0.001 -18"><span class='ocrx_word' id='word_1_319' title='bbox 87 3109 149 3163; x_wconf 71' lang='lat' dir='ltr'><strong>&#39;uda</strong></span> <span class='ocrx_word' id='word_1_320' title='bbox 164 3123 237 3178; x_wconf 91' lang='lat' dir='ltr'><strong>pone</strong></span> <span class='ocrx_word' id='word_1_321' title='bbox 248 3107 288 3178; x_wconf 90' lang='lat' dir='ltr'><strong>(h.</strong></span> <span class='ocrx_word' id='word_1_322' title='bbox 304 3105 416 3178; x_wconf 82' lang='lat' dir='ltr'><strong>psuet¹l</strong></span> <span class='ocrx_word' id='word_1_323' title='bbox 431 3121 557 3162; x_wconf 90' lang='lat' dir='ltr'><strong>messem</strong></span> <span class='ocrx_word' id='word_1_324' title='bbox 572 3106 636 3178; x_wconf 89' lang='lat' dir='ltr'><strong>tibi,</strong></span> <span class='ocrx_word' id='word_1_325' title='bbox 871 3105 1019 3178; x_wconf 82' lang='lat' dir='ltr'><strong>prinsipes</strong></span> <span class='ocrx_word' id='word_1_326' title='bbox 1032 3107 1200 3174; x_wconf 81' lang='lat' dir='ltr'><strong>extiterunt,</strong></span> <span class='ocrx_word' id='word_1_327' title='bbox 1216 3110 1245 3163; x_wconf 91' lang='lat' dir='ltr'><strong>et</strong></span> <span class='ocrx_word' id='word_1_328' title='bbox 1257 3122 1315 3162; x_wconf 92' lang='lat' dir='ltr'><strong>usu</strong></span> <span class='ocrx_word' id='word_1_329' title='bbox 1330 3109 1471 3180; x_wconf 77' lang='lat' dir='ltr'><strong>eognovi:</strong></span> 
     </span>
    </p>

    <p class='ocr_par' dir='ltr' id='par_1_24' title="bbox 87 3177 1656 3323">
     <span class='ocr_line' id='line_1_40' title="bbox 87 3177 1656 3251; baseline 0.002 -16"><span class='ocrx_word' id='word_1_330' title='bbox 87 3183 245 3235; x_wconf 82' lang='lat' dir='ltr'><strong>:onvarters</strong></span> <span class='ocrx_word' id='word_1_331' title='bbox 257 3179 452 3251; x_wconf 84' lang='lat' dir='ltr'><strong>captivitatem</strong></span> <span class='ocrx_word' id='word_1_332' title='bbox 489 3177 569 3250; x_wconf 87' lang='lat' dir='ltr'><strong>opali</strong></span> <span class='ocrx_word' id='word_1_333' title='bbox 586 3179 654 3234; x_wconf 88' lang='lat' dir='ltr'><strong>mal.</strong></span> <span class='ocrx_word' id='word_1_334' title='bbox 834 3180 994 3250; x_wconf 79' lang='lat' dir='ltr'><strong>Argentum</strong></span> <span class='ocrx_word' id='word_1_335' title='bbox 1006 3193 1093 3234; x_wconf 87' lang='lat' dir='ltr'><strong>suurn</strong></span> <span class='ocrx_word' id='word_1_336' title='bbox 1110 3182 1138 3234; x_wconf 86' lang='lat' dir='ltr'><strong>et</strong></span> <span class='ocrx_word' id='word_1_337' title='bbox 1152 3194 1258 3234; x_wconf 86' lang='lat' dir='ltr'><strong>aurum</strong></span> <span class='ocrx_word' id='word_1_338' title='bbox 1268 3194 1355 3235; x_wconf 89' lang='lat' dir='ltr'><strong>suum</strong></span> <span class='ocrx_word' id='word_1_339' title='bbox 1368 3182 1499 3238; x_wconf 82' lang='lat' dir='ltr'><strong>leserunt</strong></span> <span class='ocrx_word' id='word_1_340' title='bbox 1509 3180 1564 3238; x_wconf 86' lang='lat' dir='ltr'><strong>sihi</strong></span> <span class='ocrx_word' id='word_1_341' title='bbox 1577 3182 1656 3240; x_wconf 89' lang='lat' dir='ltr'><strong>idola</strong></span> 
     </span>
     <span class='ocr_line' id='line_1_41' title="bbox 87 3195 1126 3323; baseline -0.001 -17"><span class='ocrx_word' id='word_1_342' title='bbox 87 3251 130 3323; x_wconf 84' lang='lat' dir='ltr'><strong>il.)</strong></span> <span class='ocrx_word' id='word_1_343' title='bbox 146 3251 217 3306; x_wconf 82' lang='lat' dir='ltr'><strong>Gum</strong></span> <span class='ocrx_word' id='word_1_344' title='bbox 235 3266 340 3307; x_wconf 87' lang='lat' dir='ltr'><strong>sanare</strong></span> <span class='ocrx_word' id='word_1_345' title='bbox 352 3249 456 3305; x_wconf 88' lang='lat' dir='ltr'><strong>vellem</strong></span> <span class='ocrx_word' id='word_1_346' title='bbox 469 3195 573 3318; x_wconf 61' lang='lat' dir='ltr'><strong>lsrael,</strong></span> <span class='ocrx_word' id='word_1_347' title='bbox 906 3253 938 3304; x_wconf 89' lang='lat' dir='ltr'><strong>ut</strong></span> <span class='ocrx_word' id='word_1_348' title='bbox 953 3248 1126 3305; x_wconf 89' lang='lat' dir='ltr'><strong>interirent:</strong></span> 
     </span>
    </p>

    <p class='ocr_par' dir='ltr' id='par_1_25' title="bbox 87 3319 1408 3393">
     <span class='ocr_line' id='line_1_42' title="bbox 87 3319 1408 3393; baseline 0.002 -17"><span class='ocrx_word' id='word_1_349' title='bbox 87 3328 117 3378; x_wconf 88' lang='lat' dir='ltr'><strong>ta</strong></span> <span class='ocrx_word' id='word_1_350' title='bbox 131 3327 175 3378; x_wconf 91' lang='lat' dir='ltr'><strong>est</strong></span> <span class='ocrx_word' id='word_1_351' title='bbox 192 3322 332 3393; x_wconf 88' lang='lat' dir='ltr'><strong>iniquitas</strong></span> <span class='ocrx_word' id='word_1_352' title='bbox 349 3321 497 3392; x_wconf 83' lang='lat' dir='ltr'><strong>Ephraim,</strong></span> <span class='ocrx_word' id='word_1_353' title='bbox 509 3326 538 3377; x_wconf 86' lang='lat' dir='ltr'><strong>at</strong></span> <span class='ocrx_word' id='word_1_354' title='bbox 554 3319 666 3378; x_wconf 89' lang='lat' dir='ltr'><strong>malitia</strong></span> <span class='ocrx_word' id='word_1_355' title='bbox 679 3324 781 3378; x_wconf 78' lang='lat' dir='ltr'><strong>Sama·</strong></span> <span class='ocrx_word' id='word_1_356' title='bbox 835 3322 985 3392; x_wconf 83' lang='lat' dir='ltr'><strong>Projestus</strong></span> <span class='ocrx_word' id='word_1_357' title='bbox 995 3324 1042 3378; x_wconf 86' lang='lat' dir='ltr'><strong>ast</strong></span> <span class='ocrx_word' id='word_1_358' title='bbox 1054 3320 1164 3378; x_wconf 87' lang='lat' dir='ltr'><strong>vitulus</strong></span> <span class='ocrx_word' id='word_1_359' title='bbox 1179 3326 1250 3377; x_wconf 90' lang='lat' dir='ltr'><strong>tuus</strong></span> <span class='ocrx_word' id='word_1_360' title='bbox 1264 3321 1408 3393; x_wconf 84' lang='lat' dir='ltr'><strong>Samaria,</strong></span> 
     </span>
    </p>

    <p class='ocr_par' dir='ltr' id='par_1_26' title="bbox 86 3391 1449 3539">
     <span class='ocr_line' id='line_1_43' title="bbox 88 3391 1360 3465; baseline 0.002 -17"><span class='ocrx_word' id='word_1_361' title='bbox 88 3395 138 3448; x_wconf 91' lang='lat' dir='ltr'><strong>uia</strong></span> <span class='ocrx_word' id='word_1_362' title='bbox 152 3393 263 3465; x_wconf 87' lang='lat' dir='ltr'><strong>operati</strong></span> <span class='ocrx_word' id='word_1_363' title='bbox 279 3397 348 3450; x_wconf 91' lang='lat' dir='ltr'><strong>sunt</strong></span> <span class='ocrx_word' id='word_1_364' title='bbox 360 3393 546 3449; x_wconf 86' lang='lat' dir='ltr'><strong>mendesium</strong></span> <span class='ocrx_word' id='word_1_365' title='bbox 560 3407 567 3448; x_wconf 92' lang='lat'><strong>:</strong></span> <span class='ocrx_word' id='word_1_366' title='bbox 870 3391 964 3448; x_wconf 88' lang='lat' dir='ltr'><strong>iratus</strong></span> <span class='ocrx_word' id='word_1_367' title='bbox 978 3394 1025 3449; x_wconf 87' lang='lat' dir='ltr'><strong>ast</strong></span> <span class='ocrx_word' id='word_1_368' title='bbox 1038 3394 1121 3449; x_wconf 86' lang='lat' dir='ltr'><strong>iuror</strong></span> <span class='ocrx_word' id='word_1_369' title='bbox 1135 3407 1218 3450; x_wconf 89' lang='lat' dir='ltr'><strong>ruens</strong></span> <span class='ocrx_word' id='word_1_370' title='bbox 1234 3392 1264 3448; x_wconf 90' lang='lat' dir='ltr'><strong>in</strong></span> <span class='ocrx_word' id='word_1_371' title='bbox 1279 3407 1329 3450; x_wconf 84' lang='lat' dir='ltr'><strong>ess</strong></span> <span class='ocrx_word' id='word_1_372' title='bbox 1339 3393 1360 3462; x_wconf 86' lang='lat'><strong>⁸,</strong></span> 
     </span>
     <span class='ocr_line' id='line_1_44' title="bbox 86 3462 1449 3539; baseline 0.001 -19"><span class='ocrx_word' id='word_1_373' title='bbox 86 3481 218 3539; x_wconf 79' lang='lat' dir='ltr'><strong>agressus</strong></span> <span class='ocrx_word' id='word_1_374' title='bbox 233 3468 277 3521; x_wconf 86' lang='lat' dir='ltr'><strong>est</strong></span> <span class='ocrx_word' id='word_1_375' title='bbox 291 3463 433 3537; x_wconf 86' lang='lat' dir='ltr'><strong>spolians,</strong></span> <span class='ocrx_word' id='word_1_376' title='bbox 871 3462 1029 3536; x_wconf 87' lang='lat' dir='ltr'><strong>Usquequo</strong></span> <span class='ocrx_word' id='word_1_377' title='bbox 1045 3482 1103 3522; x_wconf 89' lang='lat' dir='ltr'><strong>nou</strong></span> <span class='ocrx_word' id='word_1_378' title='bbox 1120 3469 1258 3537; x_wconf 85' lang='lat' dir='ltr'><strong>poterunt</strong></span> <span class='ocrx_word' id='word_1_379' title='bbox 1270 3466 1449 3522; x_wconf 74' lang='lat' dir='ltr'><strong>emundari?</strong></span> 
     </span>
    </p>

    <p class='ocr_par' dir='ltr' id='par_1_27' title="bbox 91 3534 1256 3610">
     <span class='ocr_line' id='line_1_45' title="bbox 91 3534 1256 3610; baseline -0.001 -17"><span class='ocrx_word' id='word_1_380' title='bbox 91 3536 175 3594; x_wconf 88' lang='lat' dir='ltr'><strong>sulus</strong></span> <span class='ocrx_word' id='word_1_381' title='bbox 189 3536 271 3592; x_wconf 84' lang='lat' dir='ltr'><strong>ioris.</strong></span> <span class='ocrx_word' id='word_1_382' title='bbox 836 3534 909 3602; x_wconf 81' lang='lat' dir='ltr'><strong>Quia</strong></span> <span class='ocrx_word' id='word_1_383' title='bbox 923 3552 958 3592; x_wconf 85' lang='lat' dir='ltr'><strong>ex</strong></span> <span class='ocrx_word' id='word_1_384' title='bbox 968 3536 1056 3592; x_wconf 89' lang='lat' dir='ltr'><strong>lsrael</strong></span> <span class='ocrx_word' id='word_1_385' title='bbox 1072 3541 1101 3592; x_wconf 86' lang='lat' dir='ltr'><strong>et</strong></span> <span class='ocrx_word' id='word_1_386' title='bbox 1113 3537 1177 3610; x_wconf 90' lang='lat' dir='ltr'><strong>ipse</strong></span> <span class='ocrx_word' id='word_1_387' title='bbox 1191 3541 1256 3593; x_wconf 88' lang='lat' dir='ltr'><strong>est:</strong></span> 
     </span>
    </p>

    <p class='ocr_par' dir='ltr' id='par_1_28' title="bbox 87 3606 1455 3679">
     <span class='ocr_line' id='line_1_46' title="bbox 87 3606 1455 3679; baseline 0.002 -16"><span class='ocrx_word' id='word_1_388' title='bbox 87 3609 153 3664; x_wconf 73' lang='lat' dir='ltr'><strong>J&#39;orte</strong></span> <span class='ocrx_word' id='word_1_389' title='bbox 169 3608 270 3664; x_wconf 85' lang='lat' dir='ltr'><strong>disant</strong></span> <span class='ocrx_word' id='word_1_390' title='bbox 288 3608 317 3662; x_wconf 92' lang='lat' dir='ltr'><strong>in</strong></span> <span class='ocrx_word' id='word_1_391' title='bbox 332 3606 471 3662; x_wconf 88' lang='lat' dir='ltr'><strong>sordibus</strong></span> <span class='ocrx_word' id='word_1_392' title='bbox 482 3606 557 3679; x_wconf 81' lang='lat' dir='ltr'><strong>suis,</strong></span> <span class='ocrx_word' id='word_1_393' title='bbox 568 3621 686 3664; x_wconf 87' lang='lat' dir='ltr'><strong>omnam</strong></span> <span class='ocrx_word' id='word_1_394' title='bbox 696 3607 780 3664; x_wconf 90' lang='lat' dir='ltr'><strong>maii·</strong></span> <span class='ocrx_word' id='word_1_395' title='bbox 873 3607 977 3662; x_wconf 85' lang='lat' dir='ltr'><strong>artilex</strong></span> <span class='ocrx_word' id='word_1_396' title='bbox 990 3608 1059 3664; x_wconf 85' lang='lat' dir='ltr'><strong>ierit</strong></span> <span class='ocrx_word' id='word_1_397' title='bbox 1072 3608 1167 3674; x_wconf 88' lang='lat' dir='ltr'><strong>ilium,</strong></span> <span class='ocrx_word' id='word_1_398' title='bbox 1183 3612 1212 3663; x_wconf 90' lang='lat' dir='ltr'><strong>et</strong></span> <span class='ocrx_word' id='word_1_399' title='bbox 1227 3623 1285 3663; x_wconf 89' lang='lat' dir='ltr'><strong>non</strong></span> <span class='ocrx_word' id='word_1_400' title='bbox 1299 3611 1344 3665; x_wconf 89' lang='lat' dir='ltr'><strong>ast</strong></span> <span class='ocrx_word' id='word_1_401' title='bbox 1358 3607 1455 3666; x_wconf 87' lang='lat' dir='ltr'><strong>Deus:</strong></span> 
     </span>
    </p>

    <p class='ocr_par' dir='ltr' id='par_1_29' title="bbox 87 3677 1658 3820">
     <span class='ocr_line' id='line_1_47' title="bbox 87 3677 1658 3749; baseline 0.002 -13"><span class='ocrx_word' id='word_1_402' title='bbox 87 3697 98 3735; x_wconf 88' lang='lat' dir='ltr'><strong>a</strong></span> <span class='ocrx_word' id='word_1_403' title='bbox 115 3696 216 3736; x_wconf 91' lang='lat' dir='ltr'><strong>eorum</strong></span> <span class='ocrx_word' id='word_1_404' title='bbox 233 3695 279 3735; x_wconf 87' lang='lat' dir='ltr'><strong>me</strong></span> <span class='ocrx_word' id='word_1_405' title='bbox 295 3678 481 3734; x_wconf 83' lang='lat' dir='ltr'><strong>recordatum</strong></span> <span class='ocrx_word' id='word_1_406' title='bbox 497 3693 504 3732; x_wconf 76' lang='grc' dir='ltr'><strong><em>ε</em></strong></span> <span class='ocrx_word' id='word_1_407' title='bbox 872 3678 1010 3749; x_wconf 83' lang='lat' dir='ltr'><strong>quoniam</strong></span> <span class='ocrx_word' id='word_1_408' title='bbox 1023 3678 1052 3735; x_wconf 88' lang='lat' dir='ltr'><strong>iu</strong></span> <span class='ocrx_word' id='word_1_409' title='bbox 1065 3695 1238 3734; x_wconf 88' lang='lat' dir='ltr'><strong>aranearum</strong></span> <span class='ocrx_word' id='word_1_410' title='bbox 1251 3677 1324 3734; x_wconf 87' lang='lat' dir='ltr'><strong>telas</strong></span> <span class='ocrx_word' id='word_1_411' title='bbox 1334 3679 1507 3736; x_wconf 87' lang='lat' dir='ltr'><strong>eritvltulus</strong></span> <span class='ocrx_word' id='word_1_412' title='bbox 1518 3681 1658 3740; x_wconf 73' lang='lat' dir='ltr'><strong>Samariae</strong></span> 
     </span>
     <span class='ocr_line' id='line_1_48' title="bbox 87 3749 1602 3820; baseline 0.001 -13"><span class='ocrx_word' id='word_1_413' title='bbox 87 3753 344 3808; x_wconf 88' lang='lat' dir='ltr'><strong>oirsomdaderunt</strong></span> <span class='ocrx_word' id='word_1_414' title='bbox 358 3766 407 3806; x_wconf 89' lang='lat' dir='ltr'><strong>sos</strong></span> <span class='ocrx_word' id='word_1_415' title='bbox 423 3749 645 3806; x_wconf 77' lang='lat' dir='ltr'><strong>adinventiones</strong></span> <span class='ocrx_word' id='word_1_416' title='bbox 661 3766 732 3820; x_wconf 81' lang='lat' dir='ltr'><strong>saa,</strong></span> <span class='ocrx_word' id='word_1_417' title='bbox 837 3750 1037 3815; x_wconf 81' lang='lat' dir='ltr'><strong>Quiavaolum</strong></span> <span class='ocrx_word' id='word_1_418' title='bbox 1053 3750 1252 3817; x_wconf 86' lang='lat' dir='ltr'><strong>seminabunt,</strong></span> <span class='ocrx_word' id='word_1_419' title='bbox 1268 3755 1296 3804; x_wconf 87' lang='lat' dir='ltr'><strong>et</strong></span> <span class='ocrx_word' id='word_1_420' title='bbox 1310 3751 1458 3806; x_wconf 87' lang='lat' dir='ltr'><strong>turbinem</strong></span> <span class='ocrx_word' id='word_1_421' title='bbox 1475 3758 1602 3809; x_wconf 88' lang='lat' dir='ltr'><strong>metent:</strong></span> 
     </span>
    </p>

    <p class='ocr_par' dir='ltr' id='par_1_30' title="bbox 87 3819 1658 3966">
     <span class='ocr_line' id='line_1_49' title="bbox 87 3819 1658 3894; baseline 0.001 -16"><span class='ocrx_word' id='word_1_422' title='bbox 87 3843 91 3877; x_wconf 89' lang='grc' dir='ltr'><strong>ι</strong></span> <span class='ocrx_word' id='word_1_423' title='bbox 122 3825 196 3878; x_wconf 87' lang='lat' dir='ltr'><strong>lasis</strong></span> <span class='ocrx_word' id='word_1_424' title='bbox 211 3840 276 3878; x_wconf 90' lang='lat' dir='ltr'><strong>meu</strong></span> <span class='ocrx_word' id='word_1_425' title='bbox 291 3824 371 3877; x_wconf 81' lang='lat' dir='ltr'><strong>fasta</strong></span> <span class='ocrx_word' id='word_1_426' title='bbox 387 3821 427 3891; x_wconf 91' lang='lat' dir='ltr'><strong>(h.</strong></span> <span class='ocrx_word' id='word_1_427' title='bbox 445 3821 525 3893; x_wconf 82' lang='lat' dir='ltr'><strong>fasti)</strong></span> <span class='ocrx_word' id='word_1_428' title='bbox 541 3825 620 3878; x_wconf 88' lang='lat' dir='ltr'><strong>sunt.</strong></span> <span class='ocrx_word' id='word_1_429' title='bbox 872 3819 988 3877; x_wconf 86' lang='lat' dir='ltr'><strong>culmus</strong></span> <span class='ocrx_word' id='word_1_430' title='bbox 1008 3828 1109 3878; x_wconf 88' lang='lat' dir='ltr'><strong>stans:</strong></span> <span class='ocrx_word' id='word_1_431' title='bbox 1128 3837 1185 3876; x_wconf 91' lang='lat' dir='ltr'><strong>non</strong></span> <span class='ocrx_word' id='word_1_432' title='bbox 1200 3826 1245 3876; x_wconf 88' lang='lat' dir='ltr'><strong>est</strong></span> <span class='ocrx_word' id='word_1_433' title='bbox 1259 3821 1288 3875; x_wconf 93' lang='lat' dir='ltr'><strong>iu</strong></span> <span class='ocrx_word' id='word_1_434' title='bbox 1305 3835 1339 3876; x_wconf 87' lang='lat' dir='ltr'><strong>eo</strong></span> <span class='ocrx_word' id='word_1_435' title='bbox 1354 3838 1486 3894; x_wconf 83' lang='lat' dir='ltr'><strong>germen,</strong></span> <span class='ocrx_word' id='word_1_436' title='bbox 1502 3839 1560 3879; x_wconf 87' lang='lat' dir='ltr'><strong>nou</strong></span> <span class='ocrx_word' id='word_1_437' title='bbox 1572 3824 1658 3880; x_wconf 86' lang='lat' dir='ltr'><strong>iaciet</strong></span> 
     </span>
     <span class='ocr_line' id='line_1_50' title="bbox 87 3891 1046 3966; baseline -0.003 -17"><span class='ocrx_word' id='word_1_438' title='bbox 87 3895 147 3950; x_wconf 90' lang='lat' dir='ltr'><strong>titia</strong></span> <span class='ocrx_word' id='word_1_439' title='bbox 163 3912 217 3950; x_wconf 87' lang='lat' dir='ltr'><strong>sua</strong></span> <span class='ocrx_word' id='word_1_440' title='bbox 231 3894 452 3949; x_wconf 80' lang='lat' dir='ltr'><strong>letificaverunt</strong></span> <span class='ocrx_word' id='word_1_441' title='bbox 467 3909 581 3966; x_wconf 83' lang='lat' dir='ltr'><strong>regem:</strong></span> <span class='ocrx_word' id='word_1_442' title='bbox 909 3891 1046 3948; x_wconf 70' lang='lat' dir='ltr'><strong>lamnam.</strong></span> 
     </span>
    </p>

    <p class='ocr_par' dir='ltr' id='par_1_31' title="bbox 86 3961 1659 4254">
     <span class='ocr_line' id='line_1_51' title="bbox 87 3961 1478 4037; baseline -0.001 -16"><span class='ocrx_word' id='word_1_443' title='bbox 87 3967 247 4022; x_wconf 87' lang='lat' dir='ltr'><strong>mendaciis</strong></span> <span class='ocrx_word' id='word_1_444' title='bbox 263 3967 327 4021; x_wconf 90' lang='lat' dir='ltr'><strong>sais</strong></span> <span class='ocrx_word' id='word_1_445' title='bbox 342 3965 501 4037; x_wconf 89' lang='lat' dir='ltr'><strong>prinsipes.</strong></span> <span class='ocrx_word' id='word_1_446' title='bbox 837 3962 918 4026; x_wconf 83' lang='lat' dir='ltr'><strong>Quod</strong></span> <span class='ocrx_word' id='word_1_447' title='bbox 935 3963 961 4019; x_wconf 90' lang='lat' dir='ltr'><strong>si</strong></span> <span class='ocrx_word' id='word_1_448' title='bbox 975 3968 1005 4019; x_wconf 89' lang='lat' dir='ltr'><strong>et</strong></span> <span class='ocrx_word' id='word_1_449' title='bbox 1021 3963 1120 4020; x_wconf 86' lang='lat' dir='ltr'><strong>leserit</strong></span> <span class='ocrx_word' id='word_1_450' title='bbox 1135 3961 1222 4019; x_wconf 90' lang='lat' dir='ltr'><strong>alieni</strong></span> <span class='ocrx_word' id='word_1_451' title='bbox 1238 3964 1390 4019; x_wconf 82' lang='lat' dir='ltr'><strong>comedant</strong></span> <span class='ocrx_word' id='word_1_452' title='bbox 1402 3979 1478 4020; x_wconf 87' lang='lat' dir='ltr'><strong>eam.</strong></span> 
     </span>
     <span class='ocr_line' id='line_1_52' title="bbox 99 4035 1176 4110; baseline -0.001 -18"><span class='ocrx_word' id='word_1_453' title='bbox 99 4037 307 4105; x_wconf 86' lang='lat' dir='ltr'><strong>adulterantes,</strong></span> <span class='ocrx_word' id='word_1_454' title='bbox 323 4036 409 4110; x_wconf 88' lang='lat' dir='ltr'><strong>quasi</strong></span> <span class='ocrx_word' id='word_1_455' title='bbox 437 4036 570 4092; x_wconf 86' lang='lat' dir='ltr'><strong>clibanus</strong></span> <span class='ocrx_word' id='word_1_456' title='bbox 592 4048 782 4090; x_wconf 88' lang='lat' dir='ltr'><strong>susseususa</strong></span> <span class='ocrx_word' id='word_1_457' title='bbox 837 4035 999 4092; x_wconf 81' lang='lat' dir='ltr'><strong>Devoratus</strong></span> <span class='ocrx_word' id='word_1_458' title='bbox 1012 4039 1056 4092; x_wconf 87' lang='lat' dir='ltr'><strong>est</strong></span> <span class='ocrx_word' id='word_1_459' title='bbox 1071 4035 1176 4091; x_wconf 89' lang='lat' dir='ltr'><strong>israel:</strong></span> 
     </span>
     <span class='ocr_line' id='line_1_53' title="bbox 86 4104 1659 4178; baseline 0 -14"><span class='ocrx_word' id='word_1_460' title='bbox 86 4115 192 4166; x_wconf 90' lang='lat' dir='ltr'><strong>uente:</strong></span> <span class='ocrx_word' id='word_1_461' title='bbox 873 4122 952 4162; x_wconf 83' lang='lat' dir='ltr'><strong>nuuc</strong></span> <span class='ocrx_word' id='word_1_462' title='bbox 968 4108 1062 4163; x_wconf 87' lang='lat' dir='ltr'><strong>laetus</strong></span> <span class='ocrx_word' id='word_1_463' title='bbox 1078 4111 1122 4162; x_wconf 89' lang='lat' dir='ltr'><strong>est</strong></span> <span class='ocrx_word' id='word_1_464' title='bbox 1133 4107 1162 4161; x_wconf 91' lang='lat' dir='ltr'><strong>in</strong></span> <span class='ocrx_word' id='word_1_465' title='bbox 1180 4104 1349 4163; x_wconf 88' lang='lat' dir='ltr'><strong>nationibus</strong></span> <span class='ocrx_word' id='word_1_466' title='bbox 1364 4105 1449 4178; x_wconf 86' lang='lat' dir='ltr'><strong>qnasi</strong></span> <span class='ocrx_word' id='word_1_467' title='bbox 1464 4123 1517 4164; x_wconf 87' lang='lat' dir='ltr'><strong>vas</strong></span> <span class='ocrx_word' id='word_1_468' title='bbox 1531 4107 1659 4164; x_wconf 91' lang='lat' dir='ltr'><strong>immun·</strong></span> 
     </span>
     <span class='ocr_line' id='line_1_54' title="bbox 87 4176 954 4254; baseline -0.001 -18"><span class='ocrx_word' id='word_1_469' title='bbox 87 4186 104 4236; x_wconf 72' lang='lat' dir='ltr'><strong>‚t</strong></span> <span class='ocrx_word' id='word_1_470' title='bbox 120 4177 628 4254; x_wconf 81' lang='lat' dir='ltr'><strong>paululumsivitasasommixtioua</strong></span> <span class='ocrx_word' id='word_1_471' title='bbox 639 4176 784 4247; x_wconf 77' lang='lat' dir='ltr'><strong>fermenti,</strong></span> <span class='ocrx_word' id='word_1_472' title='bbox 873 4177 954 4235; x_wconf 93' lang='lat' dir='ltr'><strong>dum.</strong></span> 
     </span>
    </p>

    <p class='ocr_par' dir='ltr' id='par_1_32' title="bbox 102 4248 1364 4323">
     <span class='ocr_line' id='line_1_55' title="bbox 102 4248 1364 4323; baseline -0.002 -16"><span class='ocrx_word' id='word_1_473' title='bbox 102 4253 327 4309; x_wconf 78' lang='lat' dir='ltr'><strong>fermentaretur</strong></span> <span class='ocrx_word' id='word_1_474' title='bbox 342 4253 448 4306; x_wconf 86' lang='lat' dir='ltr'><strong>totum.</strong></span> <span class='ocrx_word' id='word_1_475' title='bbox 837 4248 911 4313; x_wconf 81' lang='lat' dir='ltr'><strong>Quia</strong></span> <span class='ocrx_word' id='word_1_476' title='bbox 926 4248 982 4323; x_wconf 90' lang='lat' dir='ltr'><strong>ipsi</strong></span> <span class='ocrx_word' id='word_1_477' title='bbox 998 4248 1196 4306; x_wconf 84' lang='lat' dir='ltr'><strong>assenderuut</strong></span> <span class='ocrx_word' id='word_1_478' title='bbox 1209 4248 1244 4303; x_wconf 89' lang='lat' dir='ltr'><strong>ad</strong></span> <span class='ocrx_word' id='word_1_479' title='bbox 1259 4249 1364 4316; x_wconf 79' lang='lat' dir='ltr'><strong>Assur,</strong></span> 
     </span>
    </p>

    <p class='ocr_par' dir='ltr' id='par_1_33' title="bbox 87 4318 1234 4405">
     <span class='ocr_line' id='line_1_56' title="bbox 87 4318 1234 4405; baseline 0.002 -29"><span class='ocrx_word' id='word_1_480' title='bbox 87 4326 139 4395; x_wconf 67' lang='lat' dir='ltr'><strong>igis</strong></span> <span class='ocrx_word' id='word_1_481' title='bbox 149 4324 243 4381; x_wconf 88' lang='lat' dir='ltr'><strong>nostri</strong></span> <span class='ocrx_word' id='word_1_482' title='bbox 259 4327 411 4395; x_wconf 88' lang='lat' dir='ltr'><strong>soeperuut</strong></span> <span class='ocrx_word' id='word_1_483' title='bbox 422 4319 568 4392; x_wconf 85' lang='lat' dir='ltr'><strong>prinsipes</strong></span> <span class='ocrx_word' id='word_1_484' title='bbox 578 4319 702 4375; x_wconf 85' lang='lat' dir='ltr'><strong>lirrerea</strong></span> <span class='ocrx_word' id='word_1_485' title='bbox 715 4318 783 4375; x_wconf 91' lang='lat' dir='ltr'><strong>vino</strong></span> <span class='ocrx_word' id='word_1_486' title='bbox 873 4336 983 4405; x_wconf 68' lang='lat' dir='ltr'><strong>onager</strong></span> <span class='ocrx_word' id='word_1_487' title='bbox 995 4320 1146 4378; x_wconf 87' lang='lat' dir='ltr'><strong>solitarius</strong></span> <span class='ocrx_word' id='word_1_488' title='bbox 1159 4320 1234 4377; x_wconf 84' lang='lat' dir='ltr'><strong>sihi:</strong></span> 
     </span>
    </p>

    <p class='ocr_par' dir='ltr' id='par_1_34' title="bbox 87 4391 1657 4609">
     <span class='ocr_line' id='line_1_57' title="bbox 87 4391 1478 4489; baseline -0.003 -38"><span class='ocrx_word' id='word_1_489' title='bbox 87 4397 125 4451; x_wconf 90' lang='lat' dir='ltr'><strong>lit</strong></span> <span class='ocrx_word' id='word_1_490' title='bbox 139 4412 260 4451; x_wconf 88' lang='lat' dir='ltr'><strong>manum</strong></span> <span class='ocrx_word' id='word_1_491' title='bbox 277 4411 361 4450; x_wconf 88' lang='lat' dir='ltr'><strong>suam</strong></span> <span class='ocrx_word' id='word_1_492' title='bbox 377 4409 444 4448; x_wconf 90' lang='lat' dir='ltr'><strong>sum</strong></span> <span class='ocrx_word' id='word_1_493' title='bbox 461 4391 644 4447; x_wconf 89' lang='lat' dir='ltr'><strong>illusoribus.</strong></span> <span class='ocrx_word' id='word_1_494' title='bbox 797 4425 822 4489; x_wconf 69' lang='lat' dir='ltr'>D</span> <span class='ocrx_word' id='word_1_495' title='bbox 838 4392 976 4466; x_wconf 85' lang='lat' dir='ltr'><strong>llphrarm</strong></span> <span class='ocrx_word' id='word_1_496' title='bbox 992 4408 1114 4449; x_wconf 87' lang='lat' dir='ltr'><strong>munera</strong></span> <span class='ocrx_word' id='word_1_497' title='bbox 1128 4392 1272 4448; x_wconf 87' lang='lat' dir='ltr'><strong>dederuut</strong></span> <span class='ocrx_word' id='word_1_498' title='bbox 1286 4391 1478 4449; x_wconf 86' lang='lat' dir='ltr'><strong>amatoribus.</strong></span> 
     </span>
     <span class='ocr_line' id='line_1_58' title="bbox 87 4462 1657 4539; baseline 0.003 -21"><span class='ocrx_word' id='word_1_499' title='bbox 87 4467 260 4539; x_wconf 65' lang='lat' dir='ltr'><strong>»plicuerunt</strong></span> <span class='ocrx_word' id='word_1_500' title='bbox 275 4466 359 4538; x_wconf 88' lang='lat' dir='ltr'><strong>quasi</strong></span> <span class='ocrx_word' id='word_1_501' title='bbox 375 4463 524 4520; x_wconf 90' lang='lat' dir='ltr'><strong>olibanum</strong></span> <span class='ocrx_word' id='word_1_502' title='bbox 537 4479 587 4519; x_wconf 90' lang='lat' dir='ltr'><strong>sor</strong></span> <span class='ocrx_word' id='word_1_503' title='bbox 600 4478 702 4530; x_wconf 88' lang='lat' dir='ltr'><strong>suum,</strong></span> <span class='ocrx_word' id='word_1_504' title='bbox 713 4478 781 4518; x_wconf 90' lang='lat' dir='ltr'><strong>sum</strong></span> <span class='ocrx_word' id='word_1_505' title='bbox 871 4466 924 4520; x_wconf 84' lang='lat' dir='ltr'><strong>seo</strong></span> <span class='ocrx_word' id='word_1_506' title='bbox 938 4472 966 4520; x_wconf 89' lang='lat' dir='ltr'><strong>et</strong></span> <span class='ocrx_word' id='word_1_507' title='bbox 988 4480 1056 4521; x_wconf 87' lang='lat' dir='ltr'><strong>sum</strong></span> <span class='ocrx_word' id='word_1_508' title='bbox 1085 4463 1218 4519; x_wconf 89' lang='lat' dir='ltr'><strong>merssde</strong></span> <span class='ocrx_word' id='word_1_509' title='bbox 1233 4462 1425 4520; x_wconf 84' lang='lat' dir='ltr'><strong>conduxerint</strong></span> <span class='ocrx_word' id='word_1_510' title='bbox 1439 4464 1494 4536; x_wconf 78' lang='lat' dir='ltr'><strong>(at.</strong></span> <span class='ocrx_word' id='word_1_511' title='bbox 1511 4465 1657 4522; x_wconf 79' lang='lat' dir='ltr'><strong>sondrae-</strong></span> 
     </span>
     <span class='ocr_line' id='line_1_59' title="bbox 87 4535 1526 4609; baseline 0 -17"><span class='ocrx_word' id='word_1_512' title='bbox 87 4539 223 4594; x_wconf 65' lang='lat' dir='ltr'><strong>,diaretur</strong></span> <span class='ocrx_word' id='word_1_513' title='bbox 234 4537 296 4593; x_wconf 90' lang='lat' dir='ltr'><strong>eis:</strong></span> <span class='ocrx_word' id='word_1_514' title='bbox 908 4537 990 4608; x_wconf 90' lang='lat' dir='ltr'><strong>runt)</strong></span> <span class='ocrx_word' id='word_1_515' title='bbox 1005 4535 1150 4600; x_wconf 86' lang='lat' dir='ltr'><strong>nationes,</strong></span> <span class='ocrx_word' id='word_1_516' title='bbox 1167 4552 1246 4591; x_wconf 90' lang='lat' dir='ltr'><strong>nuos</strong></span> <span class='ocrx_word' id='word_1_517' title='bbox 1258 4535 1441 4609; x_wconf 82' lang='lat' dir='ltr'><strong>songregabo</strong></span> <span class='ocrx_word' id='word_1_518' title='bbox 1455 4551 1526 4592; x_wconf 90' lang='lat' dir='ltr'><strong>ass:</strong></span> 
     </span>
    </p>

    <p class='ocr_par' dir='ltr' id='par_1_35' title="bbox 87 4606 1658 4895">
     <span class='ocr_line' id='line_1_60' title="bbox 87 4606 1658 4693; baseline -0.001 -28"><span class='ocrx_word' id='word_1_519' title='bbox 87 4616 156 4693; x_wconf 76' lang='lat' dir='ltr'><strong>orte</strong></span> <span class='ocrx_word' id='word_1_520' title='bbox 171 4608 310 4665; x_wconf 87' lang='lat' dir='ltr'><strong>dormivit</strong></span> <span class='ocrx_word' id='word_1_521' title='bbox 325 4622 456 4691; x_wconf 76' lang='lat' dir='ltr'><strong>sequens</strong></span> <span class='ocrx_word' id='word_1_522' title='bbox 470 4621 531 4689; x_wconf 81' lang='lat' dir='ltr'><strong>ess,</strong></span> <span class='ocrx_word' id='word_1_523' title='bbox 872 4609 901 4662; x_wconf 90' lang='lat' dir='ltr'><strong>et</strong></span> <span class='ocrx_word' id='word_1_524' title='bbox 916 4606 1068 4680; x_wconf 86' lang='lat' dir='ltr'><strong>quiessent</strong></span> <span class='ocrx_word' id='word_1_525' title='bbox 1083 4607 1232 4680; x_wconf 87' lang='lat' dir='ltr'><strong>paulisper</strong></span> <span class='ocrx_word' id='word_1_526' title='bbox 1246 4608 1283 4663; x_wconf 89' lang='lat' dir='ltr'><strong>ab</strong></span> <span class='ocrx_word' id='word_1_527' title='bbox 1298 4622 1385 4664; x_wconf 86' lang='lat' dir='ltr'><strong>suere</strong></span> <span class='ocrx_word' id='word_1_528' title='bbox 1400 4607 1486 4679; x_wconf 75' lang='lat' dir='ltr'><strong>regis,</strong></span> <span class='ocrx_word' id='word_1_529' title='bbox 1502 4612 1532 4664; x_wconf 84' lang='lat' dir='ltr'><strong>at</strong></span> <span class='ocrx_word' id='word_1_530' title='bbox 1550 4607 1658 4680; x_wconf 87' lang='lat' dir='ltr'><strong>prinoi-</strong></span> 
     </span>
     <span class='ocr_line' id='line_1_61' title="bbox 87 4675 1656 4836; baseline -0.001 -27"><span class='ocrx_word' id='word_1_531' title='bbox 87 4675 674 4836; x_wconf 41' lang='lat' dir='ltr'><strong>ssffigpagrtrieggnlstugurssiazrl{affigemma.</strong></span> <span class='ocrx_word' id='word_1_532' title='bbox 837 4693 1133 4833; x_wconf 54' lang='lat' dir='ltr'><strong>Quirpffit&#39;tiptisavit</strong></span> <span class='ocrx_word' id='word_1_533' title='bbox 1142 4749 1283 4822; x_wconf 77' lang='lat' dir='ltr'><strong>Ephraim</strong></span> <span class='ocrx_word' id='word_1_534' title='bbox 1295 4748 1401 4806; x_wconf 88' lang='lat' dir='ltr'><strong>altaria</strong></span> <span class='ocrx_word' id='word_1_535' title='bbox 1415 4750 1450 4806; x_wconf 91' lang='lat' dir='ltr'><strong>ud</strong></span> <span class='ocrx_word' id='word_1_536' title='bbox 1461 4753 1656 4826; x_wconf 80' lang='lat' dir='ltr'><strong>pensandum,</strong></span> 
     </span>
     <span class='ocr_line' id='line_1_62' title="bbox 87 4819 1354 4895; baseline -0.003 -15"><span class='ocrx_word' id='word_1_537' title='bbox 87 4827 252 4881; x_wconf 81' lang='lat' dir='ltr'><strong>roraverunt</strong></span> <span class='ocrx_word' id='word_1_538' title='bbox 263 4824 379 4895; x_wconf 81' lang='lat' dir='ltr'><strong>judices</strong></span> <span class='ocrx_word' id='word_1_539' title='bbox 395 4838 483 4879; x_wconf 87' lang='lat' dir='ltr'><strong>auos:</strong></span> <span class='ocrx_word' id='word_1_540' title='bbox 872 4819 1035 4879; x_wconf 77' lang='lat' dir='ltr'><strong>factasunt</strong></span> <span class='ocrx_word' id='word_1_541' title='bbox 1049 4837 1074 4877; x_wconf 83' lang='lat' dir='ltr'><strong>er</strong></span> <span class='ocrx_word' id='word_1_542' title='bbox 1091 4837 1146 4877; x_wconf 83' lang='lat' dir='ltr'><strong>ara</strong></span> <span class='ocrx_word' id='word_1_543' title='bbox 1160 4822 1191 4878; x_wconf 91' lang='lat' dir='ltr'><strong>ln</strong></span> <span class='ocrx_word' id='word_1_544' title='bbox 1201 4821 1354 4878; x_wconf 81' lang='lat' dir='ltr'><strong>duiletum.</strong></span> 
     </span>
    </p>

    <p class='ocr_par' dir='ltr' id='par_1_36' title="bbox 87 4890 1413 4970">
     <span class='ocr_line' id='line_1_63' title="bbox 87 4890 1413 4970; baseline -0.002 -18"><span class='ocrx_word' id='word_1_545' title='bbox 87 4911 169 4970; x_wconf 80' lang='lat' dir='ltr'><strong>reges</strong></span> <span class='ocrx_word' id='word_1_546' title='bbox 183 4911 284 4952; x_wconf 90' lang='lat' dir='ltr'><strong>eorum</strong></span> <span class='ocrx_word' id='word_1_547' title='bbox 300 4894 487 4950; x_wconf 87' lang='lat' dir='ltr'><strong>oeciderunt:</strong></span> <span class='ocrx_word' id='word_1_548' title='bbox 836 4890 968 4950; x_wconf 79' lang='lat' dir='ltr'><strong>Scribam</strong></span> <span class='ocrx_word' id='word_1_549' title='bbox 984 4892 1011 4950; x_wconf 91' lang='lat' dir='ltr'><strong>ei</strong></span> <span class='ocrx_word' id='word_1_550' title='bbox 1026 4891 1203 4966; x_wconf 75' lang='lat' dir='ltr'><strong>multiplices</strong></span> <span class='ocrx_word' id='word_1_551' title='bbox 1217 4893 1295 4965; x_wconf 75' lang='lat' dir='ltr'><strong>lagos</strong></span> <span class='ocrx_word' id='word_1_552' title='bbox 1309 4908 1413 4962; x_wconf 72' lang='lat' dir='ltr'><strong>meas..</strong></span> 
     </span>
    </p>

    <p class='ocr_par' dir='ltr' id='par_1_37' title="bbox 87 4964 1657 5112">
     <span class='ocr_line' id='line_1_64' title="bbox 87 4964 1657 5041; baseline 0 -18"><span class='ocrx_word' id='word_1_553' title='bbox 87 4973 115 5023; x_wconf 87' lang='lat' dir='ltr'><strong>st</strong></span> <span class='ocrx_word' id='word_1_554' title='bbox 128 4967 179 5041; x_wconf 91' lang='lat' dir='ltr'><strong>qui</strong></span> <span class='ocrx_word' id='word_1_555' title='bbox 194 4967 300 5023; x_wconf 88' lang='lat' dir='ltr'><strong>elamet</strong></span> <span class='ocrx_word' id='word_1_556' title='bbox 315 4966 344 5021; x_wconf 92' lang='lat' dir='ltr'><strong>iu</strong></span> <span class='ocrx_word' id='word_1_557' title='bbox 360 4965 402 5021; x_wconf 87' lang='lat' dir='ltr'><strong>eis</strong></span> <span class='ocrx_word' id='word_1_558' title='bbox 417 4966 453 5021; x_wconf 87' lang='lat' dir='ltr'><strong>ad</strong></span> <span class='ocrx_word' id='word_1_559' title='bbox 471 4979 525 5020; x_wconf 91' lang='lat' dir='ltr'><strong>me.</strong></span> <span class='ocrx_word' id='word_1_560' title='bbox 877 4981 940 5036; x_wconf 84' lang='lat' dir='ltr'><strong>qua</strong></span> <span class='ocrx_word' id='word_1_561' title='bbox 968 4964 1048 5022; x_wconf 88' lang='lat' dir='ltr'><strong>velut</strong></span> <span class='ocrx_word' id='word_1_562' title='bbox 1061 4964 1163 5022; x_wconf 79' lang='lat' dir='ltr'><strong>alienas</strong></span> <span class='ocrx_word' id='word_1_563' title='bbox 1179 4969 1356 5040; x_wconf 77' lang='lat' dir='ltr'><strong>computata</strong></span> <span class='ocrx_word' id='word_1_564' title='bbox 1367 4966 1418 5040; x_wconf 79' lang='lat' dir='ltr'><strong>(lt.</strong></span> <span class='ocrx_word' id='word_1_565' title='bbox 1437 4967 1558 5040; x_wconf 81' lang='lat' dir='ltr'><strong>putate)</strong></span> <span class='ocrx_word' id='word_1_566' title='bbox 1575 4970 1657 5025; x_wconf 90' lang='lat' dir='ltr'><strong>suut.</strong></span> 
     </span>
     <span class='ocr_line' id='line_1_65' title="bbox 87 5035 1113 5112; baseline 0 -17"><span class='ocrx_word' id='word_1_567' title='bbox 87 5056 101 5096; x_wconf 92' lang='lat' dir='ltr'><strong>n</strong></span> <span class='ocrx_word' id='word_1_568' title='bbox 115 5038 147 5098; x_wconf 86' lang='lat' dir='ltr'><strong>iu</strong></span> <span class='ocrx_word' id='word_1_569' title='bbox 161 5038 279 5112; x_wconf 90' lang='lat' dir='ltr'><strong>populis</strong></span> <span class='ocrx_word' id='word_1_570' title='bbox 293 5039 357 5111; x_wconf 90' lang='lat' dir='ltr'><strong>ipse</strong></span> <span class='ocrx_word' id='word_1_571' title='bbox 367 5035 631 5095; x_wconf 88' lang='lat' dir='ltr'><strong>sommieosbatur:</strong></span> <span class='ocrx_word' id='word_1_572' title='bbox 836 5037 953 5099; x_wconf 84' lang='lat' dir='ltr'><strong>Hostias</strong></span> <span class='ocrx_word' id='word_1_573' title='bbox 962 5036 1085 5096; x_wconf 76' lang='lat' dir='ltr'><strong>atterent</strong></span> <span class='ocrx_word' id='word_1_574' title='bbox 1093 5038 1113 5109; x_wconf 76' lang='lat'><strong>⁸,</strong></span> 
     </span>
    </p>
   </div>
   <div class='ocr_carea' id='block_1_3' title="bbox 87 5248 1658 5379">
    <p class='ocr_par' dir='ltr' id='par_1_38' title="bbox 87 5248 1658 5379">
     <span class='ocr_line' id='line_1_66' title="bbox 87 5248 1658 5379; baseline -0.001 -71"><span class='ocrx_word' id='word_1_575' title='bbox 87 5253 147 5309; x_wconf 89' lang='lat' dir='ltr'><strong>itur</strong></span> <span class='ocrx_word' id='word_1_576' title='bbox 169 5269 236 5309; x_wconf 90' lang='lat' dir='ltr'><strong>vero</strong></span> <span class='ocrx_word' id='word_1_577' title='bbox 251 5251 298 5310; x_wconf 90' lang='lat' dir='ltr'><strong>hio</strong></span> <span class='ocrx_word' id='word_1_578' title='bbox 309 5257 409 5309; x_wconf 88' lang='lat' dir='ltr'><strong>auctor</strong></span> <span class='ocrx_word' id='word_1_579' title='bbox 423 5249 512 5322; x_wconf 73' lang='lat' dir='ltr'><strong>holus</strong></span> <span class='ocrx_word' id='word_1_580' title='bbox 527 5252 555 5305; x_wconf 86' lang='lat' dir='ltr'><strong>et</strong></span> <span class='ocrx_word' id='word_1_581' title='bbox 575 5248 783 5323; x_wconf 82' lang='lat' dir='ltr'><strong>subsequentis</strong></span> <span class='ocrx_word' id='word_1_582' title='bbox 873 5251 991 5311; x_wconf 74' lang='lat' dir='ltr'><strong>‘Aliter</strong></span> <span class='ocrx_word' id='word_1_583' title='bbox 1016 5252 1118 5379; x_wconf 50' lang='lat' dir='ltr'><strong>alares</strong></span> <span class='ocrx_word' id='word_1_584' title='bbox 1132 5267 1218 5319; x_wconf 68' lang='lat' dir='ltr'><strong>mes„</strong></span> <span class='ocrx_word' id='word_1_585' title='bbox 1230 5251 1272 5308; x_wconf 94' lang='lat' dir='ltr'><strong>ihi</strong></span> <span class='ocrx_word' id='word_1_586' title='bbox 1285 5248 1424 5325; x_wconf 79' lang='lat' dir='ltr'><strong>legnani:</strong></span> <span class='ocrx_word' id='word_1_587' title='bbox 1447 5250 1556 5310; x_wconf 73' lang='lat' dir='ltr'><strong>llorer&#39;sr</strong></span> <span class='ocrx_word' id='word_1_588' title='bbox 1579 5250 1658 5324; x_wconf 63' lang='lat' dir='ltr'><strong>aner,</strong></span> 
     </span>
    </p>
   </div>
   <div class='ocr_carea' id='block_1_4' title="bbox 87 5320 1660 5828">
    <p class='ocr_par' dir='ltr' id='par_1_39' title="bbox 104 5320 1659 5398">
     <span class='ocr_line' id='line_1_67' title="bbox 104 5320 1659 5398; baseline -0.001 -17"><span class='ocrx_word' id='word_1_589' title='bbox 104 5342 167 5397; x_wconf 81' lang='lat' dir='ltr'><strong>qua</strong></span> <span class='ocrx_word' id='word_1_590' title='bbox 183 5325 241 5382; x_wconf 92' lang='lat' dir='ltr'><strong>dus</strong></span> <span class='ocrx_word' id='word_1_591' title='bbox 256 5340 290 5380; x_wconf 81' lang='grc' dir='ltr'><strong>ιιι</strong></span> <span class='ocrx_word' id='word_1_592' title='bbox 304 5320 571 5380; x_wconf 84' lang='lat' dir='ltr'><strong>San-Germauensl</strong></span> <span class='ocrx_word' id='word_1_593' title='bbox 592 5338 647 5377; x_wconf 89' lang='lat' dir='ltr'><strong>ms.</strong></span> <span class='ocrx_word' id='word_1_594' title='bbox 660 5320 783 5394; x_wconf 89' lang='lat' dir='ltr'><strong>protulit</strong></span> <span class='ocrx_word' id='word_1_595' title='bbox 837 5325 1014 5398; x_wconf 51' lang='lat' dir='ltr'><strong>offerateum</strong></span> <span class='ocrx_word' id='word_1_596' title='bbox 1045 5324 1378 5393; x_wconf 67' lang='lat' dir='ltr'><strong>sensumsensurn</strong></span> <span class='ocrx_word' id='word_1_597' title='bbox 1389 5321 1659 5394; x_wconf 85' lang='lat' dir='ltr'><strong>interpretationem</strong></span> 
     </span>
    </p>

    <p class='ocr_par' dir='ltr' id='par_1_40' title="bbox 87 5392 1660 5828">
     <span class='ocr_line' id='line_1_68' title="bbox 87 5392 1660 5468; baseline -0.003 -16"><span class='ocrx_word' id='word_1_598' title='bbox 87 5413 162 5466; x_wconf 81' lang='lat' dir='ltr'><strong>sns;</strong></span> <span class='ocrx_word' id='word_1_599' title='bbox 178 5397 286 5468; x_wconf 88' lang='lat' dir='ltr'><strong>quippe</strong></span> <span class='ocrx_word' id='word_1_600' title='bbox 301 5410 366 5452; x_wconf 89' lang='lat' dir='ltr'><strong>eam</strong></span> <span class='ocrx_word' id='word_1_601' title='bbox 382 5393 615 5450; x_wconf 85' lang='lat' dir='ltr'><strong>luculentissime</strong></span> <span class='ocrx_word' id='word_1_602' title='bbox 628 5393 667 5450; x_wconf 91' lang='lat' dir='ltr'><strong>sit</strong></span> <span class='ocrx_word' id='word_1_603' title='bbox 682 5392 711 5448; x_wconf 90' lang='lat' dir='ltr'><strong>iu</strong></span> <span class='ocrx_word' id='word_1_604' title='bbox 727 5393 783 5450; x_wconf 88' lang='lat' dir='ltr'><strong>ile·</strong></span> <span class='ocrx_word' id='word_1_605' title='bbox 837 5413 872 5452; x_wconf 83' lang='lat' dir='ltr'><strong>ex</strong></span> <span class='ocrx_word' id='word_1_606' title='bbox 887 5394 1005 5452; x_wconf 82' lang='lat' dir='ltr'><strong>Hebraeo</strong></span> <span class='ocrx_word' id='word_1_607' title='bbox 1029 5404 1136 5461; x_wconf 57' lang='lat' dir='ltr'><strong>lubun,</strong></span> <span class='ocrx_word' id='word_1_608' title='bbox 1153 5393 1217 5452; x_wconf 89' lang='lat' dir='ltr'><strong>siue</strong></span> <span class='ocrx_word' id='word_1_609' title='bbox 1230 5395 1350 5467; x_wconf 89' lang='lat' dir='ltr'><strong>punstia</strong></span> <span class='ocrx_word' id='word_1_610' title='bbox 1365 5392 1513 5452; x_wconf 82' lang='lat' dir='ltr'><strong>vocalibus</strong></span> <span class='ocrx_word' id='word_1_611' title='bbox 1527 5396 1660 5466; x_wconf 82' lang='lat' dir='ltr'><strong>sumpts,</strong></span> 
     </span>
     <span class='ocr_line' id='line_1_69' title="bbox 87 5463 1658 5540; baseline -0.001 -17"><span class='ocrx_word' id='word_1_612' title='bbox 87 5477 119 5538; x_wconf 80' lang='lat' dir='ltr'><strong>rt,</strong></span> <span class='ocrx_word' id='word_1_613' title='bbox 132 5484 215 5540; x_wconf 82' lang='lat' dir='ltr'><strong>pone.</strong></span> <span class='ocrx_word' id='word_1_614' title='bbox 838 5463 1136 5525; x_wconf 86' lang='lat' dir='ltr'><strong>derivarinihllvetat.</strong></span> <span class='ocrx_word' id='word_1_615' title='bbox 1148 5471 1236 5524; x_wconf 83' lang='lat' dir='ltr'><strong>Porro</strong></span> <span class='ocrx_word' id='word_1_616' title='bbox 1246 5464 1658 5536; x_wconf 77' lang='lat' dir='ltr'><strong>lestiouomhujusmodlpra·</strong></span> 
     </span>
     <span class='ocr_line' id='line_1_70' title="bbox 87 5536 1658 5609; baseline -0.003 -11"><span class='ocrx_word' id='word_1_617' title='bbox 87 5545 149 5598; x_wconf 84' lang='lat' dir='ltr'><strong>esto</strong></span> <span class='ocrx_word' id='word_1_618' title='bbox 164 5539 219 5594; x_wconf 82' lang='lat' dir='ltr'><strong>diss</strong></span> <span class='ocrx_word' id='word_1_619' title='bbox 235 5537 418 5594; x_wconf 87' lang='lat' dir='ltr'><strong>restituimus</strong></span> <span class='ocrx_word' id='word_1_620' title='bbox 428 5553 480 5609; x_wconf 92' lang='lat' dir='ltr'><strong>prs</strong></span> <span class='ocrx_word' id='word_1_621' title='bbox 491 5537 549 5606; x_wconf 80' lang='lat' dir='ltr'><strong>ctis,</strong></span> <span class='ocrx_word' id='word_1_622' title='bbox 559 5536 636 5607; x_wconf 87' lang='lat' dir='ltr'><strong>quod</strong></span> <span class='ocrx_word' id='word_1_623' title='bbox 646 5536 780 5594; x_wconf 82' lang='lat' dir='ltr'><strong>Martias.</strong></span> <span class='ocrx_word' id='word_1_624' title='bbox 840 5542 937 5598; x_wconf 89' lang='lat' dir='ltr'><strong>lerunt</strong></span> <span class='ocrx_word' id='word_1_625' title='bbox 952 5553 1044 5595; x_wconf 86' lang='lat' dir='ltr'><strong>sauss</strong></span> <span class='ocrx_word' id='word_1_626' title='bbox 1056 5538 1353 5603; x_wconf 79' lang='lat' dir='ltr'><strong>San-Germansnsis,</strong></span> <span class='ocrx_word' id='word_1_627' title='bbox 1370 5538 1458 5593; x_wconf 81' lang='lat' dir='ltr'><strong>sodex</strong></span> <span class='ocrx_word' id='word_1_628' title='bbox 1473 5537 1658 5594; x_wconf 78' lang='lat' dir='ltr'><strong>corbeiensis</strong></span> 
     </span>
     <span class='ocr_line' id='line_1_71' title="bbox 87 5607 1659 5679; baseline 0.001 -13"><span class='ocrx_word' id='word_1_629' title='bbox 87 5612 134 5667; x_wconf 80' lang='lat' dir='ltr'><strong>tra</strong></span> <span class='ocrx_word' id='word_1_630' title='bbox 157 5611 274 5666; x_wconf 90' lang='lat' dir='ltr'><strong>antibus</strong></span> <span class='ocrx_word' id='word_1_631' title='bbox 285 5609 368 5666; x_wconf 89' lang='lat' dir='ltr'><strong>libris</strong></span> <span class='ocrx_word' id='word_1_632' title='bbox 383 5609 533 5679; x_wconf 90' lang='lat' dir='ltr'><strong>omnihus,</strong></span> <span class='ocrx_word' id='word_1_633' title='bbox 544 5614 572 5664; x_wconf 89' lang='lat' dir='ltr'><strong>et</strong></span> <span class='ocrx_word' id='word_1_634' title='bbox 588 5613 666 5664; x_wconf 87' lang='lat' dir='ltr'><strong>recto</strong></span> <span class='ocrx_word' id='word_1_635' title='bbox 680 5626 780 5668; x_wconf 88' lang='lat' dir='ltr'><strong>sensu.</strong></span> <span class='ocrx_word' id='word_1_636' title='bbox 842 5630 870 5671; x_wconf 90' lang='lat' dir='ltr'><strong>n.</strong></span> <span class='ocrx_word' id='word_1_637' title='bbox 885 5612 913 5679; x_wconf 82' lang='grc'><strong>3,</strong></span> <span class='ocrx_word' id='word_1_638' title='bbox 928 5611 955 5666; x_wconf 86' lang='grc'><strong>8.</strong></span> <span class='ocrx_word' id='word_1_639' title='bbox 969 5609 1107 5667; x_wconf 81' lang='lat' dir='ltr'><strong>German.</strong></span> <span class='ocrx_word' id='word_1_640' title='bbox 1120 5626 1152 5667; x_wconf 96' lang='lat' dir='ltr'><strong>n.</strong></span> <span class='ocrx_word' id='word_1_641' title='bbox 1166 5612 1184 5666; x_wconf 78' lang='lat'>2</span> <span class='ocrx_word' id='word_1_642' title='bbox 1198 5621 1227 5666; x_wconf 86' lang='lat' dir='ltr'><strong>st</strong></span> <span class='ocrx_word' id='word_1_643' title='bbox 1237 5610 1284 5667; x_wconf 83' lang='lat' dir='ltr'><strong>ro.</strong></span> <span class='ocrx_word' id='word_1_644' title='bbox 1296 5607 1659 5667; x_wconf 76' lang='lat' dir='ltr'><strong>etiloiberlinushniuieu·</strong></span> 
     </span>
     <span class='ocr_line' id='line_1_72' title="bbox 100 5626 1660 5758; baseline -0.003 -19"><span class='ocrx_word' id='word_1_645' title='bbox 100 5626 200 5752; x_wconf 55' lang='lat' dir='ltr'><strong>soler,</strong></span> <span class='ocrx_word' id='word_1_646' title='bbox 215 5685 244 5738; x_wconf 74' lang='grc' dir='ltr'><strong>ιιι</strong></span> <span class='ocrx_word' id='word_1_647' title='bbox 258 5681 308 5750; x_wconf 82' lang='lat' dir='ltr'><strong>ais,</strong></span> <span class='ocrx_word' id='word_1_648' title='bbox 325 5682 374 5737; x_wconf 90' lang='lat' dir='ltr'><strong>eed</strong></span> <span class='ocrx_word' id='word_1_649' title='bbox 390 5685 572 5754; x_wconf 65' lang='lat' dir='ltr'><strong>surruptast</strong></span> <span class='ocrx_word' id='word_1_650' title='bbox 587 5695 622 5734; x_wconf 85' lang='lat' dir='ltr'><strong>ex</strong></span> <span class='ocrx_word' id='word_1_651' title='bbox 632 5695 780 5742; x_wconf 86' lang='lat' dir='ltr'><strong>somman-</strong></span> <span class='ocrx_word' id='word_1_652' title='bbox 842 5686 884 5746; x_wconf 86' lang='lat' dir='ltr'><strong>sia</strong></span> <span class='ocrx_word' id='word_1_653' title='bbox 898 5682 1100 5758; x_wconf 87' lang='lat' dir='ltr'><strong>primamaau.</strong></span> <span class='ocrx_word' id='word_1_654' title='bbox 1119 5676 1660 5757; x_wconf 77' lang='lat' dir='ltr'><strong>sliiiaguututussposuimusllaar.</strong></span> 
     </span>
     <span class='ocr_line' id='line_1_73' title="bbox 87 5753 651 5828; baseline -0.005 -15"><span class='ocrx_word' id='word_1_655' title='bbox 87 5754 297 5828; x_wconf 80' lang='lat' dir='ltr'><strong>ieronymianis</strong></span> <span class='ocrx_word' id='word_1_656' title='bbox 311 5757 423 5810; x_wconf 70' lang='lat' dir='ltr'><strong>semum</strong></span> <span class='ocrx_word' id='word_1_657' title='bbox 438 5754 543 5809; x_wconf 81' lang='lat' dir='ltr'><strong>exstat.</strong></span> <span class='ocrx_word' id='word_1_658' title='bbox 560 5753 651 5810; x_wconf 75' lang='lat' dir='ltr'><strong>Esar.</strong></span> 
     </span>
    </p>
   </div>
   <div class='ocr_carea' id='block_1_5' title="bbox 0 0 1941 6116">
    <p class='ocr_par' dir='ltr' id='par_1_41' title="bbox 0 0 1941 6116">
     <span class='ocr_line' id='line_1_74' title="bbox 0 0 1941 6116; baseline 0 0"><span class='ocrx_word' id='word_1_659' title='bbox 0 0 1941 6116; x_wconf 95' lang='lat' dir='ltr'><strong> </strong></span> 
     </span>
    </p>
   </div>
  </div>
 </body>
</html>
