3870 6120
130 330 152 386 rr
809 320 1117 386 ruoaoconaus.
1245 299 1252 313 '
1771 325 1811 386 11

132 457 329 522 bantchraea
365 454 528 519 volumina
543 457 582 518 ab
612 475 650 520 eo
679 454 850 533 descripta,
878 451 1044 520 velrlbus
1099 456 1282 532 credidisse,
1325 477 1382 520 nec
1424 457 1573 520 habuisse
1626 456 1809 538 magistram

65 606 67 614 .
137 558 225 620 collata
277 572 349 617 cum
404 555 631 633 interpretibus
690 553 816 626 Graecis,
873 568 931 612 nec
985 555 1167 633 opinionem
1197 574 1299 631 suam,
1330 557 1385 618 sed
1426 574 1463 617 ea
1504 556 1599 617 etiam
1630 555 1812 634 dequibus

65 658 69 708 ἕ
134 673 173 717 nco
195 652 370 713 Palestinae
400 652 574 731 provincia,
605 669 700 731 qnam
726 649 929 729 perlustravit
985 653 1064 712 seire
1093 672 1126 714 se
1154 654 1381 727 arbitrabatur,
1411 655 1605 732 interrogare
1641 653 1806 730 solitnm;

65 774 69 781 ·
134 771 155 815 rr
184 750 363 831 peragravit
404 750 444 811 ob
475 749 650 830 pleniorem
686 746 928 823 intelligentiam
984 757 1104 829 quanto
1144 752 1244 831 magis
1285 753 1317 813 in
1347 751 1385 811 iis
1426 768 1521 831 super
1549 750 1664 830 quibus
1693 768 1811 831 anceps

67 852 70 859 '
133 850 326 912 lebraiccrum
341 848 519 919 nominum,
536 847 667 908 adscitis
691 845 786 908 etiam
802 845 927 907 ludaeo·
983 833 1076 909 erat?
1094 853 1157 910 Hoc
1173 868 1248 911 vero
1264 849 1433 911 confirmat
1460 855 1647 928 argumento
1675 866 1809 928 sequen-

65 977 72 989 ·
133 966 180 1009 rum
202 947 422 1009 eruditissimis
451 945 610 1023 magistris
637 943 697 1005 sibi
724 944 828 1004 sociis.
859 942 928 1002 Siu-
982 948 1023 1009 ti:
1053 948 1209 1029 Denique,
1240 950 1354 1028 inquit,
1385 967 1487 1009 cuma
1513 954 1666 1028 manupae
1689 944 1809 1007 titteris

131 1048 181 1123 gula
207 1047 315 1106 ordine
359 1063 416 1106 suo
461 1061 703 1122 prosequamur.
747 1040 839 1120 Apud
892 1042 924 1098 S.
981 1046 1206 1127 flagitassetis,
1234 1053 1268 1107 nt
1292 1046 1379 1107 cobis
1394 1044 1658 1127 Paralipomenon
1693 1044 1808 1105 Latino
1880 1040 1883 1047 ’

70 1184 73 1205 ,
131 1146 269 1205 lanaeum
299 1147 489 1204 excusatae
527 1140 685 1201 tarditatis
730 1139 822 1219 epist.
853 1140 923 1212 111,
982 1164 1120 1205 sermone
1157 1149 1396 1222 transterrem;
1439 1143 1477 1205 de
1523 1141 1686 1203 Tiberiade
1722 1141 1808 1222 legis

65 1253 73 1285 ἐ
130 1242 189 1319 quod
216 1260 274 1301 non
307 1240 415 1301 statim
443 1239 482 1300 ad
511 1237 790 1316 ejusinterrogata
812 1234 925 1296 rescri·
981 1243 1142 1323 quamdam
1171 1243 1337 1322 doenum,
1354 1243 1410 1323 qm·
1433 1241 1517 1322 apud
1531 1239 1682 1301 Hebraeos
1703 1239 1809 1299 admi.

65 1346 67 1357 '
129 1339 201 1416 paerit
228 1339 289 1399 alin
318 1355 414 1417 opere
443 1337 598 1396 detentus·
629 1334 709 1402 Quid
744 1334 784 1394 sil
820 1338 924 1393 aulem
981 1340 1101 1400 rationi
1114 1340 1296 1419 habebatur,
1308 1339 1467 1422 assumpsi
1481 1349 1511 1399 et
1526 1338 1647 1399 contuli
1675 1356 1744 1397 cum
1775 1356 1809 1397 eo

129 1436 176 1496 ltle
198 1430 926 1516 011118,111816111811001818111111111091118116111
981 1456 1000 1497 a
1028 1438 1150 1517 verlice,
1182 1445 1216 1498 ut
1239 1439 1341 1515 airml,
1374 1458 1470 1519 usque
1493 1437 1536 1497 ad
1562 1441 1730 1496 extremum
1751 1455 1809 1495 un..

125 1534 260 1613 epistolm:
291 1533 425 1593 Interim
453 1536 554 1591 tarrren
583 1537 613 1590 et
634 1550 693 1609 ego
708 1530 868 1609 linguam,
898 1533 928 1586 el
981 1555 1095 1616 gruem:
1121 1541 1151 1595 et
1177 1536 1225 1596 sie
1252 1537 1460 1614 confirmatus
1485 1554 1583 1595 ausus
1610 1553 1680 1594 snm
1705 1536 1808 1603 facere

126 1630 171 1691 itt·
214 1630 393 1709 articulum,
453 1627 658 1706 rnouebamus,
712 1646 781 1687 curn
823 1625 927 1685 subito
982 1633 1067 1715 quod
1069 1632 1243 1712 jubebatis,
1261 1634 1341 1706 Quid
1357 1634 1493 1713 amplius
1509 1633 1539 1694 in
1569 1633 1637 1694 uiro
1666 1631 1808 1693 studioso
1903 1698 1906 1703 ,

124 1727 256 1790 Hebraeus
306 1727 484 1804 intervenit,
538 1726 679 1793 deterens
732 1744 794 1784 non
821 1732 928 1805 peuce
983 1731 1155 1793 desiderari
1182 1738 1289 1810 queat,
1320 1738 1404 1793 certe
1433 1750 1496 1793 non
1526 1730 1629 1791 video.
1673 1731 1805 1792 Omnem

126 1826 273 1905 velariana,
299 1845 367 1907 qna
395 1824 434 1887 de
466 1822 640 1903 synagoge
669 1823 762 1903 qnasi
788 1821 1013 1891 leetrrrnsssin
1043 1829 1136 1889 rebus
1164 1829 1327 1890 Hebraicis
1368 1829 1507 1907 laborem
1537 1827 1678 1899 insumit,
1718 1844 1806 1887 snm·

122 1930 266 2004 acceperat.
301 1926 341 1984 Et
365 1922 450 1983 illico
477 1939 484 1982 ε
516 1919 634 1999 Habes,
685 1919 800 1999 inquit,
841 1917 926 1999 quod
980 1927 1048 2005 ptui
1077 1945 1139 1987 non
1178 1927 1291 2005 parcit,
1336 1924 1603 2005 peregrinationes
1631 1923 1806 1986 laboriosas

118 2017 608 2101 postularreraszrneqnedubium,
636 2024 666 2077 el
688 2017 767 2098 quid
784 2019 925 2094 facerem
980 2024 1075 2098 subit,
1106 2042 1176 2084 cum
1206 2023 1424 2085 eruditissimis
1459 2022 1642 2086 ludaeorum
1680 2020 1805 2083 assidue

124 2119 298 2197 nescientem,
316 2119 362 2178 ita
376 2117 513 2195 festinus
527 2121 690 2196 exterruit,
721 2120 756 2175 nt
783 2114 926 2174 omnibns
981 2140 1158 2183 sermonem
1174 2121 1315 2194 000f01t3
1342 2119 1440 2182 fibros
1468 2121 1598 2201 propria
1627 2137 1722 2180 manu
1751 2119 1805 2181 dg.

117 2218 334 2299 praetermissis,
349 2216 392 2277 ad
413 2215 652 2276 describendum
679 2213 925 2275 transvolarem:
982 2220 1089 2280 scribit
1128 2237 1135 2292 ;
1175 2219 1338 2281 contendit
1378 2223 1488 2280 draca
1529 2235 1601 2279 cum
1651 2216 1804 2278 Hebraeis.

120 2315 335 2397 quodquidam
366 2314 535 2395 usquead
554 2322 698 2396 presens
728 2312 832 2390 facio.
864 2313 928 2371 He·
983 2317 1124 2397 Denique
1139 2317 1226 2397 quid,
1242 2335 1318 2392 non,
1334 2322 1369 2377 nt
1398 2316 1514 2394 linguae
1543 2320 1659 2376 sanetae
1687 2314 1806 2376 intelli·
1896 2363 1899 2369 .

119 2416 218 2477 braieie
240 2415 386 2476 similiter
413 2413 559 2473 detentus
587 2411 710 2486 litteris,
740 2415 771 2471 11
798 2415 929 2472 conten·
983 2416 1124 2494 gentiam
1140 2414 1415 2495 consequeretur?
1436 2414 1550 2476 Merito
1579 2412 1676 2492 igilur
1703 2412 1810 2474 aiebat

118 2513 192 2574 lione
229 2514 382 2575 librorum
435 2509 573 2582 assidua,
625 2507 801 2570 breviorem
843 2507 930 2569 dedit
984 2531 1108 2595 supra:
1139 2511 1183 2574 Et
1209 2513 1336 2594 gratias
1378 2531 1440 2594 ago
1481 2510 1631 2588 Domino,
1661 2509 1746 2591 qnod
1773 2508 1813 2570 de

119 2612 270 2692 tplslolatss
299 2614 350 2682 tl,
382 2608 421 2670 811
450 2607 633 2668 Marcellam
664 2624 671 2666 :
712 2607 752 2666 Ul
780 2611 930 2687 temper·
984 2631 1091 2672 amaro
1146 2611 1261 2671 semine
1323 2609 1502 2671 litterarum
1549 2607 1658 2669 dulces
1677 2610 1813 2685 srnetres

117 2733 185 2789 carn,
225 2710 340 2789 inquit,
384 2704 547 2788 epistolam
597 2703 776 2782 scriberem,
829 2721 931 2764 causer
984 2719 1098 2792 earpo;
1123 2709 1238 2788 idest,
1267 2707 1431 2769 scientiam
1461 2706 1639 2767 divinarum
1668 2706 1812 2785 Scriptu-

120 2809 246 2890 duplicis
265 2807 350 2885 suit,
380 2805 464 2885 qnod
487 2808 516 2863 et
531 2802 719 2864 tabellarius
743 2800 930 2876 festinabat,
986 2825 1105 2880 rarum,
1119 2812 1150 2867 et
1164 2807 1318 2866 sermonis
1333 2804 1458 2864 llebraei
1473 2802 1630 2883 peritiam.

116 2913 207 2986 elego
232 2905 297 2966 alio
326 2912 414 2985 opere
441 2903 596 2981 detentus,
613 2900 930 2981 lroequasiazptpyu,
1026 2906 1077 2966 IV,
1119 2903 1289 2966 Multarum
1331 2901 1429 2982 igitur
1465 2901 1646 2979 linguarum
1681 2897 1813 2961 seientia

115 3025 153 3062 rrre
179 3010 369 3084 oecrrparem.
408 2999 536 3078 Quaeris
574 2998 726 3080 quidnam
768 2996 854 3058 illud
876 2997 930 3076 sit,
986 3002 1117 3081 insignis
1142 3001 1364 3080 Hieronymus,
1393 3005 1426 3061 et
1452 2997 1538 3078 apud
1574 3015 1685 3060 omnes
1712 2995 1814 3058 erudi·
1907 3048 1909 3052 .

114 3107 168 3161 tarn
189 3099 328 3181 grande,
357 3105 421 3158 tam
443 3097 742 3176 necessariumque
763 3095 933 3163 ectsrotiea
987 3100 1072 3161 tione
1099 3118 1158 3161 sua
1185 3098 1373 3171 celebratus,
1403 3095 1525 3158 brevia
1550 3094 1696 3175 pluribus
1710 3093 1819 3174 rogari,

113 3197 374 3277 confabulationis
402 3215 516 3257 mrrnns
539 3195 698 3255 exclusum
714 3199 770 3254 est.
790 3192 934 3274 lampri-
950 3188 971 3254 C
989 3198 1095 3277 coepit,
1112 3202 1146 3258 111
1161 3196 1258 3258 111111
1282 3213 1388 3256 111111
1413 3212 1430 3254 1
1458 3192 1598 3254 fontibus
1628 3192 1768 3254 Hebraeis
1782 3190 1815 3252 in

65 3330 67 3369 :
113 3297 175 3357 dem
204 3316 275 3356 cum
304 3292 517 3355 columinibus
541 3291 748 3354 Hebraeorum
768 3291 935 3351 editionem
989 3296 1135 3358 Latinum
1165 3311 1342 3354 sermonem
1371 3292 1541 3353 transferre
1570 3289 1675 3352 vellet.
1701 3293 1818 3353 Omnes

112 3392 239 3476 Aquilae
273 3395 419 3469 eonser0;
450 3410 487 3450 ne
520 3390 599 3471 quid
616 3389 775 3468 forsitan,
806 3393 938 3470 propter
992 3381 1241 3475 praefatiunculae
1261 3390 1374 3452 veteris
1395 3389 1590 3451 'testamenti
1613 3405 1751 3468 quarum
1779 3405 1819 3450 ex

113 3493 221 3554 odium
257 3488 398 3563 Christi,
427 3488 602 3569 Synagroga
631 3485 818 3547 retardaverit:
848 3492 877 3545 11
904 3491 940 3546 11
994 3497 1083 3572 parte
1111 3489 1257 3569 exempla
1286 3486 1500 3567 subjiciemus,
1531 3486 1607 3547 huic
1636 3486 1682 3546 rei
1723 3489 1821 3547 testes

113 3591 221 3651 amicae
251 3587 347 3647 menti
365 3588 487 3664 fatear,
517 3605 583 3667 quse
607 3573 649 3645 ad
670 3590 809 3644 nostram
833 3583 939 3661 fidem
994 3596 1078 3651 sunt.
1109 3590 1148 3648 Et
1175 3585 1369 3666 superfluum
1386 3591 1444 3658 est,
1461 3584 1547 3665 quod
1563 3583 1672 3645 inillis
1700 3583 1819 3645 dictum

105 3689 248 3772 pertinet
278 3684 499 3762 roborandam,
523 3683 620 3766 plura
648 3682 778 3763 reperio.
804 3680 898 3741 Nunc
922 3702 940 3740 a
994 3685 1165 3758 invenitur,
1181 3685 1273 3745 aliter
1288 3701 1383 3763 qnam
1399 3682 1444 3743 ibi
1459 3682 1578 3743 dictum
1594 3686 1652 3757 est,
1670 3681 1818 3742 scribere.

104 3781 475 3871 prophetis,Salomone,
493 3781 667 3859 Psalterio,
697 3777 969 3880 Regrrarnmque·
996 3783 1190 3863 Incipiamus
1218 3781 1316 3859 igitur
1344 3797 1363 3840 a
1390 3779 1516 3853 Genesi,
1545 3777 1637 3856 cuius
1669 3777 1822 3858 prologus

109 3885 210 3947 libris
239 3881 428 3942 externussim
457 3880 631 3958 recensitis,
663 3878 806 3939 Exortum
843 3883 939 3950 teneo,
998 3883 1069 3945 talis
1098 3888 1165 3943 est:
1190 3878 1356 3940 Desiderii
1383 3877 1444 3939 mei
1480 3876 1679 3946 desideratus
1719 3874 1823 3958 accepi

108 4002 203 4065 quem
231 3980 286 4041 illi
313 3995 490 4041 altessera
533 3983 654 4056 coeant,
694 3977 737 4036 ad
773 3974 942 4036 Lecitierrm
996 3978 1156 4063 epistolas,
1185 3977 1241 4058 qni
1268 3976 1402 4058 quodam
1434 3973 1598 4057 praesagio
1639 3976 1821 4040 facturorum

110 4079 315 4140 transiturus
354 4099 362 4136 :
407 4078 494 4137 uides
533 4076 650 4155 igitur,
693 4074 777 4154 qnod
818 4071 944 4133 nullum
997 4099 1066 4139 cum
1095 4074 1231 4136 Daniele
1258 4074 1572 4134 sortitnsestnomen
1595 4070 1741 4150 (Damx,
1770 4071 1822 4144 11,

112 4173 458 4257 officiunrlruicoperi
470 4173 715 4256 preponendum
744 4176 800 4232 est.
830 4176 866 4233 ln
894 4171 944 4232 bis
999 4179 1061 4255 19),
1092 4172 1284 4235 obsecrantis
1313 4176 1348 4230 11
1375 4168 1568 4231 translatum
1598 4168 1632 4228 in
1674 4166 1822 4248 linguam

109 4275 231 4337 studiis
256 4277 430 4353 occupatus
460 4277 570 4334 Romae
602 4271 649 4331 vir
675 4275 814 4342 sauctus,
846 4269 945 4330 oculis
998 4272 1142 4334 latinam
1177 4271 1215 4331 de
1238 4267 1367 4331 Heereo
1403 4287 1542 4328 sermone
1580 4264 1824 4327 Pentateuehum

111 4376 248 4451 insuper
275 4370 420 4434 1111111111
463 4369 673 4449 contemplari
700 4367 833 4429 voluit:
865 4385 944 4447 quo·
1000 4377 1178 4432 nostrorum
1207 4366 1338 4428 auribus
1367 4366 1534 4427 traderem.
1565 4367 1642 4426 Hrat
1665 4365 1748 4425 forte
1771 4362 1824 4424 hic

115 4471 214 4534 modo
243 4469 328 4530 euim
358 4470 539 4530 Graecorum
555 4465 703 4528 historias
725 4465 825 4544 magis
853 4465 945 4526 intel·
1001 4467 1190 4533 Desiderias
1204 4472 1331 4527 sanctus
1345 4464 1399 4526 ille
1416 4464 1579 4544 presbyter
1595 4463 1627 4523 in
1655 4460 1823 4534 Vasconis,

116 4571 223 4648 ligant
252 4567 307 4646 qui
336 4566 477 4628 Athenas
517 4564 653 4625 viderint
680 4580 687 4634 ;
717 4561 761 4622 111
805 4556 1055 4650 sanctamllqui
1083 4585 1155 4628 eum
1185 4565 1312 4645 Ripario
1341 4569 1452 4625 auctor
1477 4562 1536 4623 luit
1570 4560 1724 4623 luculenti
1751 4577 1828 4639 ope·

119 4668 317 4744 &tibiuram
346 4663 482 4725 lucidius
509 4660 693 4733 intuebitur,
720 4659 774 4738 (issi
802 4660 946 4722 Jud'aettm
1002 4669 1044 4730 ris
1060 4666 1135 4729 editi
1151 4665 1191 4725 ab
1207 4664 1399 4744 Hieronymo
1419 4681 1477 4742 pro
1506 4661 1623 4723 sanctis
1651 4665 1825 4740 martyrum

119 4763 221 4824 oculis
249 4760 481 4840 contemplatus
510 4764 567 4830 181,
582 4756 632 4818 Vel
661 4757 862 4836 &siliquarum
892 4775 948 4817 1¹¹⁸·
1003 4764 1144 4845 reliquiis
1159 4763 1309 4824 adversus
1323 4760 1540 4840 vigilantium.
1569 4758 1727 4820 Auctores
1756 4760 1831 4818 sunt

120 4861 208 4921 bium
226 4857 405 4932 memorias,
422 4857 639 4935 locorumque,
658 4861 689 4914 et
715 4855 824 4915 eadem
856 4872 949 4916 vooa-
1006 4863 1102 4943 brejas
1144 4859 1393 4921 Dictatinrreale
1435 4878 1517 4935 mea,
1541 4857 1646 4936 inquit
1672 4857 1828 4934 Hierony·

122 4958 210 5033 bula,
240 4956 290 5015 uel
321 4962 444 5017 mutata
472 4956 666 5033 cognoverit.
696 4954 784 5016 Unde
813 4960 845 5015 et
878 4953 950 5014 Hie·
1006 4981 1086 5030 mus,
1103 4958 1206 5019 sorceti
1218 4953 1827 5039 presbyteriRiparirrsetDesiderr'us,

74 5050 78 5055 ’
123 5053 520 5134 rnnymocnrmiuitcum
549 5052 769 5116 eruditissimis
804 5052 952 5113 11111111·
1007 5059 1063 5140 qni
1068 5054 1242 5140 parochias
1256 5074 1332 5115 snas
1347 5054 1464 5114 vicinia
1480 5054 1574 5114 istius
1598 5051 1742 5114 scribunt
1767 5068 1834 5109 essa

123 5172 195 5213 rum
225 5152 311 5212 bunc
347 5151 488 5212 laborem
531 5150 648 5225 subire,
689 5157 724 5212 at
752 5151 954 5212 circumirent
1008 5155 1192 5234 articulatas,
1231 5153 1443 5233 miseruntque
1480 5151 1581 5212 libros
1617 5159 1676 5233 per
1694 5152 1833 5226 fratrem

126 5249 323 5330 provinciam
354 5267 451 5328 quam
481 5248 632 5311 universe
662 5248 778 5311 Christi
805 5248 954 5310 Ecclesia
1009 5252 1200 5331 Sisirrnr'am,
1217 5257 1277 5312 etc.
1295 5250 1364 5312 Nisi
1388 5249 1486 5313 alium
1509 5248 1714 5311 Desiderium
1739 5243 1835 5305 luisse

127 5354 253 5409 sonant.
271 5352 320 5408 lta
333 5345 402 5428 ipse
427 5347 589 5425 conceptis
603 5348 707 5409 verbis
735 5347 775 5407 ad
804 5347 955 5409 Domnio·
1012 5351 1187 5422 credamus,
1219 5349 1388 5410 honestum
1417 5351 1449 5410 st
1476 5350 1676 5429 eloquentem
1719 5341 1836 5414 virum,

130 5465 201 5506 uem
246 5453 278 5505 et
321 5445 530 5523 ltogatiannm
567 5445 753 5524 praelatione
778 5444 811 5506 in
841 5444 956 5506 librum
1013 5449 1064 5510 cui
1089 5453 1121 5509 S.
1151 5449 1267 5509 Hector
1300 5445 1458 5506 scribebat
1494 5444 1659 5522 epistolam
1704 5443 1773 5512 tar,
1804 5437 1835 5499 in

132 5543 408 5621 Paralipomenon,
426 5543 541 5620 quibus
556 5543 631 5604 item
661 5545 770 5620 lassus,
802 5551 858 5620 est,
877 5564 957 5606 nnn·
1014 5567 1077 5628 qua
1119 5546 1213 5607 etiam
1255 5550 1399 5624 apparet,
1446 5541 1600 5623 opuscula
1653 5537 1838 5618 Hieronymi

131 5658 227 5721 qnam
243 5640 323 5702 sein
339 5639 454 5703 divinis
477 5640 693 5704 voluminibus
720 5642 858 5724 propriis
885 5644 959 5706 viri·
1015 5647 1218 5709 uehementer
1233 5641 1388 5724 postulari
1402 5641 1442 5702 ab
1459 5657 1507 5710 eo,
1524 5639 1581 5723 qui
1608 5656 1682 5703 cum
1710 5635 1840 5698 Daniele

296 5782 427 5848 Prason.
449 5781 586 5848 11111111.
1654 5786 1672 5843 ‘t
