3878 6150
106 273 166 331 489
761 271 868 335 trube
886 275 1171 333 obumouolur.
1766 280 1820 337 490

108 406 245 473 tamum,
257 418 336 461 enno
353 402 537 461 decimarum
550 402 649 475 tertio,
676 401 761 460 dabie
776 402 890 470 Levitae,
906 406 936 459 et
950 402 977 470 Α
992 401 1063 458 min.
1080 403 1116 460 ltt
1131 420 1146 459 e
1161 403 1280 476 regione
1295 403 1344 460 isti
1354 403 1476 460 stabunt
1486 403 1523 460 ad
1540 404 1775 462 maledicendum
1787 408 1817 462 in

109 490 243 560 advene,
263 495 293 549 et
316 489 430 565 pupillo
454 494 483 548 et
505 491 613 559 vidue,
629 494 662 547 ut
687 491 842 548 comedant
862 490 941 546 intra
997 496 1095 549 monte
1110 492 1218 549 Debai:
1236 493 1349 558 liuban,
1366 492 1438 560 Gad,
1454 497 1484 549 et
1496 497 1578 564 Aser,
1590 493 1730 564 Zabulon,
1742 496 1818 565 Dan,

109 583 215 653 portas
228 584 556 650 tueatsatnrantur:
572 579 940 653 loquerisqusinconspa·
995 584 1025 636 et
1050 580 1197 652 Nspbtali.
1225 583 1264 654 [D.
1287 581 1392 653 exul]
1418 582 1453 637 lit
1476 583 1709 653 pronuntiabunt
1736 583 1817 639 bevi-

108 670 162 727 stu
175 668 297 727 Domini
306 668 357 727 Dei
372 669 415 726 tui
427 685 435 726 r
449 668 656 741 Abstuliquod
666 668 885 726 sanctificatum
896 670 941 723 est
995 673 1041 736 te,
1058 671 1213 739 dicentque
1228 670 1264 727 ad
1280 687 1383 727 omnes
1398 671 1474 727 viros
1489 670 1578 727 lsrael
1600 670 1714 728 excelsa
1728 688 1817 729 voce:

109 756 251 815 dedomo
265 773 342 830 mea,
357 758 467 815 etdedi
483 757 556 814 illud
573 758 675 814 levite
699 762 729 815 et
752 757 879 824 advene,
889 772 942 829 pu·
996 758 1037 830 [D.
1054 758 1202 832 cxxiiii]
1230 759 1400 816 Maledictus
1415 759 1503 816 borno
1529 759 1582 832 qui
1597 760 1667 817 lectt
1681 761 1819 833 sculptile

110 846 186 919 pibo
200 863 236 905 aa
250 846 358 919 vidue,
383 846 462 905 siout
479 846 599 919 jussisti
615 846 706 917 mini;
722 863 782 905 non
797 845 940 919 preterivi
993 847 1446 913 etcuntlutilc,abominationem
1456 848 1817 922 Domini,opusmanuum

110 938 258 995 mandata
270 941 335 1006 tue,
357 952 411 995 nee
424 952 492 995 eum
507 935 617 993 oblitus
635 936 752 1010 imperii
767 936 857 1008 [Vutp.
872 933 939 991 add.
994 936 1154 1002 artillcum,
1165 942 1311 1009 ponetque
1326 936 1398 993 illud
1410 938 1440 993 in
1452 936 1633 995 abscondito.
1651 937 1684 994 ut
1694 953 1818 1012 respon·

108 1025 179 1096 tuil.
195 1025 259 1082 Mon
274 1025 391 1084 mmedi
405 1042 441 1084 ex
451 1025 499 1082 bis
512 1023 543 1082 in
558 1024 640 1084 luetu
656 1040 734 1095 meo,
753 1041 806 1082 nec
820 1040 940 1098 separa·
994 1025 1076 1082 debit
1089 1026 1185 1083 omnis
1201 1027 1339 1099 populus,
1354 1031 1383 1083 et
1398 1026 1494 1084 dicet:
1518 1029 1625 1085 Amen.
1645 1027 1818 1086 Maledictus

109 1113 138 1171 vi
153 1131 189 1171 ea
202 1115 233 1173 iu
248 1115 380 1188 quelibet
402 1115 603 1185 immunditia,
627 1132 681 1173 nee
701 1114 874 1188 aspendios
893 1113 941 1171 bis
994 1114 1117 1186 quinon
1134 1115 1304 1172 bonuridcet
1328 1120 1441 1188 patrem
1458 1133 1557 1185 suum,
1580 1121 1609 1173 et
1632 1121 1767 1174 matrem.
1782 1117 1819 1174 lit

108 1203 277 1278 quidquem
292 1205 322 1262 in
338 1221 368 1263 re
393 1204 518 1263 funebri.
534 1204 656 1261 obedivi
679 1205 742 1261 voci
760 1203 874 1261 Domini
888 1202 939 1260 Dei
993 1203 1070 1260 dicet
1083 1203 1179 1261 omnis
1195 1204 1339 1276 populus:
1355 1207 1458 1262 Amen.
1474 1205 1647 1263 Maledictus
1658 1206 1709 1278 qui
1724 1209 1820 1263 treus·

109 1292 182 1363 mei,
197 1296 228 1351 at
249 1293 304 1352 ieci
320 1293 420 1352 omnia
442 1294 520 1352 siout
533 1292 697 1367 precepisti
712 1293 797 1351 mibi.
819 1292 940 1365 Respice
994 1292 1048 1348 iart
1062 1292 1204 1350 terminos
1219 1293 1343 1367 proximi
1358 1293 1416 1351 sui.
1433 1293 1466 1350 let
1480 1295 1665 1352 dicetumnie
1680 1295 1816 1369 populus:

110 1383 147 1440 de
168 1384 339 1442 sanctuario
352 1388 416 1450 tuo,
438 1388 468 1440 st
481 1384 518 1440 de
532 1382 645 1441 excelso
660 1383 800 1440 caelorum
824 1382 939 1439 babita-
992 1383 1093 1438 Amen.
1107 1381 1280 1440 Maledictus
1289 1383 1340 1456 qui
1353 1399 1450 1441 errare
1462 1383 1531 1441 lacit
1541 1400 1650 1442 cecum
1660 1385 1690 1442 in
1702 1384 1817 1443 itinere.

109 1469 189 1539 culo,
207 1475 237 1528 et
256 1472 380 1530 benedic
392 1471 500 1546 populo
516 1475 567 1529 tuo
591 1471 691 1545 isreel,
707 1474 737 1529 et
749 1475 833 1529 terre
848 1484 939 1543 quam
994 1470 1028 1526 lit
1051 1471 1128 1528 diost
1147 1472 1244 1529 omnis
1268 1473 1413 1547 populus:
1439 1477 1541 1531 Amen.
1570 1473 1744 1531 Maledictus
1766 1474 1818 1547 qui

108 1560 223 1618 dedisti
242 1562 338 1632 nobis,
356 1561 549 1632 sioutJuresti
571 1560 705 1633 patribus
720 1559 841 1631 nostris,
856 1564 939 1616 terre
993 1560 1130 1631 pervertit
1146 1561 1294 1632 judicium
1321 1564 1449 1634 advenas,
1479 1563 1584 1637 pupilli
1603 1567 1632 1620 et
1652 1563 1761 1623 vidue.
1781 1563 1818 1620 bt

107 1647 334 1707 lecteetmelte
354 1649 938 1707 mananti.nodiaDcminusocuatuas
993 1649 1070 1706 dicet
1104 1651 1202 1707 omnis
1230 1650 1381 1724 populus:
1410 1654 1513 1709 Arnen.
1554 1652 1728 1711 Maledictus
1765 1652 1817 1727 qui
1899 1660 1902 1665 '

109 1739 251 1811 precepit
264 1738 330 1810 tibi,
342 1744 377 1796 ut
386 1739 477 1796 iacias
490 1738 630 1795 mandate
639 1737 702 1795 baec
715 1742 803 1810 atque
813 1737 938 1808 judicia;
993 1738 1101 1795 dormit
1124 1754 1191 1795 cum
1217 1756 1307 1797 uxore
1336 1741 1428 1814 patris
1451 1741 1511 1809 sui,
1535 1746 1565 1799 et
1587 1741 1697 1799 revelet
1719 1742 1816 1815 operi-

109 1832 139 1884 et
154 1826 307 1885 custodies
328 1834 357 1884 et
382 1827 505 1900 impleas
520 1843 555 1884 sa
582 1832 643 1886 toto
666 1826 752 1885 corde
767 1831 827 1892 tuo,
850 1830 880 1882 et
903 1842 938 1883 ex
992 1832 1121 1884 nantum
1145 1827 1244 1885 lectuli
1270 1830 1344 1900 cius.
1373 1831 1408 1887 lit
1435 1830 1512 1888 diuet
1539 1831 1637 1889 omnis
1661 1833 1815 1905 populuet

108 1920 171 1974 tote
185 1915 363 1975 animatus.
385 1916 429 1989 [B.
451 1916 565 1989 cxxi]
581 1916 737 1973 Dominum
751 1914 866 1989 elegisti
884 1915 938 1971 bo·
992 1921 1097 1974 Amen.
1116 1917 1288 1975 Maledictus
1303 1919 1353 1991 qui
1369 1920 1479 1977 dormit
1492 1937 1560 1978 oum
1575 1922 1654 1979 omni
1665 1921 1814 1994 jumento.

109 2005 167 2075 dis,
182 2004 273 2063 nteit
296 2006 350 2063 tibi
373 2011 463 2078 Deus,
488 2010 516 2062 et
531 2006 665 2064 ambules
685 2007 713 2062 in
728 2006 786 2062 viis
809 2007 884 2079 ejus,
908 2010 937 2062 et
992 2006 1027 2063 let
1049 2006 1126 2063 dicet
1153 2007 1250 2064 omnis
1266 2008 1413 2080 populus:
1438 2012 1541 2067 Amen.
1569 2009 1741 2067 Maledictus
1762 2011 1819 2082 qui

108 2095 262 2153 custodies
277 2095 465 2153 ceremonias
480 2094 571 2164 illins,
587 2100 616 2152 et
635 2096 773 2153 mandate
788 2100 876 2168 etque
887 2095 937 2166 Ju-
991 2096 1101 2153 dormit
1115 2111 1184 2152 eum
1198 2112 1298 2153 sorore
1314 2114 1378 2168 sua,
1394 2097 1455 2153 illia
1470 2099 1562 2171 patris
1579 2099 1637 2169 sui,
1651 2099 1694 2156 vel
1710 2098 1815 2156 matris

108 2183 197 2255 dicia,
213 2188 243 2242 et
257 2182 377 2242 obedias
392 2185 457 2258 ejus
472 2184 606 2258 imperio.
633 2186 667 2242 ltt
689 2186 833 2243 Dominus
849 2184 937 2259 elegit
991 2202 1063 2244 sue.
1083 2186 1118 2240 lit
1132 2185 1209 2242 diuet
1226 2185 1323 2242 omnis
1339 2187 1488 2260 populus:
1511 2193 1619 2246 Amen.
1643 2187 1817 2245 Maledictus

109 2276 136 2330 te
150 2272 254 2344 bodie,
268 2277 302 2330 ut
314 2272 356 2330 ais
371 2274 397 2330 ei
412 2272 537 2347 populus
552 2272 719 2345 peculiaris,
729 2274 807 2330 sicut
821 2273 937 2330 locutus
991 2275 1041 2345 sui
1057 2273 1165 2331 dormit
1179 2291 1245 2331 cum
1262 2290 1346 2331 socru
1362 2292 1416 2333 sua
1430 2276 1471 2349 [b.
1495 2293 1564 2333 cum
1587 2293 1686 2345 socru,
1701 2277 1751 2334 boe
1764 2279 1817 2347 est,

110 2368 153 2418 est
178 2361 245 2431 tibi,
269 2365 299 2419 et
326 2362 476 2420 custodies
502 2362 603 2420 omnia
626 2366 771 2435 precepta
797 2363 880 2434 ejus;
907 2365 938 2418 st
990 2367 1114 2434 cognata
1141 2364 1217 2434 sual.
1248 2364 1284 2419 lit
1307 2365 1383 2421 dicet
1415 2364 1512 2422 omnis
1541 2365 1686 2441 populus:
1711 2367 1816 2424 Amen.

109 2450 199 2508 iaciat
213 2454 243 2507 te
257 2450 444 2508 excelsiorem
460 2451 575 2508 eunctis
590 2450 729 2524 gentibus
743 2467 817 2523 quas
829 2450 938 2508 creavit
990 2453 1164 2511 Maledictus
1179 2453 1230 2524 qui
1247 2453 1322 2510 clam
1339 2457 1517 2528 percusserit
1531 2457 1699 2529 proximum
1716 2473 1816 2516 suum.

110 2537 139 2595 in
153 2537 289 2611 leudem,
304 2542 333 2596 et
349 2554 468 2606 nomeu,
483 2543 513 2596 ot
523 2538 649 2612 gloriam
663 2556 743 2597 saum
758 2539 798 2607 [b.
815 2556 872 2596 nun
888 2538 937 2595 ba·
991 2543 1024 2597 ltt
1039 2541 1118 2597 dicet
1131 2542 1228 2597 omnis
1245 2542 1387 2616 populus:
1404 2546 1511 2602 Arnen.
1525 2545 1697 2602 Maledictus
1707 2546 1757 2618 qui
1769 2561 1818 2603 ac·
1924 2580 1928 2591 ·

110 2627 190 2702 bet];
217 2632 247 2685 et
268 2633 302 2685 ut
327 2628 369 2686 sie
393 2628 519 2701 populus
542 2635 664 2686 sanctus
684 2628 801 2687 Domini
815 2629 866 2685 Dei
882 2629 937 2697 lul,
991 2631 1062 2703 cipit
1079 2636 1257 2700 munera,ut
1273 2632 1818 2707 percutiatanimamsanguinisinuo·

111 2717 186 2774 dent
200 2716 321 2775 locutus
336 2722 391 2776 sat.
413 2717 552 2790 Precepit
566 2722 665 2776 autem
687 2724 784 2776 Moses
798 2722 827 2775 et
841 2717 937 2775 senio·
990 2719 1095 2777 centis.
1110 2723 1144 2775 st
1158 2720 1235 2776 dicet
1250 2720 1347 2777 omnis
1366 2721 1510 2794 populus:
1527 2725 1629 2779 Amen.
1644 2721 1818 2780 Maledictus

111 2822 154 2864 res
168 2804 264 2865 Israel
279 2807 398 2880 populu,
423 2807 571 2865 dieentes:
587 2807 739 2866 custodita
753 2823 840 2864 omne
853 2823 937 2864 man·
992 2808 1109 2882 quinon
1120 2809 1696 2884 permanetiusermonibuslsgisbujus,
1706 2826 1819 2868 uersos

111 2895 215 2953 datum
229 2895 309 2967 quod
324 2894 460 2967 precipio
475 2895 559 2953 vobis
573 2895 670 2952 bodie.
991 2914 1078 2971 opere
1092 2898 1215 2970 perficit.
1232 2901 1267 2953 Et
1281 2898 1358 2955 dicet
1373 2902 1471 2956 omnis
1486 2899 1631 2972 populus:
1648 2904 1738 2958 Amen
1751 2901 1772 2954 ¹.

143 2995 190 3069 [Τ.
208 2993 273 3063 XV,
285 2994 318 3051 B.
330 2994 456 3062 CXXXI,
472 2994 538 3068 Cup.
553 2994 676 3066 XXVll.]
692 2995 824 3067 Cumque
839 2999 939 3052 trans·
1028 2987 1070 3061 [D.
1087 2988 1239 3053 CXXXlll,
1254 2987 1284 3044 G.
1300 2990 1410 3054 Dilbll,
1434 2989 1500 3062 Cup.
1517 2989 1652 3061 llllVlll.]
1673 2989 1704 3046 Si
1720 2992 1819 3046 autem

110 3083 205 3141 ieritis
225 3083 385 3141 ,terdenam
401 3083 431 3140 in
447 3088 567 3153 terram,
583 3101 672 3157 quam
691 3084 836 3142 Dominus
859 3085 936 3141 Daue
991 3077 1228 3134 audierisvocem
1238 3076 1353 3133 Domini
1361 3077 1411 3134 Dei
1421 3079 1476 3146 tui,
1488 3079 1713 3152 uttaciasatque
1721 3080 1819 3135 custo·

111 3176 179 3230 tuus
193 3172 280 3230 debit
305 3172 371 3243 tibi,
395 3171 490 3245 eriges
507 3172 642 3246 ingentes
665 3171 789 3246 lapides,
805 3177 835 3230 et
858 3173 936 3230 calae
951 3147 974 3217 c
992 3165 1057 3223 diet
1067 3163 1167 3221 ⁰¹11nil
1177 3165 1316 3221 mtssdflit
1328 3165 1403 3238 ⁸1⁰⁸,
1415 3181 1477 3238 (1⁰⁸³
1488 3182 1541 3240 28⁰
1552 3167 1687 3240 l¹l⁴1³⁰illio
1698 3165 1752 3223 fibi
1763 3165 1820 3223 Ἀθ·

108 3260 258 3335 rovigne.
274 3277 335 3329 ωε,
350 3265 384 3319 us
396 3261 495 3335 posci„
508 3260 538 3317 tn
553 3261 597 3319 eis
611 3261 724 3319 seihero
737 3261 836 3318 omnia
850 3262 937 3318 verba
991 3253 1048 3324 dis,
1060 3253 1180 3310 laciette
1189 3253 1329 3311 Dominus
1339 3253 1417 3311 Deus
1427 3260 1497 3312 tuus
1506 3256 1695 3313 excelsiorem
1705 3253 1820 3312 cunctis

108 3349 180 3425 lagi„
192 3350 286 3421 hujus
297 3350 339 3422 [b.
356 3354 385 3407 οι
399 3349 511 3408 acribo„
537 3366 627 3423 anper
649 3367 699 3409 θος
727 3351 828 3409 omnia
849 3352 937 3409 verba
989 3343 1138 3416 gentibus,
1153 3358 1217 3414 que
1232 3348 1386 3400 versantur
1399 3343 1429 3401 in
1444 3344 1717 3417 terra.Venisntque
1730 3358 1821 3417 super

107 3438 179 3514 [ψ
192 3439 310 3513 huij
324 3439 452 3496 gordum,
466 3439 660 3497 ammisso:
687 3445 721 3497 ut
736 3440 864 3498 introcas
879 3445 937 3496 ter.
990 3435 1019 3487 te
1034 3431 1177 3487 universe
1193 3431 1413 3489 benedictiones
1423 3432 1496 3500 iste,
1507 3438 1537 3491 et
1547 3434 1818 3507 apprehendentis:

108 3545 183 3601 nm,
200 3544 293 3602 qnam
307 3527 450 3586 Dominus
464 3533 543 3586 neus
557 3534 628 3586 tuuc
644 3528 734 3600 dabit,
760 3529 812 3586 tibi
829 3532 937 3587 terram
991 3521 1822 3594 sitamenpreceptaeJ'usaudierisbsnedictustuincivi-

109 3616 183 3675 lacte
198 3621 231 3674 ct
255 3616 343 3675 melle
367 3622 548 3688 mensutam,
572 3618 649 3676 sicut
668 3618 780 3690 Juravit
803 3619 937 3691 patribus
991 3613 1061 3680 tate,
1074 3610 1247 3667 benedictus
1257 3611 1286 3666 in
1298 3627 1379 3684 agro.
1396 3613 1573 3671 benedictus
1585 3614 1700 3670 tructus
1710 3611 1821 3669 ventris

111 3707 181 3766 tuis.
207 3706 332 3775 Quando
355 3722 425 3780 ergo
448 3706 625 3765 transieritis
647 3708 819 3775 terdenam,
834 3706 938 3780 erigite
991 3701 1823 3774 tui,etlruelusterretues,fructusqusJumentorumtuo·

111 3796 235 3871 lapidee,
258 3812 335 3869 qnos
347 3812 401 3870 ego
423 3796 509 3854 bodie
524 3796 658 3870 precipio
674 3796 766 3866 vobis,
791 3797 821 3853 in
837 3800 937 3853 monta
990 3789 1821 3860 rum,gregeaarmentorumtuorumetcauleoviumtue,

111 3883 215 3954 Debai,
239 3889 269 3942 et
292 3883 442 3958 levigabis
469 3901 519 3942 eos
548 3885 636 3957 calce,
661 3889 690 3942 et
713 3885 871 3942 edificabis
894 3884 936 3941 rbi
990 3876 1822 3950 rum.Denediutaborreatua‚etbencdictereliquietue,

112 3972 204 4029 altere
218 3971 345 4029 Domino
357 3976 418 4029 Deo
432 3977 494 4042 tuo,
510 3974 547 4029 de
560 3970 709 4044 lapidibus
734 3988 809 4044 quos
824 3972 936 4029 ferrum
990 3966 1167 4024 Benedictus
1179 3966 1238 4022 eris
1252 3966 1459 4040 etingrediens
1471 3966 1821 4039 etsgrcdiensDabitDo·
1933 4034 1936 4039 Ι

112 4077 169 4119 non
183 4059 295 4135 tetigit,
311 4068 339 4118 et
349 4061 384 4117 de
399 4060 478 4119 saxis
494 4061 672 4119 informibus
692 4065 721 4118 et
736 4060 892 4134 impolitis,
908 4063 938 4117 ct
991 4056 1090 4112 minus
1105 4054 1241 4111 inimicos
1253 4059 1332 4122 tuos,
1344 4055 1392 4128 qui
1410 4060 1595 4128 consurgunt
1611 4056 1768 4113 adversum
1781 4058 1823 4128 te,

112 4151 217 4208 oderes
239 4164 331 4224 super
350 4166 384 4207 eo
405 4149 576 4208 boloceuete
597 4150 723 4208 Domino
746 4155 805 4207 Deo
820 4157 881 4220 tuo,
909 4153 940 4206 et
992 4149 1161 4202 corruentes
1171 4143 1199 4199 in
1213 4147 1372 4216 conspectu
1384 4148 1445 4201 tuo:
1458 4162 1510 4218 per
1522 4161 1612 4202 unum
1620 4144 1824 4203 viemvsnieut

112 4237 282 4297 immolabis
307 4237 421 4295 bosties
448 4238 597 4313 pacificas,
624 4238 816 4311 comedesque
836 4238 888 4307 ibi,
912 4240 942 4293 st
994 4236 1145 4303 contrata,
1157 4236 1186 4288 et
1201 4248 1251 4304 per
1266 4236 1378 4305 septem
1396 4234 1509 4306 tugiunt
1523 4251 1540 4290 s
1555 4234 1628 4291 lacis
1643 4239 1708 4291 tua.
1718 4233 1826 4291 Emitte

115 4326 285 4402 epulaberis
298 4343 398 4384 coram
412 4328 537 4385 Domino
552 4332 609 4385 Deo
626 4331 686 4385 tuo.
713 4327 747 4384 ltt
760 4327 872 4385 scribes
888 4343 942 4383 au·
997 4320 1383 4380 Dominusbensdictiunem
1396 4322 1613 4396 supercellaria
1623 4326 1686 4395 tua,
1698 4326 1727 4380 et
1737 4339 1827 4396 super

116 4433 167 4491 per
191 4414 308 4489 lapides
322 4415 421 4472 omnia
434 4416 524 4473 verbe
545 4415 619 4489 legis
642 4416 734 4490 buius
750 4415 836 4490 plane
855 4420 885 4473 st
898 4415 944 4473 lu·
998 4410 1099 4468 omnia
1117 4426 1206 4483 opera
1221 4427 1363 4467 manuum
1390 4417 1508 4469 tuarum
1523 4412 1562 4485 [t.
1579 4417 1609 4470 et
1623 4412 1828 4485 superomnia

116 4506 191 4564 side.
216 4504 262 4578 [u.
277 4504 441 4574 cmlii]
469 4505 667 4578 Dixsruntqus
690 4511 785 4563 Moses
800 4508 829 4561 et
848 4520 945 4561 sacer·
960 4522 986 4588 Ι)
1001 4501 1114 4572 adque
1128 4516 1249 4556 manum
1259 4500 1388 4574 miseris]
1401 4502 1631 4575 :benedicetque
1644 4501 1829 4559 tibiinterra

116 4596 201 4654 dotes
211 4592 332 4651 Levitici
342 4594 459 4666 generis
469 4596 505 4652 ed
519 4609 636 4652 omnem
648 4594 798 4652 lsraelem:
811 4594 946 4664 Attouda,
1002 4605 1092 4662 quam
1108 4589 1265 4660 acceperis.
1278 4589 1440 4647 suscitabit
1454 4595 1482 4648 te
1496 4590 1639 4648 Dominus
1657 4590 1714 4647 eibi
1729 4590 1759 4647 in
1776 4607 1831 4665 po·

118 4688 144 4741 et
169 4681 255 4753 endi,
275 4681 386 4741 lsrael:
411 4682 499 4740 bodie
525 4684 622 4742 iectus
636 4700 668 4742 es
688 4683 815 4757 populus
830 4683 947 4753 Domini
1004 4677 1105 4752 pulum
1121 4682 1268 4750 sunctum,
1292 4680 1370 4736 sicut
1389 4680 1500 4751 juravit
1515 4681 1590 4737 tibi:
1615 4680 1640 4737 si
1655 4680 1832 4738 custodieris

119 4772 168 4831 Dei
180 4772 249 4828 tui:
265 4770 370 4829 audies
379 4787 478 4829 vocem
490 4773 555 4844 siue
564 4778 594 4830 st
608 4772 697 4831 iacies
711 4773 949 4844 mandataatque
1004 4766 1265 4824 mendataDomini
1279 4769 1326 4824 Dei
1337 4768 1391 4837 tui,
1403 4776 1430 4824 et
1441 4768 1641 4827 ambulaveris
1651 4769 1681 4826 in
1690 4768 1746 4826 viis
1756 4770 1834 4842 ejus,

117 4860 263 4932 iustitiae,
278 4875 353 4933 ques
374 4876 429 4933 ego
442 4861 578 4934 precipio
599 4861 653 4918 tibi
676 4862 765 4918 bodie
780 4862 878 4935 [ναῖς.
894 4865 948 4918 tac.
1002 4856 1212 4928 Videbuntqus
1225 4873 1328 4914 omncs
1346 4862 1492 4915 terrarum
1506 4860 1607 4932 populi
1632 4860 1711 4931 quod
1728 4874 1834 4916 nomen

121 4948 229 5022 bodiel.
257 4947 300 5021 [C.
324 4948 418 5022 exn]
446 4949 644 5023 Precepitqne
666 4951 762 5007 Moses
792 4950 898 5023 pupulo
919 4950 949 5006 in
1005 4943 1836 5020 Dominiinvocatumsitsuperte,ettimebuntte.bbun·

123 5037 168 5096 (lie
181 5037 247 5107 illo,
264 5036 385 5094 dicens:
409 5037 447 5094 et
461 5038 585 5096 stabunt
598 5041 636 5096 ad
651 5038 882 5096 benedicendum
898 5054 950 5112 pu·
1006 5033 1076 5090 dare
1092 5036 1119 5089 te
1131 5033 1216 5090 lactet
1230 5033 1374 5092 Dominus
1386 5037 1525 5094 omnibus
1536 5038 1634 5107 bonis,
1649 5037 1747 5093 fructu
1759 5034 1834 5092 uteri

126 5128 192 5201 pulo
208 5130 444 5199 supermontem
460 5127 596 5198 Gerizim,
611 5128 740 5185 lundene
754 5128 950 5185 transmisso:
1005 5123 1060 5194 aui,
1071 5128 1101 5179 et
1111 5121 1555 5193 sructuJ'umentorumtuorum,
1567 5127 1836 5182 tructuterretue·

125 5216 252 5287 timeon,
268 5214 349 5289 Levi,
370 5215 475 5290 ludas,
500 5216 645 5290 lassabar,
667 5215 790 5291 ioseph,
806 5222 835 5275 et
849 5217 951 5291 lienis·
1007 5228 1098 5282 quam
1109 5211 1222 5285 juravit
1236 5213 1381 5273 Dominus
1395 5216 1531 5289 patribus
1547 5217 1617 5286 tuis,
1632 5218 1665 5273 ut
1679 5215 1761 5271 daret
1770 5212 1837 5270 tibi.

160 5394 171 5431 ¹
186 5395 227 5452 De
240 5392 522 5466 sarientibuebujus
535 5391 672 5451 versiculi
687 5391 863 5450 lectionibus
875 5389 953 5464 apud
1011 5388 1161 5446 curiosus.
1178 5389 1273 5447 Manu.

133 5464 275 5538 liebreoe,
298 5464 512 5537 Samaritanus,
534 5480 568 5523 ec
596 5464 710 5522 Grecos
736 5464 801 5521 iuss
825 5463 956 5536 disputat
1046 5489 1081 5503 -
1097 5461 1283 5519 Recolendus
1299 5463 1393 5520 denuo
1418 5467 1504 5521 ests.
1521 5467 1607 5520 Pater
1621 5463 1783 5519 Gomment.
1808 5464 1840 5521 in

62 5568 65 5599 ι
133 5535 158 5593 8.
180 5536 290 5596 Dieron
340 5552 378 5596 ne
400 5536 452 5595 lib.
468 5552 490 5593 11
503 5536 669 5596 comment.
686 5536 717 5592 in
730 5535 821 5610 Epist.
838 5536 874 5592 ad
891 5532 954 5592 Gal.
1011 5531 1155 5607 spissae
1179 5534 1274 5591 Galat.
1294 5551 1419 5609 capua,
1442 5536 1564 5610 quudet
1585 5533 1722 5593 Martian.
1740 5534 1839 5609 jubet,

62 5606 64 5617 '
134 5622 196 5684 sap.
209 5624 267 5683 urs
315 5622 402 5670 usse
421 5608 540 5669 anobis
554 5607 707 5668 amandari
722 5607 957 5682 patieturlector

295 5729 428 5794 Dsrsur..
449 5728 584 5793 xxvlll.
1652 5724 1698 5787 bb
