3878 6150
130 256 186 312 515
657 259 688 313 S.
707 256 911 313 sinuosum
930 256 1058 313 Divisa
1074 256 1323 315 siculorum.
1782 260 1840 318 516

129 380 276 450 iordanis,
300 384 374 439 stote
401 380 431 437 in
461 397 504 437 sa.
530 379 665 452 Dixitque
692 379 782 436 iosus
803 380 846 440 ¹ad
875 378 951 435 iiiios
966 382 992 450 Α
1007 378 1154 438 eoaalios
1169 397 1287 453 quoque
1302 380 1457 438 duodecim
1472 380 1841 455 lapiossposoittosusin

15 456 18 465 '
130 470 219 527 lsrael
236 470 242 526 1
258 470 392 528 Accedite
407 470 475 540 buo,
491 476 520 527 et
532 470 632 527 audite
655 470 743 526 verba
769 467 885 526 Domini
900 467 952 525 Dei
1007 471 1104 527 medio
1117 472 1256 528 iordanis
1271 471 1363 541 aivco,
1374 472 1424 528 ubi
1440 476 1585 530 steterunt
1599 475 1838 546 sacerdotes,qni

129 560 228 617 vestri.
240 560 275 616 Iit
289 576 426 616 rursum:
446 560 479 615 in
494 558 559 630 boo,
571 559 639 631 inqu
647 559 680 630 it,
689 558 790 615 scietis
805 560 881 630 quod
897 557 953 630 [b]
1006 560 1164 630 portabant
1178 576 1277 616 aream
1293 561 1430 619 traderis:
1446 563 1607 619 etsuntibi
1619 565 1755 637 usquein
1767 582 1841 637 prai-

130 648 208 706 Deus
232 650 330 705 vivens
355 649 385 706 in
413 649 509 705 medio
532 649 621 706 vestri
645 652 700 717 est,
716 653 745 704 et
758 647 909 720 disperdet
921 646 953 702 in
1006 652 1120 703 sentem
1146 648 1234 705 diem.
1264 649 1437 705 Sacerdotes
1462 658 1570 718 autem,
1600 652 1650 722 qui
1679 654 1841 724 portabant

130 748 287 812 conspectu
313 745 409 797 vestro
432 740 640 808 chananeum,
668 744 697 795 et
723 738 900 808 Hettheum,
923 741 954 793 et
1006 751 1118 803 arcam,
1132 736 1251 793 stabant
1274 736 1303 792 in
1327 737 1463 795 iordanis
1488 740 1598 810 medio,
1622 741 1716 798 donec
1736 741 1840 799 omnia

128 830 258 899 Discum,
286 833 315 887 et
339 829 535 898 pherezeum,
564 829 746 900 Gergeseum
781 841 897 899 quoque
924 830 953 883 et
1006 824 1233 897 complerentur,
1246 842 1310 899 que
1325 829 1424 896 tosus,
1453 829 1718 900 utioqueretnrad
1744 847 1841 904 popu·

129 920 382 989 amorrheum,et
394 918 573 975 Jebusssum.
585 918 666 986 iioce,
678 933 747 973 arca
760 915 877 972 traderis
890 913 951 971 Do·
1004 912 1080 982 luni,
1105 921 1283 988 preceperat
1312 916 1464 986 Dominus,
1481 923 1510 973 et
1533 918 1646 975 dixerat
1669 921 1695 976 ei
1722 918 1838 979 Moses.

129 1008 203 1065 mini
219 1008 316 1065 omnis
331 1013 413 1063 terra
429 1007 580 1064 antecedet
591 1023 641 1062 vos
651 1005 882 1078 pertordanem.
897 1008 952 1061 Pa·
1006 1002 1226 1076 Festinavitque
1242 1005 1369 1077 populus
1383 1010 1413 1062 et
1426 1006 1698 1080 transiit.cumquc
1710 1010 1839 1066 transis·

127 1103 188 1155 rate
199 1098 353 1154 duodecim
365 1097 441 1152 viros
452 1098 488 1152 de
498 1095 633 1152 tribubus
647 1095 746 1163 israel,
758 1093 891 1167 singulos
900 1108 953 1164 par
1005 1096 1071 1147 sent
1086 1107 1200 1164 omnes,
1210 1095 1348 1151 transivit
1366 1100 1396 1152 at
1419 1112 1488 1152 area
1511 1096 1638 1168 Domini,
1652 1098 1839 1155 sacerdotes·

127 1186 262 1260 singulas
275 1185 379 1242 tribus.
397 1186 438 1253 [C.
454 1185 514 1255 Vi]
529 1184 564 1240 iit
578 1199 646 1239 oum
662 1183 814 1256 posuerint
828 1180 952 1255 vestigia
1005 1195 1063 1251 que
1077 1181 1239 1252 pergebant
1253 1187 1321 1239 ante
1336 1183 1489 1256 poputum.
1504 1183 1567 1240 iiiii
1588 1200 1707 1257 quoque
1722 1185 1838 1259 Duben,

26 1276 31 1285 “
128 1277 237 1348 pedum
262 1290 396 1345 suorum,
407 1275 572 1330 sacerdotes
588 1272 638 1345 qui
653 1276 771 1344 portant
785 1288 882 1328 aroam
898 1271 951 1346 pb]
1006 1268 1116 1337 etGad,
1128 1275 1157 1325 et
1167 1269 1396 1328 dimidiatribus
1410 1272 1561 1344 Manasse,
1571 1273 1677 1329 armati
1689 1273 1838 1346 praceda-

126 1364 244 1421 imderis
255 1364 266 1399 ²
278 1362 394 1419 Domini
411 1362 460 1418 Dei
477 1362 619 1419 universae
634 1366 728 1432 terre,
739 1362 768 1416 in
784 1361 869 1433 aquis
884 1360 952 1417 Jor-
1006 1357 1077 1412 bant
1092 1358 1197 1415 iratres
1212 1375 1282 1417 suos
1298 1359 1374 1417 iiiios
1393 1360 1491 1430 israel,
1507 1361 1585 1418 siout
1599 1361 1643 1419 eis
1657 1365 1837 1436 preceperat

127 1453 223 1523 danis,
236 1469 319 1525 aque
342 1469 405 1524 qua
426 1451 578 1507 inferiores
598 1456 677 1519 sunt,
694 1450 850 1506 decurrent
863 1455 952 1522 atque
1006 1445 1102 1503 Moses
1123 1447 1163 1520 [h.
1181 1450 1385 1520 precedebant
1405 1449 1483 1506 [ilios
1508 1451 1609 1520 israel,
1625 1452 1702 1509 sicut
1728 1451 1837 1511 temtus

126 1543 281 1600 deficient:
297 1557 361 1613 quos
373 1546 472 1597 autem
488 1541 613 1611 desuper
622 1540 754 1607 veniunt,
764 1538 795 1594 in
808 1556 865 1594 una
876 1537 952 1595 mole
1004 1539 1046 1591 cat
1059 1535 1097 1591 od
1111 1552 1156 1592 eoa
1176 1536 1269 1593 Dosse.
1295 1538 1495 1612 Quadraginta
1519 1539 1612 1596 miliia
1635 1546 1835 1613 pugnatorum

127 1633 301 1690 consistent.
318 1629 361 1695 [B.
377 1629 424 1703 V.]
439 1629 532 1702 Igitur
554 1644 691 1701 egressus
705 1634 751 1685 est
766 1627 892 1700 populus
915 1627 951 1683 de
1004 1621 1178 1682 incedebant
1193 1642 1292 1683 coram
1307 1627 1451 1697 Dominol.
1468 1628 1510 1699 [D.
1527 1628 1572 1699 it]
1586 1632 1621 1685 st
1634 1631 1836 1703 quadraginta

126 1718 323 1777 tabernaculis
351 1718 415 1774 suis
442 1718 530 1789 [Vatp.
550 1721 604 1772 toc.
627 1716 712 1785 suisl,
728 1721 761 1773 ut
790 1715 952 1772 transirent
965 1757 989 1823 B
1004 1719 1199 1784 pugnatorum
1215 1714 1365 1788 miliiaper
1376 1728 1489 1774 turmas
1502 1724 1649 1775 etcunoos
1659 1719 1835 1778 incedebant

125 1810 282 1867 dordanem
297 1825 304 1863 :
321 1812 350 1863 et
364 1807 542 1873 sacerdotes,
553 1806 601 1877 qui
619 1805 773 1877 portabant
787 1820 886 1861 arcam
902 1804 952 1859 ioe·
1005 1816 1057 1872 per
1072 1802 1159 1871 pians
1174 1807 1263 1876 atque
1276 1805 1455 1876 campestria
1480 1806 1562 1863 urbis
1585 1806 1713 1864 iericho.
1730 1812 1764 1865 in
1786 1808 1833 1867 die

125 1898 213 1964 deris,
225 1897 386 1969 pergebant
399 1900 467 1952 ants
481 1911 559 1951 eum.
572 1894 775 1966 ingressisque
789 1893 832 1950 eis
846 1893 950 1949 Jorda-
1004 1887 1056 1944 iiio
1067 1890 1267 1963 magnificavit
1275 1893 1418 1950 Dominus
1427 1896 1516 1952 toaue
1526 1911 1624 1952 coram
1634 1897 1717 1952 omni
1729 1894 1831 1968 israel,

124 1993 234 2056 nem,et
245 1984 371 2057 pedibus
380 2001 481 2042 eorum
495 1984 595 2040 tinctis
606 1982 636 2039 in
648 1988 729 2056 parte
742 1998 823 2054 aquae
834 1982 950 2053 (dorda
1004 1981 1038 2033 ut
1051 1977 1189 2035 timerent
1203 1996 1283 2049 eum,
1293 1981 1373 2037 siout
1387 1981 1548 2038 timuerant
1563 1983 1676 2054 Mosen,
1687 1984 1761 2041 dum
1776 1984 1829 2042 ad·

123 2076 171 2132 uis
185 2081 285 2132 autern
301 2075 380 2147 ripas
396 2074 468 2129 aivei
482 2072 528 2129 sui
543 2076 674 2144 tempore
689 2071 795 2128 messis
810 2070 949 2142 impleve·
1003 2068 1122 2124 viveret.
1139 2064 1180 2132 [G.
1197 2068 1258 2130 xi]
1274 2069 1410 2143 Dixitque
1425 2072 1461 2127 ad
1477 2087 1544 2128 eum
1563 2090 1570 2128 :
1589 2073 1722 2146 Precipe
1736 2089 1832 2131 sacar·

122 2165 189 2227 rat),
207 2167 355 2219 steterunt
368 2178 452 2233 aquae
466 2161 677 2217 descendentes
701 2159 731 2216 in
756 2176 815 2217 uno
830 2158 904 2227 ioco,
919 2160 950 2214 st
1003 2155 1185 2228 dotibus,qui
1194 2159 1352 2230 portabant
1366 2176 1465 2216 arcam
1482 2161 1599 2218 ioederis
1612 2160 1826 2227 [bliestamem

122 2254 158 2309 ad
175 2255 269 2308 instar
284 2248 946 2323 montisintumescentesapparebantprooui‚
1002 2244 1045 2318 til,
1072 2250 1104 2301 ut
1127 2247 1289 2303 ascendant
1310 2248 1347 2305 de
1370 2249 1507 2306 iordane.
1531 2250 1586 2317 Qui
1612 2251 1751 2323 precepit
1773 2250 1826 2319 eis,

123 2342 161 2397 ab
177 2343 247 2397 urbe
262 2357 326 2413 qua
342 2345 460 2395 vocatur
476 2330 565 2396 idom
590 2354 683 2411 usque
704 2340 740 2396 ad
767 2338 864 2396 iocum
878 2342 948 2394 Sar·
1002 2334 1103 2390 dicens
1120 2350 1127 2389 ι
1143 2336 1300 2392 Ascendite
1315 2337 1350 2392 de
1365 2337 1505 2394 iordane.
1522 2339 1653 2411 Cumque
1677 2340 1829 2397 ascendia·

121 2429 193 2486 than
207 2447 214 2484 :
228 2445 291 2501 que
307 2434 406 2485 autem
423 2429 576 2484 interiores
590 2433 684 2495 arant,
700 2428 730 2484 in
747 2444 828 2485 mare
841 2426 947 2484 Solitu-
1000 2427 1065 2479 sant
1089 2429 1239 2494 portantes
1263 2442 1361 2482 arcam
1386 2426 1504 2483 ioederis
1517 2427 1646 2496 Domini,
1661 2434 1691 2484 et
1715 2429 1825 2486 siccam

121 2518 199 2575 dinis
213 2518 302 2589 (quod
317 2533 396 2573 nunc
411 2524 531 2574 vocatur
543 2517 947 2588 Mortuumt,desoendorunt,
1001 2509 1127 2568 humum
1142 2511 1255 2569 calcare
1270 2513 1436 2587 ooepissent,
1453 2532 1575 2573 reverse
1599 2520 1672 2573 sunt
1694 2532 1778 2589 aquae
1799 2517 1829 2575 in

49 2670 52 2675 .
121 2624 276 2681 usquequo
290 2608 411 2664 omnino
426 2607 594 2664 deficerent.
610 2607 739 2679 Populus
753 2613 852 2664 autem
867 2608 946 2664 inpo-
1001 2599 1115 2657 alveum
1131 2618 1231 2668 suum,
1246 2608 1275 2659 et
1288 2603 1418 2660 tinebant
1426 2607 1581 2663 siontnnte
1597 2611 1827 2664 consueverant.

121 2696 210 2753 debet
225 2700 327 2752 contra
340 2695 477 2752 iericho:
493 2699 522 2751 et
536 2696 713 2764 sacerdotes,
725 2697 775 2768 qui
790 2696 947 2767 portabant
1001 2689 1129 2763 Populus
1153 2697 1250 2748 autem
1274 2694 1407 2750 ascendit
1428 2694 1465 2750 de
1486 2684 1625 2764 iordane,
1640 2695 1758 2753 decima
1779 2696 1828 2753 die

121 2801 218 2842 aream
236 2783 350 2841 ioederis
365 2782 493 2850 Domini,
510 2784 629 2841 stabant
653 2801 742 2857 super
765 2785 872 2841 siccam
889 2783 946 2840 bu·
1000 2779 1088 2851 primi
1116 2779 1239 2847 mensis,
1264 2785 1293 2837 et
1320 2783 1520 2839 castrametati
1548 2784 1672 2843 suntin
1697 2783 1829 2858 Gaigalis

122 2889 204 2930 mum
216 2874 246 2931 in
258 2873 354 2929 medio
364 2872 502 2930 iordanis
512 2872 808 2945 accincti‚omnisque
818 2873 945 2947 populus
1000 2871 1102 2927 contra
1110 2869 1282 2926 orientalem
1295 2870 1412 2943 plagam
1423 2871 1506 2928 urbis
1518 2872 1650 2931 iericho.
1662 2873 1825 2933 Duodecim

119 2968 317 3036 perarantem
333 2961 448 3019 alveum
465 2962 620 3018 transibat.
998 2971 1117 3029 quoquo
1127 2954 1327 3032 iapides,quos
1337 2960 1374 3016 de
1383 2960 1611 3018 Jordaniealveo
1621 2968 1826 3036 sumpserant,

154 3052 198 3122 [D.
214 3051 259 3122 Vi,
280 3050 312 3107 G.
333 3051 396 3122 VH,
423 3050 488 3122 Cap.
513 3052 573 3118 iu]
601 3051 712 3118 Quibus
739 3054 942 3125 transgressis,
999 3045 1096 3116 posuit
1109 3049 1199 3102 tosue
1222 3046 1253 3102 in
1277 3048 1419 3121 Gaigaiis,
1433 3054 1462 3106 et
1476 3049 1549 3106 dixit
1564 3051 1600 3107 ad
1617 3051 1694 3109 tilios
1709 3051 1824 3110 israel:

20 3140 24 3147 '
119 3139 193 3195 dixit
208 3138 509 3196 Dominusediosue:
526 3139 605 3210 Eiige
619 3139 774 3195 duodecim
789 3141 868 3197 viros
882 3126 981 3198 sin-(i
999 3132 1038 3205 [D
1056 3133 1129 3207 xit]
1144 3135 1265 3202 Ouassd0
1290 3136 1531 3210 ississfrosstverisst
1558 3139 1611 3195 filii
1639 3141 1731 3198 miri
1760 3157 1827 3199 cm

118 3226 204 3299 gulos
220 3242 272 3300 por
287 3225 420 3297 singulas
435 3227 530 3282 trihus
547 3241 554 3281 :
570 3231 599 3281 et
615 3227 737 3298 principe
764 3227 817 3300 θὶς,
831 3233 864 3285 ut
886 3229 942 3286 tol.
996 3229 1094 3294 patres
1109 3241 1190 3294 suos,
1205 3230 1235 3281 et
1248 3225 1375 3282 dixerint
1389 3227 1431 3285 eis
1450 3245 1456 3282 :
1473 3229 1548 3294 Quid
1574 3228 1631 3285 sibi
1656 3228 1762 3287 volunt
1776 3230 1826 3288 isti

117 3315 181 3371 tant
195 3316 232 3371 de
248 3315 343 3371 medio
357 3315 497 3372 iordanis
512 3315 602 3386 alveo,
615 3316 664 3372 ubi
680 3322 825 3373 steterunt
844 3334 942 3375 saosr·
995 3311 1131 3383 lapides?
1147 3314 1289 3371 docebitis
1305 3331 1366 3383 cos,
1377 3322 1465 3389 atqua
1481 3318 1607 3376 dicetis:
1623 3318 1678 3379 Per
1692 3326 1826 3378 arentem

116 3404 218 3460 dotum
237 3404 336 3476 pedes,
349 3403 504 3460 duodecim
521 3403 696 3460 durissimos
710 3404 751 3479 [b.
767 3422 826 3462 non
841 3406 941 3475 babet,
995 3399 1110 3457 alveum
1126 3403 1263 3460 transivit
1285 3404 1373 3461 israel
1396 3405 1556 3464 Jordanem
1576 3408 1679 3475 istum,
1695 3410 1827 3467 siccante

116 3490 304 3563 durissimos]
319 3490 445 3564 lapides,
458 3507 532 3564 quos
549 3491 663 3562 ponetis
686 3492 717 3548 in
742 3494 804 3550 ioco
828 3499 941 3551 castro-
994 3488 1118 3546 Domino
1130 3490 1189 3548 Deo
1202 3496 1298 3548 vestro
1309 3509 1402 3565 aquas
1417 3495 1483 3565 ejus
1497 3495 1528 3551 in
1543 3501 1703 3566 conspectu
1713 3502 1826 3565 vestro,

27 3624 31 3635 .
115 3577 940 3652 rumubiiixeritishaonoctetentoria.[C.Vili.]Voca·
994 3578 1644 3657 donsotrsnsiretis:sicutisoeretpriusin
1670 3585 1746 3647 mari
1762 3586 1821 3643 Ru·

113 3667 212 3741 vitque
227 3668 317 3725 iosus
332 3668 486 3725 duodecim
497 3667 585 3737 viros,
597 3685 671 3742 quos
686 3671 814 3742 elegerat
824 3672 859 3728 de
870 3671 940 3729 tiliis
993 3667 1056 3737 bro,
1072 3669 1148 3741 quod
1165 3669 1285 3727 siccavit
1300 3671 1393 3728 donec
1408 3673 1600 3730 transiremus
1619 3690 1627 3732 τ
1652 3679 1686 3731 ut
1708 3675 1827 3733 discant

114 3755 940 3830 israel,singuiosdetribubussinguiis,etoitadeos:lte
992 3772 1096 3814 omnes
1118 3761 1264 3815 terrarum
1290 3759 1390 3832 populi
1419 3761 1610 3819 fortissimam
1625 3762 1744 3821 Domini
1760 3778 1825 3821 ma·

111 3850 181 3902 ante
195 3862 293 3903 arcam
310 3845 425 3902 Domini
440 3845 589 3902 Deivestri
600 3847 636 3902 ad
647 3846 784 3903 iordanis
796 3849 938 3919 medium,
993 3861 1075 3912 nuru,
1091 3850 1120 3902 et
1141 3851 1173 3903 ut
1188 3863 1238 3904 voa
1262 3849 1392 3906 timeatis
1406 3849 1566 3909 Dominum
1581 3851 1674 3909 Deum
1688 3856 1822 3913 vestrum

110 3943 139 3991 et
152 3939 266 4007 portate
283 3934 351 3991 inde
365 3932 475 4007 singuli
489 3933 622 4007 singulos
636 3933 748 4007 lapides
761 3936 791 3992 in
809 3938 939 3997 humeris
992 3934 1071 3990 omni
1090 3941 1233 4008 tempore·

109 4024 481 4095 vestris,J'uxtanumerum
492 4020 623 4080 filiorum
634 4023 937 4100 lsrael,utsitsignum
1027 4028 1067 4092 (Β.
1084 4023 1145 4095 Vll,
1160 4028 1191 4082 C·
1207 4023 1282 4094 XIII,
1295 4029 1363 4100 cap.
1378 4027 1425 4099 V.)
1440 4032 1600 4101 Postquam
1624 4046 1694 4104 ergo
1718 4032 1822 4089 audia-

108 4110 256 4170 intervoe.
269 4116 310 4185 [C.
323 4110 385 4178 1X.]
396 4112 430 4168 Dt
442 4112 812 4185 quandointermgavcrint
822 4132 873 4173 vos
884 4117 937 4174 iiiii
991 4118 1061 4169 runt
1085 4129 1188 4171 omnes
1215 4131 1299 4187 reges
1316 4117 1563 4191 amorrheorum,
1578 4119 1630 4191 qui
1645 4119 1823 4179 babitabant

108 4202 194 4257 vestri
204 4201 419 4257 crasdioeutes:
431 4200 505 4268 Quid
518 4200 573 4257 sibi
585 4200 687 4257 volunt
698 4201 746 4258 isti
758 4202 938 4276 iapidesire-
991 4205 1073 4258 trans
1086 4202 1245 4260 Jordtnsm
1260 4205 1297 4261 sd
1314 4205 1524 4264 occidentalem
1540 4206 1670 4281 plagam,
1678 4213 1708 4266 ct
1721 4208 1823 4268 cuncti

108 4288 292 4361 spondebitis
306 4287 372 4345 eis:
400 4290 572 4344 Deiecerunt
598 4304 683 4360 aque
706 4289 846 4348 Jordanis
869 4299 937 4351 ante
991 4305 1075 4363 reges
1089 4290 1240 4364 Chanasn,
1255 4292 1308 4366 qui
1331 4295 1496 4368 propinqua
1510 4296 1704 4369 possidebant
1720 4296 1823 4372 magni

107 4392 207 4435 arcam
220 4376 336 4433 ioedcris
350 4377 555 4447 Domini,oum
571 4377 711 4434 transiret
725 4395 811 4437 euin:
828 4381 936 4441 idcirco
991 4378 1082 4435 maris
1097 4378 1170 4451 loos,
1184 4381 1262 4453 quod
1279 4380 1422 4439 siccasset
1438 4384 1580 4441 Dominus
1594 4385 1707 4442 Dueuta
1719 4386 1823 4444 Jorda-

108 4466 196 4537 positi
213 4470 282 4522 sunt
298 4463 411 4538 lapides
432 4464 482 4521 isti
507 4465 537 4521 iu
563 4472 790 4525 monumentum
807 4469 935 4527 tiliorum
951 4500 975 4566 D
991 4467 1037 4523 nis
1052 4483 1151 4525 coram
1166 4468 1236 4526 filiis
1251 4470 1339 4527 lsraei
1354 4471 1447 4529 donec
1461 4472 1821 4542 transirent,dissolutum

108 4553 197 4611 lenaei
214 4571 308 4626 usque
322 4555 352 4610 in
367 4559 521 4611 aternum.
535 4553 679 4612 Fecerunt
693 4572 761 4630 ergo
777 4557 832 4613 iiiii
847 4559 936 4617 israel
989 4559 1034 4613 est
1060 4571 1110 4613 cor
1132 4573 1246 4628 eorum,
1271 4561 1301 4615 et
1325 4576 1383 4617 non
1410 4562 1553 4618 remansit
1575 4561 1606 4619 in
1629 4562 1673 4620 sis
1696 4563 1823 4638 spiritua

74 4677 78 4683 -
107 4642 186 4700 sicut
200 4643 243 4699 eis
258 4642 397 4713 praeoepit
415 4642 515 4711 Josue,
532 4647 684 4714 portantes
699 4645 736 4701 de
751 4646 847 4703 medio
870 4652 936 4705 Jor·
988 4644 1155 4702 timentium
1171 4645 1325 4705 introitum
1337 4648 1466 4706 tiliorum
1479 4651 1629 4722 teroem,
1636 4651 1686 4719 111,
1697 4651 1731 4711 B.
1743 4651 1821 4724 vni,

107 4731 285 4789 danisaiveo
299 4731 455 4788 duodecim
472 4730 594 4804 lapides,
612 4738 644 4789 ut
666 4732 692 4789 ei
716 4732 861 4793 Dominus
880 4738 935 4795 im·
989 4736 1019 4790 C.
1035 4732 1119 4791 XIV.)
1142 4733 1181 4791 Ec
1207 4739 1339 4809 tempore
1355 4737 1395 4794 ait
1408 4741 1554 4796 Dominus
1568 4739 1604 4796 ad
1618 4741 1709 4798 Josue
1729 4756 1737 4798 t
1765 4740 1821 4799 Fac

107 4825 237 4893 perorat,
248 4822 334 4893 juxta
348 4835 507 4877 numerum
522 4819 651 4878 tiliorum
671 4821 771 4890 Israel,
788 4840 882 4897 usque
897 4827 934 4883 ad
988 4822 1043 4879 tibi
1058 4821 1169 4880 cultros
1184 4824 1327 4898 lapideos,
1342 4832 1372 4884 et
1385 4827 1565 4887 circumcide
1585 4830 1718 4888 secundo
1740 4830 1818 4889 iiiios

107 4905 217 4981 locum,
229 4910 259 4966 in
275 4926 333 4982 quo
348 4910 547 4967 castrametati
562 4916 641 4980 sunt,
658 4910 758 4984 ibique
773 4920 936 4986 posuerunt
989 4912 1089 4970 israel.
1116 4913 1157 4976 (G.
1178 4914 1250 4978 XV.)
1266 4915 1345 4974 Fecit
1368 4919 1447 4991 quod
1468 4918 1596 4991 jusserat
1617 4920 1774 4994 Dominus,
1789 4924 1821 4977 et

145 5069 157 5105 ¹
170 5070 372 5153 Septuaginta,
386 5069 486 5126 Canon
508 5072 538 5126 et
559 5070 707 5156 interpres
718 5074 812 5130 arabs
827 5074 936 5134 babent
989 5081 1019 5138 in
1030 5083 1160 5140 Hebraeis
1174 5085 1253 5141 enim
1269 5087 1486 5161 exemplaribus
1499 5094 1529 5146 et
1543 5090 1573 5148 in
1588 5090 1696 5150 Graecis
1710 5108 1819 5150 nomen

107 5141 230 5199 verbum
245 5143 375 5213 tuderto:
393 5142 470 5214 quod
487 5144 586 5199 tamen
600 5143 685 5200 abest
699 5160 730 5200 in
746 5145 864 5204 Debreo
879 5148 934 5206 bo·
988 5155 1113 5219 Jertcbo,
1128 5172 1186 5212 non
1214 5157 1343 5215 terdone
1371 5160 1549 5219 invenimus.
1566 5163 1678 5220 Sensus
1700 5179 1819 5236 quoquc

109 5214 300 5297 diernoetin
317 5214 510 5297 Samaritano.
526 5217 617 5270 Danu.
719 5286 725 5299 ι
775 5286 781 5298 ι
989 5226 1144 5282 obscurior
1158 5227 1241 5284 tieret
1251 5228 1280 5286 in
1295 5229 1456 5304 Scriptura,
1468 5233 1494 5289 si
1505 5234 1626 5292 Latinos
1640 5235 1820 5295 codicesss·

144 5316 179 5326 -
193 5284 270 5341 Nuili
282 5302 298 5341 e
309 5294 417 5342 nostris
432 5301 611 5343 mss.vocam
626 5284 737 5357 soedersa
753 5285 799 5342 hic
815 5285 934 5360 babent,
989 5312 1160 5369 queremur.
1177 5299 1272 5357 Maior.

7 5348 13 5361 '
108 5371 196 5426 quam
212 5374 265 5413 neo
279 5358 420 5413 Hebraeus
444 5356 506 5428 ipsa
532 5362 629 5413 textus
650 5359 793 5428 agnoscit.
811 5359 933 5420 Palatia.
1024 5368 1349 5442 -iieiragenturmss
1361 5389 1543 5433 omnesoum
1556 5377 1820 5449 nostri,tumqoos

109 5433 248 5500 praterea
262 5427 454 5501 portabuntin
470 5430 568 5485 tuturo
583 5427 654 5500 legit
670 5444 720 5511 pro
734 5438 853 5500 portant.
990 5438 1126 5498 Martiae.
1139 5442 1297 5512 consuluit,
1309 5444 1360 5516 qui
1372 5446 1434 5518 pari
1444 5462 1590 5506 consensu
1601 5449 1820 5507 babentcoatra

144 5498 255 5580 ''Hanc
279 5499 436 5582 lectionem
461 5505 575 5555 mutare
596 5499 758 5571 notuimus,
783 5503 837 5558 etsi
860 5520 933 5565 mas.
987 5510 1164 5569 Iordanem:
1190 5516 1268 5586 quod
1292 5520 1392 5575 tamen
1407 5518 1572 5579 scribarum
1587 5520 1752 5579 oscitantia
1765 5518 1821 5577 tri·

109 5570 225 5629 codices
240 5572 378 5629 undecim
394 5569 494 5644 legant
514 5584 616 5628 omnes
636 5576 733 5631 contro
754 5575 935 5641 tororum.-
989 5582 1076 5641 boas.
