3870 6120
112 266 173 324 2ae
827 266 937 324 uenit
953 266 1118 324 densete
1772 272 1827 331 2&

115 395 208 460 Desa,
224 392 349 463 eoquod
374 392 411 447 de
431 389 635 448 venationibus
658 390 739 449 iilius
753 396 921 449 vesceretur
935 409 943 460 ;
958 408 984 474 Α
999 395 1133 464 taretque
1147 391 1208 448 ibi:
1235 408 1410 465 rursumque
1432 395 1505 453 lodit
1529 396 1602 455 alios
1617 403 1732 473 puteos,
1748 416 1823 474 quos

112 490 143 543 et
160 484 295 541 Rebecca
319 480 461 554 diligebat
485 480 586 538 Jacob.
613 481 656 554 [D.
684 480 776 554 xqu
798 481 882 538 Coxit
897 498 948 538 au·
1003 482 1137 537 foderant
1162 482 1236 537 servi
1263 484 1354 554 patris
1379 484 1425 540 sui
1449 486 1608 558 Abrabam,
1634 499 1662 545 ct
1677 507 1763 564 quos,
1778 491 1828 550 illo
1920 540 1923 547 .

118 578 180 631 tern
204 572 297 631 Jacob
326 569 523 644 pulmentum,
544 572 579 627 ad
611 587 699 644 quem
727 588 794 627 cum
824 571 951 627 venisset
1005 571 1218 637 mortuo„olim
1243 572 1450 629 obstruxerant
1474 575 1674 648 Philisthiim3
1695 580 1827 653 appella-

117 663 195 720 Dsau
214 663 251 719 de
266 678 336 735 agro
351 660 462 728 lessus,
475 659 534 717 ait:
552 660 593 717 Da
609 661 681 716 milri
698 662 733 717 do
748 662 880 717 coctione
895 659 951 717 bao
1004 661 1102 731 vitque
1114 676 1163 716 eos
1174 659 1279 717 iisdem
1292 663 1461 720 nominibus
1475 666 1584 738 quibus
1597 673 1666 725 ante
1681 678 1765 742 pater
1777 688 1828 729 vo·

118 752 288 825 ruis,qnia
311 751 418 823 oppido
444 751 541 808 lassus
568 768 645 807 sum.
671 752 950 817 Quamobcausam
1004 755 1129 807 caverat.
1162 751 1365 823 foderuntque
1393 753 1423 808 in
1452 756 1580 812 torrente
1601 761 1630 812 et
1655 765 1856 833 repererunt,

121 848 263 899 uocatum
289 845 456 896 estnomen
486 840 949 912 ejusEdom.tinidixitlncob:
1005 855 1112 911 aquam
1141 839 1245 895 vivam.
1263 841 1318 896 Sed
1343 847 1372 897 et
1387 841 1425 897 ibi
1445 843 1579 915 jurgium
1595 847 1651 902 luit
1674 854 1825 920 pastorum

116 932 222 989 Vende
239 929 312 987 rnihi
337 931 531 1002 primogenita
551 935 613 986 tua.
640 930 688 987 ille
713 931 887 1003 respondit:
911 930 950 985 liu
1005 928 1118 984 Gersrae
1142 930 1296 985 advorsum
1315 935 1447 1002 pastores
1470 932 1560 1003 isaac,
1583 934 1755 1005 dicentium,
1770 942 1828 996 No·
1910 922 1913 927 ¹

118 1020 245 1083 morior,
259 1018 329 1092 qnid
348 1019 420 1077 mihi
438 1020 597 1091 proderunt
609 1020 887 1093 primogenita‘ldit
900 1020 951 1076 la·
1006 1024 1067 1074 stra
1088 1024 1132 1074 est
1146 1036 1233 1091 aqua.
1260 1020 1352 1083 Duum
1378 1024 1413 1076 ob
1435 1037 1495 1078 rem
1521 1040 1626 1080 nornen
1652 1027 1729 1097 putei
1745 1043 1779 1085 ex
1794 1043 1828 1086 en

116 1110 193 1167 cob:
219 1109 297 1167 Jurn
320 1125 387 1181 ergo
412 1109 497 1165 mihi.
521 1109 633 1168 iuravit
647 1110 754 1176 Esau¹,
777 1117 806 1166 ct
821 1109 953 1165 vendidit
1007 1108 1083 1179 quod
1109 1110 1264 1175 acciderat,
1289 1110 1400 1166 uocauit
1421 1110 1616 1170 Calumniam.
1638 1113 1787 1173 Foderunt
1801 1121 1831 1174 et

118 1199 332 1274 primogenita.
347 1198 383 1255 lit
397 1198 440 1255 sio
455 1203 575 1271 eccepto
600 1215 675 1271 pane
696 1203 726 1256 et
740 1198 828 1254 lentis
843 1197 952 1265 edulio,
1007 1197 1110 1262 alium,
1126 1202 1154 1253 et
1169 1215 1221 1269 pro
1244 1197 1295 1254 ilio
1315 1216 1432 1271 quoque
1453 1200 1538 1257 rixati
1560 1206 1639 1272 sunt,
1657 1203 1831 1277 appellavit·

118 1293 149 1347 et
173 1288 317 1359 comedit,
341 1293 370 1345 st
385 1287 469 1355 bibit,
495 1292 524 1344 et
538 1287 621 1360 abiit,
646 1289 862 1362 parvipendens
876 1287 953 1359 quod
1007 1302 1147 1358 quaeum
1163 1286 1369 1344 Inimicitiast.
1395 1287 1544 1346 Proiectus
1570 1291 1638 1349 inde
1653 1292 1725 1350 ludit
1739 1294 1832 1353 stiunt

120 1379 323 1455 primogenite
335 1377 529 1436 vendidisset.
1009 1372 1140 1447 puteum,
1157 1393 1209 1448 pro
1225 1391 1283 1448 quo
1298 1393 1356 1433 non
1371 1379 1596 1452 contenderunt,
1608 1382 1708 1454 itaque
1720 1383 1836 1443 vocarit
1919 1426 1922 1437 .

156 1470 201 1543 [c.
218 1469 347 1537 XbVlll,
364 1467 430 1540 Cap.
447 1467 563 1541 XXV1.]
579 1468 649 1525 Oris
663 1473 762 1526 autem
779 1470 855 1526 lame
866 1482 956 1541 super
1009 1480 1116 1520 nomen
1131 1466 1206 1535 ejus,
1224 1466 1373 1536 Latitudo,
1388 1466 1500 1525 dicens.
1520 1469 1604 1527 Nune
1628 1470 1763 1529 dilatavit
1778 1489 1831 1532 nos

121 1565 251 1625 maram,
276 1561 342 1633 post
366 1573 429 1614 eam
457 1557 641 1615 sterilitatem
667 1574 730 1630 qne
754 1557 901 1615 acciderat
924 1557 954 1612 in
1009 1552 1833 1636 Dominus,etiecitcreecerenossuperterram.[⁷1¹.XXl.]

120 1649 233 1705 diebus
250 1646 412 1715 Abraham,
429 1646 501 1702 abiit
524 1651 606 1705 isaac
623 1648 659 1703 sd
677 1646 841 1704 dbimelecb
857 1662 954 1719 regem
1010 1643 1252 1699 escenditautem
1268 1661 1304 1701 ex
1316 1643 1368 1700 illo
1383 1644 1445 1701 ioco
1460 1646 1490 1703 in
1507 1647 1659 1721 Bersabee,
1677 1650 1727 1707 ubi
1741 1668 1834 1726 appa·

123 1736 354 1794 Philistinorurn
371 1737 401 1793 in
417 1737 534 1794 Gerana.
551 1737 597 1810 [T.
613 1735 675 1804 XX,
691 1737 722 1793 D.
738 1736 842 1814 XXXl
858 1743 955 1809 Appa-
1012 1733 1071 1787 ruit
1085 1734 1110 1789 ei
1135 1723 1277 1790 Dominus
1293 1734 1323 1789 in
1346 1734 1410 1806 ipsa
1439 1742 1533 1805 noete,
1557 1738 1669 1796 dicens.
1692 1741 1752 1813 ligo
1767 1758 1833 1799 sunu

123 1828 251 1899 ruitque
260 1827 288 1884 ei
307 1826 462 1893 Dominus,
479 1831 507 1883 et
517 1827 576 1883 ait:
593 1826 634 1883 Ne
650 1827 812 1884 descendes
828 1828 858 1883 in
872 1830 958 1899 AEgy·
1015 1826 1091 1878 Deus
1103 1822 1247 1878 ttbrabam
1259 1825 1351 1894 patris
1364 1824 1417 1891 tui,
1430 1824 1487 1880 noli
1500 1833 1640 1895 metuere,
1652 1829 1721 1901 quia
1736 1836 1835 1888 tecum

127 1921 228 1992 ptum,
241 1916 423 1990 sedquiesoe
437 1916 467 1972 in
483 1920 561 1972 terra
575 1933 665 1989 quam
680 1917 779 1973 dixero
792 1916 855 1972 tibi.
868 1917 961 1988 Dtps-
1013 1927 1093 1982 eum,
1119 1916 1148 1968 et
1170 1911 1341 1968 benedicam
1366 1913 1431 1980 tibi,
1457 1919 1486 1970 et
1510 1916 1712 1990 multiplicabo
1734 1936 1834 1978 semen

128 2007 516 2080 regrinareinen,eroque
536 2005 959 2075 tecum,etbenedieamtini:
1014 2006 1097 2057 tuum
1127 2005 1247 2074 propter
1275 2018 1391 2058 seruum
1418 2019 1516 2060 meum
1545 2006 1703 2064 Abrabam.
1733 2009 1836 2082 ltaque

125 2095 183 2151 tibi
199 2094 282 2151 enim
305 2099 334 2151 et
357 2094 463 2151 semini
489 2101 540 2152 tuo
558 2094 634 2150 dabo
659 2095 812 2152 universas
826 2096 960 2169 regiones
1014 2091 1169 2147 aediticsvit
1194 2090 1232 2146 ibi
1250 2090 1351 2158 altare,
1375 2097 1405 2149 et
1419 2092 1551 2151 invocato
1571 2097 1690 2152 nomine
1705 2097 1836 2167 Domini,

124 2184 194 2255 has,
210 2183 368 2256 complens
380 2185 584 2257 juramentum
601 2185 679 2257 quod
705 2184 850 2259 spopondi
866 2185 959 2240 Abra·
1014 2181 1144 2236 extendit
1159 2181 1393 2248 tabernaculum,
1412 2187 1606 2257 precepitque
1619 2186 1712 2243 servis
1727 2186 1790 2245 suis
1806 2192 1839 2245 ut

120 2275 196 2330 barn
216 2273 297 2347 patri
311 2279 372 2330 tuo.
389 2274 425 2330 Et
440 2273 644 2347 multiplicabo
660 2289 759 2331 semen
772 2260 869 2344 tuum,
883 2274 960 2330 sicut
1013 2270 1145 2326 foeterent
1161 2277 1291 2340 puteum.
1305 2271 1344 2326 td
1360 2288 1446 2343 quarn
1462 2271 1557 2329 locum
1575 2291 1642 2331 cum
1659 2276 1788 2335 venisset
1801 2278 1838 2336 de

118 2362 334 2433 stellascoeii;
361 2363 497 2435 daboque
520 2363 644 2436 posteris
665 2363 727 2421 tuis
745 2366 960 2421 uniuersasre·
1014 2357 1142 2425 Gerania,
1173 2358 1354 2427 Abimelech,
1385 2365 1414 2416 et
1437 2360 1569 2419 Dhnsath
1591 2365 1839 2439 [Vulpohozatb]

115 2454 232 2527 giones
249 2452 313 2521 bas,
330 2457 361 2508 et
383 2451 595 2509 benedicentur
616 2454 645 2508 in
662 2453 775 2510 semine
791 2458 841 2511 tuo
856 2467 960 2509 omnes
1015 2448 1128 2505 eminus
1143 2446 1235 2516 illius,
1250 2452 1279 2505 et
1293 2448 1424 2515 Phicbol,
1440 2450 1500 2507 dux
1515 2451 1653 2524 militum,
1666 2454 1784 2512 locutus
1796 2460 1840 2513 est

113 2548 232 2617 gentes
263 2546 359 2611 terre,
388 2557 424 2598 eo
452 2543 530 2615 quod
559 2541 703 2599 obedierit
731 2540 960 2599 Abrahamvooi
1014 2538 1057 2595 eis
1081 2536 1171 2595 isaeo.
1199 2538 1273 2606 Quid
1297 2538 1418 2597 venistis
1441 2540 1477 2596 ad
1503 2557 1559 2609 me,
1582 2541 1836 2619 hominemquem

115 2648 214 2702 meae,
232 2634 264 2687 et
277 2629 450 2687 custodierit
476 2636 620 2706 precepta
643 2636 672 2687 et
687 2633 827 2691 mandata
841 2648 916 2699 mea,
932 2634 961 2688 et
1014 2628 1119 2685 odistis
1141 2633 1171 2685 et
1190 2629 1377 2701 expulistisa
1399 2629 1506 2688 vobis?
1526 2632 1580 2698 Oui
1597 2636 1836 2706 responderunt:

111 2718 325 2779 ceremonias
352 2718 491 2794 legesque
525 2721 694 2778 seruaverit.
724 2721 833 2779 Mansit
860 2722 960 2794 itaque
1013 2718 1149 2775 Vidimus
1173 2721 1269 2775 iseum
1294 2735 1360 2775 ease
1388 2719 1557 2788 Dominum,
1582 2726 1611 2778 et
1634 2723 1838 2781 ideireonuno

110 2816 213 2871 issac
228 2808 264 2865 in
286 2808 413 2866 Geraris.
438 2808 582 2876 Quicum
607 2811 840 2884 interrogaretur
858 2811 961 2869 aviris
1014 2808 1112 2883 [Vsip.
1138 2807 1202 2879 nos]
1226 2807 1365 2865 diximus.
1389 2809 1433 2865 Sit
1449 2810 1653 2881 juramentum
1677 2813 1754 2870 inter
1771 2831 1838 2886 nos,

108 2901 184 2959 loci
203 2897 291 2955 illius
312 2915 401 2972 super
415 2914 504 2955 uxore
519 2916 584 2969 sus,
608 2901 778 2973 respondit:
794 2905 881 2956 Soror
895 2916 962 2957 mea
1015 2903 1043 2953 et
1066 2897 1203 2954 ineamus
1227 2897 1334 2966 ludus,
1350 2902 1384 2955 nt
1404 2915 1462 2955 non
1488 2899 1579 2957 iacies
1594 2901 1680 2958 nobis
1695 2904 1838 2976 quiddam

106 2997 169 3050 est
185 3006 193 3044 :
208 2988 354 3046 timuerat
367 2988 447 3045 enim
458 2989 590 3045 confiteri
605 2990 683 3062 quod
694 2988 751 3046 sibi
761 2994 838 3046 esset
852 2989 963 3047 sociate
1016 2986 1097 3054 mali,
1114 2986 1190 3044 siout
1204 2993 1233 3043 et
1256 3004 1311 3044 nos
1323 2987 1397 3045 nibil
1412 2993 1530 3046 tuorum
1550 2990 1715 3064 attigimus,
1730 3009 1783 3050 nec
1796 2993 1840 3050 is·

106 3077 287 3152 conjugio,
302 3083 443 3150 reputans
457 3095 494 3135 ne
513 3079 586 3135 lorte
600 3078 797 3137 interficerent
809 3095 877 3136 enm
893 3096 961 3152 pro·
1017 3077 1113 3133 cimus
1128 3076 1205 3149 quod
1220 3081 1248 3132 te
1273 3075 1400 3143 lederet,
1425 3078 1476 3135 sed
1502 3095 1568 3136 oum
1588 3096 1659 3153 pace
1674 3081 1841 3140 dimisimus

104 3179 195 3248 pter
212 3166 300 3226 illius
311 3165 571 3240 pulchritudinem.
586 3167 719 3241 Cumque
734 3169 964 3242 pertransissent
977 3150 1000 3223 G
1018 3170 1136 3223 anetum
1153 3166 1357 3224 benedictione
1369 3167 1494 3224 Domini.
1507 3168 1587 3226 Fecit
1600 3186 1669 3242 ergo
1684 3171 1728 3228 sis
1744 3171 1843 3230 conui-

105 3262 191 3319 dies
220 3254 357 3329 plurimi,
381 3260 411 3313 et
435 3255 543 3314 ibidem
574 3261 741 3314 moraretur
758 3277 766 3327 ς
782 3258 965 3331 prospiciens
1018 3255 1112 3327 vium,
1136 3259 1165 3311 et
1179 3255 1358 3327 postcibnm
1383 3260 1413 3313 st
1436 3261 1550 3328 potum,
1572 3265 1728 3333 surgentes
1742 3277 1841 3330 mane,

106 3344 322 3415 Abimeleoh,
337 3343 560 3403 Philistinorum
572 3362 632 3419 rex,
643 3362 695 3420 per
708 3347 878 3416 fenestram,
893 3347 967 3405 uidit
1016 3345 1192 3416 jnraverunt
1207 3344 1264 3401 sibi
1280 3351 1395 3414 mutuo,
1420 3346 1592 3421 dimisitque
1604 3365 1655 3406 eos
1671 3350 1752 3408 lsaao
1766 3350 1844 3425 paoi·

108 3454 199 3499 sum
208 3436 368 3510 jocantem
384 3451 452 3491 cnm
478 3435 620 3506 Rebecca,
637 3453 725 3493 usare
740 3453 804 3493 sua.
821 3437 855 3493 itt
868 3453 966 3494 aecer-
1018 3433 1074 3491 lice
1088 3433 1117 3491 in
1133 3432 1230 3490 locum
1246 3450 1345 3490 suum.
1363 3435 1434 3492 liceo
1457 3441 1557 3494 autem
1576 3441 1762 3496 venerantia
1779 3441 1843 3514 ipso

110 3532 201 3597 sito,
220 3526 288 3586 sit:
314 3525 506 3599 Perspicuum
531 3532 576 3583 est
599 3528 677 3599 quod
698 3527 899 3598 uxortuasit,
915 3544 968 3585 cur
1021 3521 1159 3579 disserui
1183 3524 1274 3593 leaao,
1300 3525 1511 3584 annuntiantes
1535 3527 1561 3583 ei
1584 3528 1619 3585 da
1644 3533 1731 3601 puteo
1755 3546 1845 3602 quem

114 3616 290 3680 mentitus
305 3631 336 3672 es
353 3632 418 3673 eam
435 3631 565 3672 sororem
587 3621 668 3672 tunm
685 3617 772 3673 esaei
786 3617 966 3689 Respondit:
1022 3613 1167 3683 foderant,
1183 3616 1271 3684 atque
1289 3614 1429 3671 dicentes.
1447 3616 1616 3674 invenimus
1628 3635 1747 3691 aquam.
1766 3619 1847 3676 Unde

114 3705 241 3768 Timui
260 3719 295 3761 ns
319 3720 448 3761 morerer
470 3709 589 3777 propter
603 3721 678 3761 sam.
701 3705 838 3778 Dixitque
852 3706 969 3762 Abime·
1022 3700 1178 3773 appellavit
1188 3717 1266 3765 eum,
1278 3704 1510 3775 Abundantium,
1521 3710 1550 3762 et
1562 3722 1666 3763 nomen
1680 3708 1745 3764 urbi
1757 3707 1848 3780 impo-

118 3796 222 3857 lech:
241 3795 338 3858 Quare
363 3794 531 3866 imposuisti
555 3793 664 3850 nobis?
689 3793 970 3867 potuitcoirequis·
1023 3790 1115 3848 situm
1140 3796 1185 3846 est
1199 3791 1351 3860 Bersabee,
1382 3809 1477 3866 usqne
1506 3795 1536 3851 in
1566 3802 1740 3867 presentem
1757 3797 1847 3853 diem.

122 3889 220 3965 piam
239 3885 279 3940 de
293 3882 403 3957 populo
428 3899 495 3940 cum
513 3900 602 3939 uxore
627 3890 688 3951 tus,
704 3888 733 3940 et
747 3884 905 3940 induxeras
920 3900 970 3940 su·
1023 3884 1101 3936 Esau
1117 3896 1183 3936 vero
1194 3882 1445 3953 quadragenarius
1458 3883 1543 3940 duxit
1554 3900 1669 3955 uxores,
1684 3884 1796 3955 iudith,
1812 3884 1848 3941 u-

122 3994 188 4051 per
200 3971 842 4046 nosgrandepeceatumPrecepitqueomni
851 3974 970 4045 populo,
1024 3968 1093 4025 liam
1106 3970 1183 4025 Beeri
1203 3970 1335 4040 liettbsi,
1352 3977 1380 4027 st
1390 3972 1556 4040 basemath,
1573 3973 1664 4030 tilium
1679 3975 1751 4032 ilion
1765 3976 1847 4047 ejus·

123 4070 264 4127 dicens:
280 4060 335 4127 Qui
351 4060 480 4133 tetigerit
491 4060 621 4118 bominis
633 4061 722 4133 hujus
736 4077 866 4129 uxorem,
878 4066 972 4118 morte
1025 4059 1091 4115 dem
1106 4058 1242 4131 lantque
1257 4061 1350 4116 ambe
1373 4061 1557 4119 offenderant
1575 4062 1707 4120 animum
1724 4064 1804 4121 isaeo
1817 4067 1848 4121 et

126 4151 379 4218 morietur.seuit
393 4156 492 4208 antem
506 4151 588 4208 isaeo
602 4150 632 4208 in
649 4157 727 4208 terra
739 4150 801 4217 illa,
816 4157 846 4207 ot
859 4149 973 4207 invenit
1025 4148 1171 4205 Rebeccae.

127 4250 166 4305 in
182 4244 346 4318 ipsoanno
361 4239 971 4314 centuplum:benedixitqueeiDominue.
1063 4241 1102 4305 [Γ.
1130 4236 1215 4304 ΧΧΙΙ,
1242 4237 1274 4293 D.
1299 4236 1410 4308 ililillt,
1433 4240 1464 4297 G.
1490 4240 1618 4299 xtv111.
1641 4243 1704 4315 dap.
1722 4242 1846 4317 texult]

128 4337 173 4394 Et
188 4329 392 4403 locupletatus
413 4336 457 4388 cst
472 4329 571 4401 bomo,
587 4335 617 4386 et
635 4330 698 4387 ibat
712 4330 869 4402 proficiens
883 4334 973 4401 atque
1026 4326 1128 4384 Sennit
1143 4332 1241 4383 autem
1259 4327 1350 4394 lsaac,
1373 4332 1402 4384 et
1416 4327 1615 4402 caligaverunt
1633 4331 1709 4388 oculi
1723 4334 1800 4404 ejus,
1817 4337 1848 4390 nt

132 4436 345 4488 succrescens,
372 4419 466 4477 donec
490 4435 617 4494 magnus
642 4420 830 4478 vehementer
850 4418 972 4477 effectus
1025 4416 1122 4473 videre
1139 4433 1195 4473 non
1211 4420 1342 4488 poterat:
1367 4418 1535 4492 vocavitque
1557 4421 1633 4477 lleau
1651 4421 1744 4478 tilium
1759 4438 1847 4480 snum

135 4520 208 4575 est:
224 4510 332 4571 babuit
347 4524 463 4582 quoqne
478 4509 678 4583 possessiones
699 4510 796 4565 ocium
813 4514 841 4565 et
855 4524 971 4565 armen·
987 4530 1011 4597 Ι)
1027 4507 1179 4578 majorem,
1195 4509 1224 4561 et
1238 4505 1312 4561 dixit
1326 4506 1370 4563 ei:
1389 4505 1439 4561 Fili
1457 4507 1516 4563 mil
1532 4510 1586 4574 Qui
1603 4510 1773 4584 respondit:
1790 4509 1850 4567 Ad·

139 4614 259 4667 torum,
272 4604 302 4657 et
325 4597 441 4657 tamilla
456 4597 629 4671 plurimum.
640 4598 683 4654 Db
698 4598 753 4655 hoc
768 4598 931 4655 invidentes
946 4596 973 4652 ci
1027 4611 1106 4663 sum,
1121 4593 1174 4650 Cui
1190 4598 1291 4665 peter:
1313 4592 1414 4663 Vides,
1430 4594 1534 4667 inquit,
1550 4598 1627 4671 quod
1644 4599 1804 4667 senuerim,
1821 4603 1851 4658 et

141 4690 310 4760 philistini,
325 4702 430 4745 omnes
454 4690 567 4759 puteos,
587 4703 661 4760 qnos
685 4687 818 4744 foderant
832 4686 908 4745 servi
923 4700 974 4758 ps·
1027 4684 1159 4756 ignorem
1174 4682 1251 4740 diem
1267 4683 1372 4741 mortis
1387 4701 1468 4742 meoe.
1480 4686 1569 4744 Sume
1580 4704 1661 4745 arma
1672 4694 1733 4755 tus,
1745 4688 1849 4762 phare·

145 4781 202 4839 trie
223 4776 308 4835 illiue
331 4774 491 4844 Abrabam,
515 4775 566 4832 illo
599 4780 730 4849 tempore
753 4775 973 4845 obstruxerunt,
1028 4777 1103 4829 tram
1121 4777 1149 4829 ct
1163 4789 1277 4840 arcum,
1291 4777 1320 4829 et
1335 4773 1472 4846 egredere
1487 4775 1584 4832 toras:
1599 4792 1726 4851 cumque
1740 4782 1849 4835 venatu

145 4869 309 4945 implentes
324 4866 425 4935 humo,
441 4863 470 4922 in
488 4868 615 4933 tautum,
631 4866 737 4939 utipse
751 4864 918 4923 thimelech
933 4864 976 4921 di·
1028 4861 1140 4935 aliquid
1164 4862 1403 4935 apprehenderis,
1427 4864 1474 4920 iac
1488 4864 1560 4921 mihi
1581 4867 1650 4923 inde
1665 4867 1849 4939 pulmentum

145 4967 227 5019 seret
243 4957 281 5014 sd
306 4955 406 5012 issac:
432 4953 544 5010 Recede
567 4954 695 5024 anobis,
715 4954 853 5027 quoniam
870 4960 974 5028 poten·
1028 4952 1105 5007 sieut
1120 4950 1193 5007 velle
1217 4968 1263 5008 me
1279 4952 1367 5021 nosti,
1391 4957 1420 5008 st
1440 4954 1558 5022 sileant
1583 4956 1747 5023 comedam,
1761 4961 1790 5012 et
1805 4955 1851 5012 be·

147 5050 208 5106 tior
231 5044 327 5103 nostri
350 5043 450 5117 [Vutp.
477 5040 574 5116 nobis}
597 5044 692 5100 iactus
715 5060 746 5101 es
761 5044 855 5101 valde.
878 5043 976 5101 utitis
1030 5041 1554 5116 aedicattibianimamesantequam
1565 5045 1849 5111 moriar.0nodcum

148 5135 318 5205 discedens,
334 5138 368 5190 nt
379 5130 491 5189 ueniret
513 5131 549 5188 ad
573 5135 732 5190 torrentem
752 5132 876 5202 (terrra,
891 5133 977 5189 habi·
1030 5130 1162 5188 audisset
1176 5130 1316 5199 Rebecca,
1331 5136 1360 5188 et
1373 5131 1422 5188 iile
1445 5133 1567 5192 abiisset
1581 5134 1612 5191 in
1628 5150 1729 5209 agrum
1745 5136 1777 5189 ut
1787 5134 1851 5204 jns·

185 5328 354 5391 ¹Nonnihil
379 5326 416 5383 ab
441 5325 581 5383 ltebrsico
605 5331 685 5386 textu
711 5327 837 5399 abludit,
861 5329 892 5385 in
918 5346 977 5403 quo
1031 5328 1496 5399 uersumatqueooutrarium3in
1512 5331 1630 5387 Hebraeo
1655 5328 1744 5385 habet
1764 5338 1853 5392 ΠΜ

148 5413 205 5477 est,
220 5407 293 5464 iuro
316 5398 387 5456 mitt
396 5400 482 5470 jueta
505 5398 579 5455 banc
601 5400 697 5463 diem
723 5410 750 5457 et
764 5400 874 5474 iurauit
888 5401 916 5458 ei
926 5422 935 5457 :
950 5406 978 5460 et
1032 5403 1147 5459 Sutuna.
1164 5400 1205 5456 Ex
1219 5416 1277 5473 quo
1304 5400 1496 5474 intelligimus
1519 5402 1650 5458 Saturium
1669 5404 1852 5461 contrarium

149 5480 280 5539 metatui
290 5472 544 5558 primopenituram
557 5487 638 5528 suum
650 5474 745 5530 lucei.
1032 5471 1227 5546 interpretari.
1245 5472 1336 5528 Mser.

188 5553 275 5609 ’Pto
289 5542 464 5614 inimicitiis,
480 5544 559 5615 qnod
573 5543 678 5617 Aquila
689 5548 718 5600 et
733 5544 924 5617 Symmachus
946 5543 979 5601 cd
1068 5543 1252 5603 -lisbraic
1272 5555 1362 5606 numu
1376 5543 1571 5601 datumvid.
1601 5544 1704 5613 Queat.
1732 5546 1856 5607 nebrot·

151 5618 343 5697 tmstpsses
359 5620 388 5675 et
399 5611 559 5671 berctuno
574 5615 799 5688 transtulerunt,
813 5616 844 5675 id
867 5623 912 5676 est
925 5618 981 5676 ad·
1034 5633 1091 5677 eas.
