3870 6120
89 279 128 337 21
655 270 658 277 ’
846 278 1065 339 PRAEFATIO.
1766 286 1807 348 22
1830 282 1833 287 ⁴

89 412 216 489 docuit,
247 412 309 475 hac
338 412 379 475 ad
407 430 497 474 oram
528 414 646 476 codicis
674 413 982 476 adnotatione:Hic
1001 414 1088 493 finit
1116 415 1197 477 liber
1224 416 1338 477 tertius
1365 418 1534 479 secundam
1562 420 1661 484 LXX.
1676 422 1803 506 Nempe
1868 442 1872 451 ·

91 530 167 590 quin
195 511 343 590 superius
370 510 502 589 antiqua
530 511 656 573 dixerat
684 512 889 593 exemplaria,
921 531 959 575 ea
987 531 1071 574 nunc
1100 514 1400 589 vocatdencmine,
1416 535 1520 594 quaea
1543 521 1802 600 Septuagintavi·

94 609 152 670 reli
178 608 390 670 translatione
416 608 586 688 fluxerunt,
602 609 759 688 iniertque
774 609 853 670 adeo
870 609 952 689 quod
970 629 1036 688 praa
1053 610 1198 672 manibus
1212 610 1361 687 habebat,
1386 633 1453 676 esse
1470 616 1508 675 ad
1526 618 1671 680 Hebraici
1698 626 1803 683 textus

93 724 239 768 normam
267 706 468 780 adornatum,
486 708 570 785 quod
587 707 732 768 Hebraici
749 713 861 779 textus,
880 727 943 769 nou
965 709 1065 769 Graeci
1081 709 1282 788 partitionem
1312 716 1438 789 teneat;
1464 732 1497 773 re
1520 716 1604 776 enirn
1628 736 1703 780 vara
1718 720 1806 781 nulla

91 810 139 864 eat
161 805 195 865 in
224 804 334 866 codice
349 805 412 866 alia
426 805 602 884 inscriptio,
620 823 715 884 quam
731 805 840 866 isthaec
856 806 1004 867 adfinem
1022 806 1141 866 libriin
1156 808 1292 885 Vulgata
1307 810 1456 870 secundi:
1474 809 1564 871 Finit
1573 811 1654 873 liber
1664 814 1803 877 Samuel.

90 900 214 983 Incipit
228 901 312 963 liber
325 901 513 963 Malachirn.
531 904 578 963 Ad
593 904 662 965 haec
677 922 800 964 summa
822 922 893 964 curn
909 905 1041 965 Hebraeu
1066 910 1153 965 textu
1183 906 1388 966 conformitas
1412 906 1489 968 locis
1512 910 1610 971 terme
1640 913 1801 990 omnibus,

90 1000 210 1078 quibus
224 1000 257 1061 in
271 999 396 1061 diversa
424 999 490 1060 abit
502 1001 651 1079 Vulgata,
668 1000 732 1061 sive
748 1020 818 1061 cum
834 1002 1062 1076 additamenta,
1080 1021 1151 1082 quia
1176 1021 1215 1063 ex
1242 1004 1405 1065 vetustiori
1434 1006 1639 1069 translatione
1665 1010 1801 1090 irrepse-

91 1103 168 1158 runt
182 1098 315 1161 omnino
330 1098 440 1160 reticet
454 1098 519 1161 sive
549 1098 603 1159 ubi
635 1100 797 1161 meliorem
827 1100 925 1161 multo
955 1101 1074 1179 profert
1105 1100 1271 1162 lectionem
1301 1119 1338 1162 ac
1361 1104 1741 1182 sensum(quaeinnolis,
1767 1113 1804 1169 ut
1865 1104 1869 1109 ’

89 1195 240 1270 diximus,
260 1214 318 1276 pro
333 1214 367 1256 re
382 1201 456 1257 nata
471 1198 685 1275 exponuntur)
700 1203 884 1278 γνησιότητος
900 1196 1157 1277 Hieronymianae
1172 1199 1332 1260 Versiouis
1360 1217 1397 1260 eo
1428 1200 1623 1262 manifestius
1648 1203 1800 1265 iudicium

90 1299 149 1366 cst,
167 1311 233 1371 quo
250 1293 441 1355 luculentius
456 1294 623 1373 profitetur
638 1298 669 1355 S.
688 1296 846 1374 interpres
859 1295 891 1354 iu
906 1295 1056 1373 Prologo,
1072 1295 1151 1355 nibil
1168 1295 1226 1355 sibi
1242 1296 1372 1356 omuino
1388 1297 1547 1358 conscium
1565 1315 1643 1372 esse,
1667 1305 1803 1360 mutasse

90 1409 122 1448 se
136 1389 306 1471 quidpiam
321 1390 531 1451 dchbraica
547 1392 685 1452 varitate.
703 1396 783 1454 Sunt
799 1398 906 1453 autern
922 1399 1079 1472 praeterea
1092 1412 1162 1472 quae
1179 1393 1247 1472 ejus
1262 1394 1481 1472 praestantiam
1497 1394 1569 1455 libri
1581 1398 1803 1459 commendent

91 1488 210 1550 notulae
226 1489 374 1568 quaedam
390 1489 492 1570 prima
507 1489 616 1551 eadem
634 1509 728 1552 manu
745 1496 776 1551 et
789 1491 981 1552 characteris
996 1492 1110 1564 forma,
1129 1491 1229 1551 multo
1244 1491 1315 1552 licet
1332 1492 1553 1553 minutioribus
1568 1494 1689 1567 litteris,
1715 1513 1800 1556 mar·
1892 1532 1896 1543 ·

90 1587 154 1664 gini
170 1588 290 1667 passim
302 1588 469 1668 appositae,
482 1607 538 1650 uec
554 1607 629 1650 saue
646 1589 898 1661 contemnende,
915 1594 971 1650 aut
986 1589 1073 1660 lucis,
1091 1609 1169 1669 quos
1187 1586 1371 1668 explanant,
1387 1590 1533 1651 inutiles:
1551 1610 1732 1672 quanquam
1747 1610 1800 1654 eas
1834 1634 1837 1641 ·

91 1686 191 1745 satius
206 1685 358 1746 duximus
373 1692 482 1766 utpote
497 1687 606 1747 devias
621 1686 784 1767 proposito
801 1692 907 1748 riostro
921 1687 1174 1765 praetermittcre.
1192 1686 1356 1764 specimen
1373 1706 1410 1747 ex
1430 1689 1541 1767 prime,
1559 1708 1629 1768 quae
1662 1690 1801 1751 occurrit

91 1783 128 1843 ad
144 1801 260 1844 vocem
275 1781 554 1846 Ramathahabeto
562 1805 573 1860 ;
590 1783 669 1844 Hac
682 1790 729 1845 asi
739 1784 864 1863 civitas,
879 1804 945 1864 quac
961 1785 994 1844 in
1009 1784 1187 1863 Evangelio
1202 1784 1384 1844 arimathia
1399 1785 1530 1864 dicitur,
1547 1787 1629 1847 uude
1643 1785 1796 1869 asosrpt

91 1880 220 1942 decuria
236 1882 311 1949 fuit.
328 1882 474 1962 Capitula
488 1901 626 1962 quoque,
645 1884 710 1945 sive
724 1885 923 1945 Lemmatum
939 1883 1062 1956 seriem,
1079 1901 1151 1960 quae
1166 1882 1239 1943 licet
1253 1882 1309 1943 abs
1339 1884 1529 1963 Hieronymo
1557 1904 1621 1945 nou
1651 1886 1798 1946 videntur

87 1978 264 2050 elaborata,
282 1980 501 2059 antiquissima
513 1987 618 2042 tamen
633 1988 718 2056 sunt,
734 1987 765 2043 et
779 1988 852 2043 aute
867 1980 1045 2043 Cassioduri
1063 1998 1176 2053 eorum,
1195 1999 1276 2041 unus
1290 1981 1349 2042 iste
1364 1981 1551 2042 Veronensis
1568 2001 1626 2042 ms.
1642 1989 1793 2063 postven.
1868 1986 1874 2005 '

86 2077 172 2138 card.
188 2077 355 2139 Thomasii
368 2082 401 2140 et
414 2079 689 2140 Benedictinorum
707 2079 859 2141 editiones
873 2081 996 2159 integra
1011 2084 1227 2158 representat,
1244 2078 1454 2158 restituitque,
1465 2097 1501 2140 ac
1512 2080 1620 2141 solidis
1633 2081 1793 2143 interdum

86 2175 341 2256 tristissuppra.
1268 2176 1271 2181 ’
1875 2166 1880 2181 ’

120 2277 226 2335 Tanto
244 2275 346 2354 igitur
356 2279 486 2352 tamque
500 2274 584 2335 buno
598 2275 772 2354 exemplari
788 2274 817 2335 iu
835 2275 1028 2337 restituenda
1043 2275 1110 2354 ejus
1126 2274 1198 2336 libri
1212 2274 1460 2354 Hieronymiaua
1474 2275 1734 2355 interpretatione
1750 2275 1799 2338 usi

87 2389 207 2446 sumus,
224 2378 261 2432 ut
273 2373 301 2432 si
317 2372 396 2432 nihil
412 2372 523 2432 luisset
537 2378 691 2452 practerea
705 2372 892 2452 praestitum,
909 2378 991 2434 esset
1006 2379 1111 2433 tamen
1126 2391 1182 2433 cur
1194 2371 1263 2451 ejus
1279 2371 1416 2433 nominis
1430 2378 1526 2452 atque
1537 2373 1723 2435 eruditionis
1733 2380 1798 2434 stu·
1907 2406 1918 2469 ·.'

87 2468 166 2528 diosi
181 2469 329 2530 homines
345 2469 479 2531 multum
494 2488 526 2530 se
540 2470 632 2531 nobis
646 2470 761 2532 debere
777 2471 1010 2550 profiterentur.
1026 2473 1141 2532 Verum
1157 2476 1189 2531 et
1203 2471 1235 2530 in
1251 2470 1379 2550 reliquis
1395 2470 1484 2531 libris
1499 2470 1647 2532 omuibus
1661 2490 1725 2534 non
1739 2472 1797 2532 ini·

88 2584 148 2644 qua
164 2568 296 2628 fortuna
312 2568 429 2629 utimur
446 2587 453 2642 ;
471 2587 557 2640 nam,
579 2569 638 2630 etsi
653 2574 816 2631 nectantae
831 2569 1007 2643 vetustatis,
1026 2588 1082 2631 nec
1098 2569 1200 2648 pretii,
1219 2569 1366 2649 antiques
1381 2576 1487 2631 tamen
1505 2589 1577 2630 rusa.
1595 2570 1732 2644 codices,
1758 2588 1796 2632 ac

86 2662 175 2725 bonae
190 2665 381 2745 cumprimis
395 2672 478 2727 notae
493 2667 581 2728 nacti
595 2686 714 2744 sumus,
727 2673 758 2728 et
773 2686 1030 2748 unamquamque
1046 2668 1217 2746 Scripturas
1233 2673 1355 2747 partem
1371 2668 1412 2729 ad
1438 2668 1530 2729 unius
1554 2675 1589 2730 ut
1613 2669 1792 2744 minimum,

85 2764 201 2842 passim
221 2782 297 2825 vero
312 2764 353 2824 ad
368 2764 503 2825 duorum
520 2770 575 2825 aut
592 2765 687 2826 trium
704 2782 778 2826 mss.
794 2764 890 2826 fidem
903 2764 1128 2826 recensuimus.
1146 2764 1293 2825 Pluribus
1309 2765 1354 2825 uti
1382 2765 1605 2844 potuissemus,
1634 2767 1660 2826 si
1684 2784 1794 2829 reeen-

84 2863 201 2923 tiorum
219 2862 377 2924 rationem
393 2862 512 2924 babere
526 2863 677 2942 aliquam,
697 2862 805 2924 fuisset
819 2880 836 2924 e
851 2880 884 2923 re
900 2868 1029 2924 nostra:
1047 2868 1078 2923 et
1089 2880 1151 2923 non
1168 2880 1221 2923 eos
1237 2862 1331 2923 modo
1345 2863 1543 2942 propositum
1563 2869 1644 2924 esset
1672 2863 1793 2926 utiliter

86 2959 241 3021 adhibere
255 2960 289 3020 in
304 2960 483 3034 consilium,
499 2961 553 3040 qui
568 2966 623 3021 aut
637 2959 729 3022 bonis
744 2960 938 3040 argumentis
953 2964 1078 3021 aetatem
1093 2959 1197 3020 Caroli
1212 2958 1329 3038 Magni,
1346 2965 1378 3022 et
1392 2978 1487 3039 quam
1515 2960 1651 3022 diximus
1665 2960 1790 3023 Alcuini

88 3058 339 3138 recognitionem
355 3058 541 3120 antecedere
555 3058 747 3128 viderentur,
764 3064 819 3119 aut
833 3063 916 3119 certe
933 3076 995 3119 non
1007 3057 1180 3118 admisisse.

122 3160 192 3218 Hoc
207 3174 284 3218 vero
297 3175 389 3237 opus,
405 3156 456 3218 bic
471 3156 577 3218 labor:
594 3158 725 3218 eaenim
740 3157 865 3234 estejus
876 3156 934 3216 aevi
949 3155 1093 3216 codicum
1118 3154 1267 3227 charitas,
1298 3160 1426 3234 tamque
1453 3161 1576 3218 maturo
1604 3163 1700 3237 atque
1727 3157 1793 3221 acri

86 3272 167 3334 opus
181 3260 231 3315 est
245 3254 287 3315 ad
303 3254 492 3333 posteriores
507 3273 598 3315 curas
613 3254 871 3315 internoscendas
886 3253 1014 3330 judicio,
1032 3253 1134 3332 utqui
1150 3259 1272 3313 tantum
1288 3253 1348 3313 sibi
1363 3254 1483 3332 peritiae
1499 3255 1627 3333 tribuat,
1645 3272 1794 3335 arrogan-

86 3353 149 3413 tius
164 3352 300 3413 iortasse
315 3356 410 3431 atquc
426 3352 633 3423 ambitiosius,
651 3370 747 3431 quam
758 3351 861 3412 verius
877 3351 979 3413 iacere
995 3351 1150 3412 videatur.
1168 3352 1233 3410 Huc
1247 3350 1351 3430 ipsum
1369 3356 1473 3413 tamen
1489 3370 1689 3433 summopere
1712 3353 1793 3414 iute-

86 3455 182 3523 rerat,
199 3450 331 3529 quaudo
346 3450 406 3530 ipsi
422 3450 548 3512 minime
564 3451 738 3512 diffitentur
752 3449 946 3511 Benedictini
961 3450 1097 3511 editores
1111 3450 1143 3509 in
1160 3449 1271 3524 altero,
1285 3455 1319 3510 ut
1333 3456 1459 3523 vocant,
1475 3451 1700 3530 prolegomeno
1715 3469 1792 3513 uum
1887 3472 1890 3477 ·
1911 3442 1914 3453 ’

83 3551 113 3620 5,
130 3567 171 3609 ne
186 3548 318 3609 unicum
334 3548 462 3628 quidem
474 3550 728 3629 hieronymianae
744 3548 895 3610 versionis
911 3547 1074 3627 exemplar
1088 3548 1222 3609 inveniri
1237 3548 1268 3608 in
1284 3547 1353 3609 aliis
1377 3554 1468 3610 extra
1493 3549 1630 3611 Galliam
1659 3548 1793 3628 regioru-

86 3646 145 3706 bus
159 3647 313 3726 potuisse.
330 3646 378 3707 Ab
392 3647 430 3708 iis
444 3647 575 3723 scilicet,
592 3666 670 3727 quos
685 3646 744 3707 sibi
760 3665 836 3725 gens
852 3665 915 3708 una
934 3653 990 3707 aut
1009 3646 1097 3708 natio
1120 3646 1356 3726 Scripturarum
1386 3647 1510 3708 codices
1537 3652 1788 3728 comparaverat,
1903 3724 1905 3729 ,

84 3750 150 3805 tota
165 3762 278 3805 eornm
292 3744 389 3806 editio
401 3744 601 3807 describitur.
617 3748 656 3806 b't
670 3763 762 3806 nemo
778 3749 824 3805 est
839 3750 946 3805 tamen
960 3744 993 3804 iu
1007 3744 1130 3805 Latiuae
1140 3743 1236 3823 hujus
1253 3744 1405 3805 versionis
1416 3744 1546 3805 historia
1554 3747 1708 3824 tantisper
1722 3763 1791 3805 eru-

84 3842 168 3903 ditus
182 3842 239 3921 qui
255 3842 385 3913 nesciat,
403 3862 421 3904 a
437 3844 598 3921 regionum
615 3861 652 3904 ac
668 3843 808 3922 gentium
823 3842 918 3903 variis
932 3841 1014 3903 iuter
1028 3861 1061 3903 se
1077 3842 1184 3902 usibus
1199 3847 1230 3903 et
1244 3842 1482 3915 consuetudine,
1495 3842 1683 3902 variantium
1699 3841 1731 3902 in
1742 3860 1792 3903 sa·
1849 3862 1852 3869 ·
1870 3876 1874 3881 -

82 3940 143 4000 cris
158 3939 265 4000 Libris
279 3939 448 4002 lectionum
463 3958 574 4002 causas
590 3958 657 4002 esse
671 3940 869 4020 repetendas.
887 3940 1072 4001 Ecoutrario
1087 3958 1160 4018 quae
1175 3940 1279 4010 unius,
1297 3944 1332 4001 ut
1345 3940 1390 4001 ita
1405 3940 1518 4000 dicam.
1537 3939 1679 4001 Ecclesia
1700 3938 1790 4000 eoeti·
1905 3952 1910 3961 “

88 4036 145 4096 bns
159 4037 383 4111 inservierunt,
400 4037 552 4118 pleraque
567 4039 674 4100 omnia
688 4039 880 4118 exemplaria
897 4037 971 4099 labii
986 4039 1079 4099 unius
1094 4044 1189 4118 atque
1205 4037 1388 4099 eorumdem
1404 4055 1585 4099 sermonum
1601 4053 1678 4097 esse.
1701 4035 1790 4098 Adeo

89 4154 151 4196 nou
167 4135 246 4196 satis
262 4141 346 4197 recte
361 4136 401 4197 ab
416 4136 557 4216 ejusdcm
572 4136 690 4216 ingenii
705 4136 898 4216 apographis
913 4135 952 4197 de
966 4137 1098 4216 pristina
1118 4136 1223 4216 operis
1246 4136 1427 4215 integritate
1450 4135 1573 4196 videtur
1587 4135 1669 4194 sami
1692 4153 1789 4213 argu-

86 4240 231 4295 mentum
246 4250 254 4293 :
269 4233 412 4313 illudque
426 4252 523 4315 porro
536 4235 640 4315 ipsum
656 4235 781 4297 adeam
797 4234 968 4296 editionem
984 4234 1123 4295 numeris
1137 4232 1283 4294 omnibus
1309 4232 1534 4293 absolvendam
1559 4232 1678 4306 deerat,
1704 4232 1789 4312 quod
1847 4230 1850 4235 '

82 4350 151 4401 nos,
168 4331 296 4393 collatis
311 4332 451 4411 undique
465 4334 633 4414 suffragiis,
650 4339 801 4413 praestare
817 4332 923 4393 conati
937 4350 1056 4393 sumus.
1073 4335 1152 4392 Nam
1167 4330 1234 4392 etsi
1248 4330 1372 4392 codices
1387 4351 1425 4393 es
1441 4330 1534 4392 ltalia
1544 4331 1790 4410 quidemomnea
1901 4329 1904 4337 “

79 4429 278 4508 accepimus,
294 4447 398 4509 neque
412 4429 473 4493 hoe
487 4431 592 4509 ipsum
607 4432 675 4493 leve
690 4436 757 4492 erat
772 4431 812 4492 ad
828 4430 1021 4510 propositam
1034 4429 1249 4490 recensionem
1265 4434 1337 4508 post
1350 4429 1530 4491 Gallicanos
1545 4428 1699 4489 duntaxat
1713 4427 1788 4489 sub·

78 4526 210 4600 sidium,
227 4526 352 4589 accedit
366 4527 452 4608 quod
467 4547 505 4590 ex
522 4530 598 4591 orbe
612 4529 841 4610 propemodum
863 4527 1008 4590 universo
1024 4526 1055 4587 in
1071 4527 1269 4602 Vaticanum,
1287 4547 1358 4607 quae
1374 4527 1464 4589 uobis
1479 4545 1543 4588 una
1557 4532 1604 4587 est
1619 4544 1676 4606 pro
1691 4543 1786 4587 cunc·

82 4626 121 4687 tis
136 4625 380 4700 bibliothecam,
397 4633 550 4706 quantum
562 4627 783 4690 eratcodicum
799 4626 1129 4707 praestantissimorum
1153 4625 1351 4686 concesserit.
1367 4625 1413 4685 Ad
1436 4624 1505 4686 haee
1526 4643 1590 4686 non
1611 4641 1666 4685 eos
1693 4622 1788 4686 modo

79 4722 190 4796 libros,
207 4724 265 4803 qui
293 4743 418 4786 sacrum
449 4731 569 4787 textum
598 4732 752 4806 perpetua
780 4726 860 4787 seris
889 4723 1026 4801 exibent,
1056 4724 1300 4797 advocavimus3
1330 4723 1385 4783 sed
1414 4729 1445 4785 et
1472 4724 1526 4802 qui
1553 4720 1789 4784 commentariis

82 4822 339 4902 hieronymianis
354 4827 512 4897 constant,
528 4841 601 4886 cum
618 4825 728 4905 primis
742 4841 815 4884 vero
830 4823 861 4883 in
873 4822 1045 4904 prophetas
1060 4841 1180 4896 omues,
1198 4822 1230 4881 in
1246 4821 1360 4900 quibus
1374 4820 1427 4880 illc
1442 4821 1736 4883 continentersuam
1749 4836 1789 4882 ax

84 4919 219 4982 llebraeo
234 4920 527 5002 interpretationem
541 4923 689 5002 proponit
704 4922 839 5001 primum
856 4928 951 5001 atque
967 4920 1113 5000 explicat,
1131 4920 1194 4980 huc
1207 4919 1369 4999 jussimus,
1387 4919 1441 4980 ubi
1456 4937 1536 4998 opus
1551 4923 1629 4996 erat,
1655 4914 1789 4998 proferri

80 5023 187 5090 testea
201 5018 511 5100 adstipulatoresque
527 5021 783 5082 emendationum
795 5026 973 5083 nostrarum
989 5018 1149 5081 accedere.

118 5118 230 5178 Dicam
248 5136 356 5197 porro,
373 5118 459 5198 quod
470 5119 516 5180 rei
532 5124 628 5199 caput
642 5125 697 5192 est,
716 5137 810 5198 quam
827 5118 895 5179 haec
910 5116 1066 5195 religiose,
1084 5116 1216 5176 tortasse
1230 5113 1325 5175 etiam
1343 5119 1375 5174 ut
1389 5113 1459 5174 aliis
1474 5111 1643 5184 videbitur,
1660 5128 1783 5190 supers-

81 5215 186 5277 titiosa
202 5233 277 5276 cum
293 5216 484 5279 abstinentia
495 5218 717 5279 tractavimus:
734 5223 768 5278 ut
790 5216 912 5277 etiamsi
927 5221 993 5277 lota
1008 5214 1188 5293 promiscue
1203 5212 1395 5273 variantium
1412 5211 1584 5273 lectionum
1613 5210 1660 5270 vis
1681 5210 1793 5286 iugens

85 5312 157 5374 albo
168 5332 225 5393 per
240 5333 299 5376 nos
320 5315 443 5377 calculo
457 5315 642 5389 donaretur,
658 5334 721 5375 uon
738 5320 819 5376 esset
833 5320 939 5374 tamen
955 5329 1011 5373 eur
1024 5313 1063 5373 de
1078 5317 1201 5373 mutato
1217 5317 1335 5371 temere
1348 5311 1478 5390 iuquam
1495 5316 1585 5371 textu
1610 5307 1681 5387 jure
1704 5303 1792 5384 quis·

84 5411 171 5490 piam
188 5413 296 5476 dolere
310 5419 418 5496 posset
432 5421 487 5476 aut
501 5416 602 5495 queri.
619 5413 773 5493 Equidem
789 5413 829 5472 ob
844 5412 953 5472 oculus
968 5430 1051 5490 saepc
1067 5410 1154 5471 illam
1171 5410 1340 5471 habuimus
1355 5412 1449 5473 cedro
1464 5410 1592 5486 diguam
1622 5403 1791 5483 Augustini

83 5512 273 5574 senteutiam
288 5512 368 5577 libro
383 5530 405 5576 ιι
420 5512 459 5575 de
472 5512 629 5574 Doctrina
644 5511 845 5589 Christiana,
862 5528 931 5590 cap.
951 5512 1007 5570 ll:
1029 5508 1205 5570 Codicibas
1218 5508 1421 5570 emendandis
1430 5505 1586 5591 primitas
1602 5502 1690 5564 dabat
1704 5503 1789 5564 invi·

82 5608 193 5690 gilare
207 5609 335 5675 solertia
349 5631 467 5690 aarum,
484 5611 541 5691 qai
554 5610 735 5691 Scripturas
747 5608 873 5670 divinas
889 5626 979 5669 nossa
988 5607 1171 5670 desiderant
1180 5629 1192 5684 ;
1207 5607 1260 5669 sed
1277 5613 1309 5668 et
1323 5607 1456 5667 vicissim
1472 5602 1552 5664 illud
1569 5601 1666 5667 menti
1679 5602 1789 5665 obser-
