3878 6150
81 193 154 253 1173
842 198 950 254 LIBER
967 198 1041 255 JOB.

116 329 194 392 tace,
209 322 240 378 ει
254 319 366 379 docebo
378 325 406 378 to
419 320 606 395 sapientiam.
924 323 952 393 Α
966 322 1041 390 Quia
1054 335 1123 396 ergo
1137 338 1190 397 ego
1205 321 1321 380 locutus
1337 335 1403 377 sum
1419 317 1455 376 ad
1470 317 1576 388 Deum,

1000 399 1030 451 te
1045 411 1162 468 qnoque
1179 410 1235 451 non
1248 391 1419 467 prohibebo.

74 452 277 494 rnonnnriiiss
295 453 400 501 manus
418 454 500 510 snio,
511 454 597 495 arian
617 455 678 495 risa
694 455 822 497 sonorus
834 456 908 496 ess:
963 466 993 521 Si
1009 467 1113 533 erravi,
1128 471 1158 522 tu
1174 467 1244 523 doce
1260 481 1306 521 me
1324 482 1330 520 :

72 536 154 608 (cnp.
173 533 311 607 XXXIV.)
328 535 445 604 andita,
462 537 621 608 sapientes,
637 538 726 595 verba
742 553 818 606 mea,
998 537 1024 593 si
1039 536 1225 610 iniquitatem
1240 537 1355 593 locutus
1371 549 1449 601 suni,
1466 530 1544 588 ultra
1559 547 1618 587 non
1633 529 1751 587 addam.

112 613 143 663 et
157 606 279 674 eruditi,
295 605 462 663 auscultate
478 624 525 665 mo
542 626 549 665 ε
962 608 1172 681 Numqnidata
1182 609 1261 666 Deus
1271 610 1381 678 expetet
1393 602 1549 675 eam,quia
1561 599 1710 675 displicuit
1719 599 1789 659 cibit
1905 596 1909 603 ’

75 678 166 735 Auris
181 678 260 734 enim
277 678 366 735 verba
380 679 495 750 probat,
996 684 1029 736 tu
1044 681 1123 738 enim
1138 681 1252 753 cmpisti
1269 678 1359 751 loqui,
1375 682 1404 734 et
1419 692 1477 732 non
1493 690 1547 747 ego
1562 689 1569 729 :

114 754 143 807 et
156 753 259 821 guttur
272 765 356 806 escas
371 755 461 823 gustu
477 749 634 822 dijudicat,
997 752 1074 836 quod
1091 753 1115 808 si
1132 753 1203 825 quid
1221 751 1297 808 nosti
1311 748 1428 816 melius,
1444 746 1573 829 loquere.

75 821 228 879 iudicium
243 819 389 894 eligamus
405 820 500 879 nobis.
961 823 1019 879 Viri
1035 823 1231 896 intelligentes
1247 821 1273 879 lo
1297 827 1405 878 uantur
1419 819 1503 875 mihi.

113 898 143 950 et
158 893 234 948 inter
249 908 302 950 nos
316 892 467 951 videamus
478 893 532 965 (ill.
542 891 697 966 eligamus)
708 893 778 967 quid
794 894 833 951 sit
844 910 906 954 ma·
995 896 1030 951 lit
1044 895 1088 951 vir
1103 895 1221 968 sapiens
1237 839 1339 951 auiiat
1353 907 1409 948 me.

167 962 238 1019 lius.
957 965 1014 1023 lob
1030 971 1129 1024 autom
1141 967 1196 1050 (ill.
1211 972 1265 1023 tac.
1282 963 1392 1035 autem)
1402 959 1491 1018 stulto
1505 958 1623 1015 locutus
1638 962 1704 1030 εει,,

72 1035 149 1100 Quia
163 1035 234 1090 dixit
247 1033 302 1089 iob
320 1049 327 1089 :
343 1034 451 1091 iustus
467 1051 546 1100 sum,
994 1042 1025 1095 at
1039 1038 1127 1094 verba
1142 1038 1221 1094 illius
1236 1054 1293 1093 non
1307 1037 1413 1093 sonant
1427 1029 1627 1103 disciplinam,

110 1106 675 1178 etheussubvertitjudicinmmoum.
959 1108 1043 1165 Pater
1058 1109 1108 1177 mi,
1126 1108 1333 1181 probeturlob
1348 1120 1443 1177 iisque
1458 1102 1619 1185 adfinem:
1676 1170 1715 1185 ..
1762 1170 1769 1185 .

71 1178 104 1233 ln
118 1177 278 1249 judicando
291 1177 369 1233 anim
384 1195 441 1246 ma,
459 1178 646 1236 mendacium
659 1183 706 1235 ast
722 1192 729 1234 τ
994 1197 1031 1237 ne
1046 1181 1164 1238 desinas
1181 1180 1210 1238 in
1226 1178 1397 1236 hominibus
1411 1175 1578 1248 iniquitatis
1592 1173 1604 1208 ¹
1617 1171 1659 1244 (li.
1675 1187 1787 1244 iniqui·

107 1249 236 1306 violenta
249 1249 359 1322 sagitta
373 1266 438 1306 mea
453 1251 566 1322 absque
582 1250 642 1308 ulto
656 1252 786 1323 peccato.
1028 1252 1144 1325 tatem).

70 1320 143 1388 Quis
159 1325 204 1377 est
219 1322 274 1389 vir,
290 1323 324 1377 ut
339 1325 384 1377 ast
399 1321 466 1386 lob,
956 1322 1030 1388 Quia
1045 1323 1129 1380 addit
1141 1340 1232 1395 super
1247 1325 1368 1396 peecata
1379 1335 1434 1377 sua
1448 1313 1677 1389 blasphemiam,

107 1392 157 1475 qui
174 1392 248 1449 bibit
264 1392 527 1450 subsannationem
542 1393 627 1466 quasi
642 1408 759 1464 aquam,
991 1394 1069 1450 inter
1084 1412 1138 1453 nos
1154 1394 1274 1451 interim
1285 1391 1531 1463 constringatur:
1628 1456 1635 1470 Ο
1758 1455 1765 1469 ,

70 1465 126 1530 Qui
142 1464 276 1536 graditur
288 1479 356 1520 cum
371 1467 564 1537 operantibus
575 1464 774 1538 iniquitatem,
990 1471 1018 1522 et
1033 1470 1104 1523 tunc
1118 1467 1154 1522 ad
1166 1465 1316 1537 judicium
1347 1465 1483 1537 provocet
1506 1458 1696 1516 sermonibus
1718 1471 1783 1513 suis

108 1539 138 1590 et
154 1533 285 1591 ambulat
300 1550 368 1591 cum
383 1536 454 1593 viris
467 1535 592 1608 impiis?
989 1541 1082 1594 Dauni
1103 1537 1145 1608 (h.
1174 1542 1203 1594 ει
1231 1542 1304 1594 tuno
1332 1532 1510 1607 multiplicet
1532 1544 1684 1588 sermones
1711 1543 1783 1585 suos

71 1607 150 1661 Dixit
165 1607 244 1663 enim
261 1624 268 1662 :
285 1606 349 1662 Non
366 1605 493 1680 placebit
506 1609 551 1664 vir
564 1612 632 1679 Deo,
652 1606 658 1614 '
1025 1609 1061 1666 ad
1075 1608 1191 1682 Deum),

107 1677 195 1734 etiam
212 1679 237 1734 si
253 1679 417 1735 cucurrerit
431 1695 497 1735 cuni
513 1694 557 1735 eo.
914 1696 937 1762 g
1681 1733 1689 1749 ,

70 1749 150 1814 Ideo,
167 1749 220 1805 viri
236 1750 357 1819 cordati,
374 1750 473 1808 audite
488 1767 546 1819 mo,
1041 1742 1140 1782 th't'Utt
1155 1741 1222 1782 istiu
1239 1741 1303 1782 time
1323 1738 1462 1780 Ittllttlsbbt
1482 1734 1601 1776 Locutus
1619 1733 1689 1775 κεῖ.

106 1820 185 1877 absit
200 1838 218 1877 a
232 1821 290 1877 Deo
309 1820 456 1893 impietas,
952 1823 1029 1896 (Cap.
1046 1824 1171 1898 XXXV).
1189 1821 1339 1896 Numquid
1355 1818 1505 1894 aquatibi
1520 1818 1638 1876 videtur
1661 1819 1714 1873 tua
1728 1832 1780 1872 oo·

104 1897 133 1947 et
149 1893 185 1948 ab
201 1893 410 1965 omnipotente
422 1893 577 1966 iniquitas.
1021 1894 1136 1969 gitatin,

67 1963 151 2036 Opus
166 1965 245 2020 anim
261 1964 393 2021 hominis
409 1965 512 2022 reddet
526 1964 564 2028 ei.
987 1970 1021 2022 ut
1035 1967 1147 2025 diceres
1164 1984 1171 2024 :
1187 1967 1301 2024 Justior
1314 1967 1373 2023 Deo
1389 1980 1468 2022 sum.

105 2039 136 2091 et
145 2036 232 2107 juxta
246 2035 308 2092 vias
319 2035 505 2110 singulorum
532 2035 667 2092 restituet
679 2035 734 2098 (dl.
749 2034 815 2092 adri.
831 2034 897 2108 eis).
950 2036 1055 2094 Dixisti
1070 2041 1149 2096 enini
1166 2055 1173 2094 ε
1189 2040 1253 2096 Non
1267 2038 1320 2095 tihi
1337 2037 1433 2111 placet
1449 2032 1526 2108 quod
1542 2035 1655 2090 rectum
1671 2035 1740 2088 est:

67 2107 142 2163 Vere
157 2107 234 2163 enim
251 2113 328 2163 Deus
344 2125 402 2164 non
418 2107 627 2164 condemnabit
642 2107 763 2177 trustra,
986 2108 1030 2166 vol
1045 2111 1117 2183 quid
1132 2110 1185 2167 tibi
1201 2109 1343 2185 proderit.
1359 2108 1384 2165 si
1400 2123 1453 2181 ego
1465 2103 1649 2189 peccavero?

104 2194 159 2235 noo
175 2179 366 2247 Omnipotens
379 2181 528 2237 subvertet
539 2179 698 2250 judicium.
951 2183 1054 2252 ltaque
1079 2198 1132 2255 ego
1146 2181 1328 2256 respondebo
1344 2178 1532 2237 sermonibus
1548 2179 1608 2233 tuis

69 2254 161 2316 Quem
179 2251 333 2307 constituit
346 2250 436 2307 alium
449 2267 539 2323 super
552 2250 686 2306 tarram‘i
986 2258 1015 2308 et
1029 2253 1133 2310 amicis
1148 2254 1208 2312 tuis
1222 2259 1332 2311 tecum.

106 2326 157 2378 aut
174 2338 262 2394 quem
278 2322 377 2396 posuit
391 2340 480 2396 super
497 2323 609 2391 orbem,
631 2337 719 2395 quem
736 2320 898 2380 fabricatus
949 2323 1073 2397 Suspice
1087 2325 1192 2383 coelum
1208 2331 1238 2382 at
1254 2326 1379 2391 intuere,
1504 2391 1510 2404 Ι
1623 2387 1629 2401 ‚

147 2394 218 2449 est?
985 2402 1015 2453 et
1029 2397 1228 2469 contemplare
1243 2397 1353 2453 athera
1366 2393 1443 2466 quod
1458 2389 1547 2448 altior
1561 2391 1590 2445 te
1605 2391 1656 2445 sit.

76 2465 106 2521 Si
123 2463 262 2521 direxerit
276 2464 312 2521 ad
328 2481 395 2521 eum
411 2482 462 2522 cnr
476 2481 575 2532 suum,
949 2467 979 2523 Si
994 2469 1172 2540 peccaveris,
1188 2468 1257 2542 quid
1273 2468 1327 2540 (ill.
1344 2468 1424 2535 eum)
1438 2459 1581 2520 nocebis?

107 2535 246 2603 spiritum
261 2535 342 2592 illius
357 2541 386 2594 et
397 2537 500 2594 ilatum
515 2538 551 2594 ad
568 2551 599 2594 sa
614 2535 722 2594 trahet.
985 2544 1015 2596 et
1028 2541 1053 2596 si
1070 2539 1269 2623 multiplicata
1280 2538 1389 2595 luerint
1399 2534 1571 2607 iniquitates
1580 2534 1637 2588 tua
1649 2529 1776 2604 (herro-

74 2607 196 2664 Deficiet
210 2606 306 2665 omnis
321 2625 388 2666 caro
403 2607 505 2674 simul,
985 2627 1031 2667 res
1047 2613 1102 2680 tui)
1118 2612 1188 2684 quid
1206 2611 1294 2667 iacies
1307 2613 1410 2667 contra
1424 2605 1516 2663 suini

111 2684 140 2735 et
155 2680 243 2736 homo
259 2679 289 2735 in
304 2680 432 2737 cinerem
448 2683 621 2737 revertetur.
949 2681 1037 2739 Porro
1052 2683 1078 2740 si
1089 2683 1170 2768 justa
1185 2682 1290 2755 egeris,
1308 2680 1379 2754 quid
1395 2676 1520 2735 donabis
1535 2672 1581 2731 eii

73 2750 103 2806 Si
119 2751 242 2808 habese
263 2751 488 2821 ointellectnm,
504 2750 573 2807 andi
589 2750 667 2823 quod
680 2749 799 2820 dicitur,
985 2747 1497 2839 autquiddemanutuaaecipietl
1668 2814 1674 2827 ⁶
1715 2813 1722 2828 ‚

109 2828 139 2879 ει
153 2766 288 2905 auscuita
301 2839 400 2880 vocem
417 2822 526 2909 eloquii
541 2822 609 2879 mei.
949 2825 1067 2882 Homini
1081 2825 1123 2898 (h.
1139 2825 1223 2895 viro),
1239 2825 1289 2898 qui
1305 2821 1413 2881 similis
1428 2820 1471 2879 tui
1494 2820 1549 2886 est,
1573 2815 1689 2873 nocebit
1713 2830 1771 2871 im·

73 2892 224 2966 Numquid
240 2893 292 2965 qui
307 2912 363 2951 non
378 2894 629 2967 amatpudicinm,
644 2892 741 2949 sanari
759 2897 876 2965 potest:
1020 2896 1188 2971 pietastua,
1610 2960 1616 2973 ,
1719 2956 1750 2972 Η

108 2971 136 3022 ει
152 2967 299 3036 quomodo
315 2973 345 3022 tu
362 2983 441 3038 eum,
465 2966 515 3038 qui
536 2967 636 3037 justus
651 2970 706 3036 est,
731 2967 760 3022 in
780 2969 894 3023 tantum
984 2973 1014 3025 et
1029 2968 1122 3025 silium
1134 2970 1189 3042 (iil.
1213 2967 1306 3038 filius)
1325 2964 1456 3023 hominis
1480 2960 1633 3033 adjuvabit
1652 2958 1771 3031 justitia

143 3038 346 3094 condemnas?
911 3061 933 3131 c
1021 3038 1297 3111 tuaiill.Justitiam
1312 3037 1417 3109 tuam).

71 3107 130 3174 Qui
146 3109 220 3164 dicit
232 3109 305 3236 regi,
321 3113 454 3192 apostata
470 3126 477 3164 :
952 3110 1301 3184 Proptermuititudinem
1330 3107 1577 3167 calumniatorum
1591 3103 1774 3161 clamabunti

111 3180 256 3262 quivocat
285 3197 354 3238 uces
367 3181 485 3253 impios.
790 3211 793 3219 ·
987 3187 1016 3239 et
1030 3183 1185 3254 ejulabunt
1199 3186 1319 3256 propter
1332 3180 1391 3236 vim
1407 3177 1520 3236 brachii
1534 3181 1739 3250 tyrannorum.

72 3250 128 3315 Qui
145 3268 202 3308 non
218 3251 323 3324 accipit
335 3268 476 3325 personas
492 3249 659 3322 principum
676 3266 683 3305 :
952 3254 987 3310 iit
1002 3272 1059 3312 non
1075 3255 1149 3312 dixit
1164 3272 1171 3311 ε
1190 3254 1242 3311 Ubi
1254 3258 1300 3311 ost
1314 3257 1400 3317 Deus,
1415 3250 1466 3324 qni
1480 3247 1549 3306 iecit
1562 3264 1619 3319 mo,

107 3339 163 3379 neo
178 3324 314 3394 cognovit
327 3328 496 3397 tyrannum,
515 3338 582 3377 cum
607 3321 784 3392 disceptaret
798 3325 900 3380 contra
989 3327 1039 3411 qui
1056 3328 1137 3384 dedit
1150 3327 1192 3396 (h.
1209 3325 1295 3398 dans)
1309 3325 1441 3380 carmina
1457 3323 1487 3378 in
1504 3324 1611 3378 nocte?

147 3411 307 3467 pauperem
326 3412 332 3450 :
952 3399 1007 3462 Qui
1022 3399 1107 3455 docet
1120 3414 1175 3455 nos
1190 3413 1280 3469 super
1290 3397 1428 3468 jnmenta
1442 3398 1538 3463 terrra,

108 3483 186 3538 opus
213 3467 292 3523 enim
308 3483 450 3524 manuum
465 3465 529 3536 ejus
541 3468 613 3521 sunt
630 3462 758 3520 universi
775 3465 900 3537 (ill.uni·
988 3474 1017 3553 et
1032 3487 1122 3542 super
1135 3469 1267 3526 volucres
1278 3468 1343 3525 coeli
1357 3465 1455 3551 eruduit
1471 3465 1521 3538 pit.
1537 3460 1662 3536 erudiat)
1677 3477 1742 3520 nos.
1843 3490 1846 3495 ·

71 3540 368 3693 Subipgrglaghentm,
382 3613 411 3665 et
426 3606 572 3693 in'media
593 3609 677 3663 nocte
703 3607 902 3665 turbabuntur
954 3539 1477 3686 Ιὴιρξὲῧῐιῖῗδεξῖξεὲξεᾞῖεἰῖξξέιιῐθιῐ’
1573 3677 1580 3691 ³

109 3681 707 3833 nt⁰lthttliilltlillitan‚nii
953 3689 1018 3811 Nil
1032 3680 1726 3833 ttiiiiiitltitttitllilttbiitllthi.

70 3821 157 3878 Oculi
175 3825 253 3880 enim
271 3824 337 3894 ejus
350 3841 439 3897 super
453 3824 515 3880 viss
530 3822 697 3905 hominum,
954 3826 1048 3884 titiam
1064 3843 1131 3882 cum
1147 3825 1256 3884 dixeris
1269 3825 1409 3898 (brittam
1425 3822 1780 3895 quiadixisti):Noncon·

109 3900 139 3949 et
154 3913 257 3952 omnes
271 3910 392 3967 gressus
405 3911 507 3952 eorum
522 3893 701 3950 considerat.
1026 3898 1137 3954 siderat
1153 3916 1160 3955 :

68 3966 136 4022 Non
154 3972 225 4023 sunt
240 3966 377 4038 tenebris,
394 3971 423 4023 et
438 3984 496 4025 non
512 3971 557 4022 est
571 3963 676 4019 umbra
692 3963 806 4028 mortis,
986 3970 1120 4040 Judicare
1133 3984 1231 4027 corani
1247 3967 1309 4037 illo,
1322 3971 1352 4024 ει
1365 3970 1503 4039 exspecta
1517 3981 1596 4021 eum.

108 4042 143 4093 ut
158 4039 378 4097 abscondantur
394 4041 402 4075 ¹
420 4039 459 4095 ibi
477 4038 526 4110 qui
543 4040 703 4106 operantur
714 4036 900 4107 iniquitatem
954 4041 1038 4097 Nunc
1053 4042 1132 4098 enim
1150 4058 1206 4096 non
1223 4040 1312 4096 inlert
1326 4033 1779 4110 furorem(ill.judicium)suum,

67 4108 174 4181 Neque
189 4111 268 4167 enini
285 4109 361 4165 ultra
374 4110 403 4165 in
419 4109 550 4166 hominis
566 4110 710 4178 potestate
724 4111 779 4180 est,
991 4129 1043 4168 nec
1057 4113 1210 4169 ulciscitur
1225 4112 1322 4168 scelus
1336 4110 1430 4166 valdo.

108 4186 142 4237 nt
157 4182 254 4238 veniat
269 4182 305 4237 ad
323 4186 413 4237 Deum
425 4182 454 4238 in
466 4181 626 4254 judicium.
955 4183 1030 4255 Ergo
1045 4184 1100 4241 lob
1116 4184 1227 4240 trustra
1242 4184 1337 4255 aperit
1349 4199 1382 4239 os
1397 4197 1498 4246 auum,

67 4256 210 4309 conteret
224 4252 335 4309 multos
344 4251 589 4320 innumerabiles,
990 4260 1020 4312 et
1035 4257 1146 4327 absque
1161 4254 1282 4312 scientia
1297 4254 1384 4312 verba
1399 4250 1589 4326 multiplicat.

107 4331 136 4380 et
152 4329 231 4381 stare
247 4325 338 4381 iuciet
353 4324 427 4381 alios
443 4342 495 4396 pro
510 4325 563 4380 eis.

66 4396 159 4453 Novit
175 4397 249 4452 enim
266 4411 355 4468 opem
370 4412 490 4453 eorum.
1063 4388 1166 4429 innnns
1185 4387 1295 4439 onoons
1309 4385 1373 4428 siin
1389 4389 1448 4427 nnc
1467 4379 1673 4445 accusasses:

109 4471 138 4523 et
154 4468 263 4523 idcirco
278 4467 398 4524 inducet
412 4440 540 4534 noctem,
555 4473 585 4526 et
601 4469 800 4549 conterentur.
915 4435 939 4502 D
957 4470 1040 4543 (sap.
1058 4470 1191 4542 XXXVI.)
1205 4471 1324 4527 Sustine
1339 4485 1384 4525 me
1407 4465 1573 4540 paululum,
1594 4468 1624 4521 et
1644 4463 1780 4522 indicabo

67 4539 163 4605 Quasi
178 4539 286 4610 impios
302 4541 447 4609 percussit
460 4556 509 4596 cos
526 4539 557 4596 in
573 4541 636 4597 loco
652 4538 832 4595 videntium.
1029 4541 1103 4597 tibi:
1120 4543 1217 4598 adhuc
1232 4541 1311 4599 enim
1327 4540 1420 4597 habeo
1436 4538 1514 4612 quod
1536 4553 1588 4610 pro
1603 4536 1662 4594 Deo
1677 4534 1783 4610 loquar

68 4611 126 4676 Oui
143 4611 228 4682 quasi
244 4611 279 4667 de
294 4610 438 4668 industria
452 4617 637 4670 recesserunt
651 4611 687 4667 ab
704 4626 749 4676 eo,
994 4613 1048 4684 (lt.
1066 4613 1193 4685 prodens
1208 4613 1330 4684 loquar),

109 4687 138 4740 ct
153 4699 256 4740 omnes
271 4681 411 4751 visseins
425 4682 767 4755 intelligerenoluerunt,
959 4685 1098 4757 Repetam
1114 4685 1267 4743 scientiam
1286 4699 1381 4740 meam
1397 4680 1567 4755 (hscientia
1581 4679 1657 4753 mea)
1672 4696 1690 4736 a
1705 4678 1783 4753 prin·

68 4755 110 4813 Ut
126 4755 277 4826 pervenire
291 4754 422 4811 lacerent
436 4755 472 4811 ad
488 4771 555 4811 eum
569 4757 728 4813 clamorem
743 4753 840 4825 egeni,
1028 4756 1115 4829 cipio,

107 4833 137 4882 et
150 4825 266 4884 audiret
281 4842 380 4883 vocem
397 4842 572 4899 pauperum.
993 4831 1023 4883 et
1037 4831 1218 4900 operatorem
1235 4842 1334 4884 meum
1349 4825 1616 4899 probabojustum.

69 4903 140 4973 Ipso
157 4899 236 4955 anim
263 4898 440 4955 concedente
467 4915 580 4971 pacem,
606 4899 674 4970 quis
698 4898 810 4969 estqui
827 4914 901 4954 eon·
955 4898 1030 4956 Vero
1043 4900 1120 4956 enim
1135 4901 1247 4971 absque
1263 4898 1415 4956 mendacio
1430 4912 1581 4952 sermones
1591 4895 1659 4967 mei,

107 4971 229 5026 demnst
247 4969 261 5024 i
993 4975 1022 5026 ει
1037 4973 1164 5044 perlecta
1179 4971 1303 5028 scientia
1316 4968 1489 5044 probabitur
1502 4967 1566 5024 tibi.

106 5059 142 5098 ex
159 5058 217 5168 quo
231 5040 417 5097 absconderit
431 5040 558 5112 vultum,
577 5040 645 5114 quis
660 5041 763 5114 estqui
775 5043 903 5099 contem·
958 5042 1179 5170 Deuspotentes
1194 5043 1235 5114 (h.
1261 5041 1310 5113 qui
1339 5041 1425 5098 corde
1453 5043 1587 5113 potentes
1614 5035 1695 5109 sunt)
1721 5051 1780 5093 non

145 5130 162 5186 p
176 5117 242 5169 etur
258 5128 337 5168 eum.
1029 5132 1045 5171 a
1063 5115 1140 5186 licit,
1154 5130 1220 5170 oum
1235 5118 1264 5170 ει
1278 5114 1341 5185 ipse
1356 5113 1395 5170 sit
1408 5117 1522 5184 potens.

106 5189 136 5241 et
151 5201 244 5256 super
258 5187 374 5255 gentem
389 5187 418 5239 et
430 5199 521 5256 snper
535 5199 639 5241 omnes
654 5184 813 5241 homines?
957 5185 1014 5241 Sed
1029 5202 1087 5242 non
1103 5185 1195 5242 salvat
1209 5184 1327 5258 impios,
1342 5190 1371 5241 at
1380 5183 1526 5255 judicium
1539 5181 1718 5255 pauperibus
1728 5177 1780 5234 tri-

70 5257 127 5322 Oui
159 5271 282 5328 regnare
311 5255 382 5311 lacit
410 5255 558 5313 hominem
582 5257 762 5330 hypocritam
785 5259 904 5330 proptor
1028 5258 1095 5314 buit
1110 5258 1166 5326 (it.
1182 5257 1316 5330 tribuet)

146 5332 266 5400 peccata
283 5326 397 5400 populi.
957 5328 1019 5385 Non
1035 5330 1148 5387 soleret
1163 5331 1174 5365 ²
1189 5330 1300 5400 ajusto
1314 5326 1415 5384 oculos
1431 5342 1512 5395 suns,

111 5475 119 5509 ¹
138 5471 237 5528 Monet
250 5469 386 5527 Scholion
400 5471 561 5543 marginata
577 5490 631 5530 ms.
644 5473 752 5530 codicis
768 5471 904 5542 Majoris-
958 5475 1127 5545 iniqnitatis.
1145 5472 1232 5530 llrbr.
1248 5473 1283 5528 ad
1300 5469 1470 5537 verbum,ad
1484 5465 1781 5541 respondendumvi'ris

71 5541 339 5607 lionasteriihunc
349 5557 465 5598 versum
478 5544 581 5600 abesse
592 5545 621 5602 in
638 5547 758 5603 llabrmo
772 5561 779 5601 z
793 5544 842 5600 sed
853 5542 904 5599 inl·
958 5544 1130 5618 iniqnitatis.

73 5633 127 5673 sus
138 5619 184 5670 est
195 5618 300 5671 auctor
316 5613 526 5682 adnotationis,
542 5620 592 5672 aut
607 5623 683 5673 certe
700 5635 785 5674 usum
800 5614 904 5671 habuit
993 5618 1097 5684 ³Quod
1115 5615 1288 5672 scholiastes
1304 5613 1415 5669 mavult
1429 5614 1459 5670 in
1474 5611 1595 5669 instanti
1610 5608 1714 5684 aufert,
1727 5614 1784 5668 Pa·
1863 5680 1869 5687 ,

74 5686 175 5744 mutili
190 5703 223 5744 ac
240 5685 404 5757 imperfecti
420 5685 552 5743 Hebraici
568 5689 752 5760 exemplaris.
779 5689 874 5745 Minr.
958 5687 1040 5747 latin.
1057 5704 1172 5763 quoque
1188 5705 1244 5744 ms.
1262 5686 1387 5760 prmlnrt.

112 5758 209 5817 ¹cun
223 5757 359 5832 vulgatis
374 5756 490 5831 Regina
506 5776 562 5818 me.
578 5777 613 5819 ne
626 5760 777 5818 desineant
792 5761 903 5817 tromi'ne
