3870 6120
65 212 70 219 ·
138 194 209 250 teet
665 190 694 242 S.
714 186 919 255 masuram
937 185 1067 241 ulvius
1083 185 1330 243 biamorsacs.

29 366 33 373 .
173 322 203 375 et
217 332 309 388 super
324 314 498 387 sanguinem
511 312 561 385 qui
576 312 690 369 affusus
703 315 749 368 est
762 311 791 367 iii
802 311 899 368 medio
910 310 964 367 tui.
981 315 1006 381 A
1056 310 1085 366 iii
1103 311 1300 368 adolescentia
1315 326 1370 366 sua
1384 307 1531 367 fornicatae
1546 311 1619 365 sunt
1634 323 1643 364 t

137 389 275 460 Nunquid
291 386 448 443 sustinebit
463 401 513 440 cor
527 383 889 510 tuumautgiraevalebunt
902 399 965 439 ma·
1021 382 1063 439 lbi
1076 384 1198 439 subacta
1213 389 1285 441 sunt
1300 383 1390 439 ubera
1406 397 1519 449 earum,

210 476 267 515 nus
283 464 349 524 tum,
367 460 396 513 in
413 456 517 512 diebus
532 473 606 529 quos
619 472 673 528 ego
696 456 791 513 aciem
808 454 888 513 tibif
1055 459 1084 511 et
1099 455 1195 510 fracta
1211 460 1280 511 sunt
1295 469 1430 510 mamma
1441 452 1609 581 pubertatis
1622 468 1740 535 earum,

173 548 187 588 s
210 548 226 586 o
242 529 382 585 Dominus
398 527 515 584 loculus
530 544 606 594 sum,
624 536 651 583 et
668 527 782 584 faciam.
1019 524 1144 582 Nomina
1159 530 1257 583 autem
1273 524 1440 594 eorummet
1453 541 1471 582 a
1484 527 1590 597 major,
1597 529 1626 581 et
1641 524 1750 582 Ooliba
1764 541 1845 583 sorar

186 546 354 672 dispergam
371 606 399 656 te
413 600 443 655 in
460 600 606 667 nationes,
620 604 648 656 et
662 599 810 656 ventilabo
827 602 854 654 te
863 597 893 653 iu
905 601 967 655 ter·
1090 598 1172 668 ejus:

207 690 268 729 ras.
1054 672 1084 724 et
1100 668 1187 723 babai
1203 683 1264 737 eas,
1274 670 1303 723 et
1317 671 1494 739 pepererunt
1509 665 1587 724 tilios
1603 672 1633 724 et
1649 666 1741 725 filias.

171 749 199 799 et
214 744 337 799 delicere
352 742 456 799 faciam
475 741 694 799 immunditiam
710 745 792 797 tuam
808 758 825 797 a
843 745 881 798 te.
1018 739 1107 796 Porro
1122 755 1223 795 earum
1239 739 1370 804 nomina,
1384 737 1514 795 Samaria
1528 737 1623 811 Dolla,

135 816 170 871 Et
186 815 353 887 possidebo,
368 820 396 871 te
411 815 440 870 in
457 819 649 886 conspectum
664 813 797 887 gentium
815 829 823 869 2
1053 818 1081 868 et
1096 811 1260 867 Jerusalem
1276 809 1387 867 Deliba.

172 895 200 943 et
216 886 290 942 scies
305 886 374 957 quie
388 902 441 957 ego
454 886 604 942 Dominus.
1016 882 1172 939 Fornicala
1185 887 1231 938 est
1244 883 1336 955 igitur
1350 880 1433 939 Dolla
1446 897 1536 953 super
1549 896 1609 948 me,
1708 951 1714 963 Ι

133 960 168 1014 El
184 959 294 1013 factum
310 964 355 1014 est
369 959 489 1014 verbum
506 956 623 1013 Domini
639 957 675 1013 ad
691 971 748 1027 me,
765 956 866 1012 diceus
882 970 889 1010 :
1052 959 1081 1011 et
1097 953 1237 1011 insanivit
1251 955 1280 1011 in
1297 955 1446 1011 amatores
1460 970 1541 1021 euos,
1556 952 1586 1008 in
1611 955 1753 1025 Assyrios
1778 969 1841 1024 pro·

134 1028 187 1085 Pili
204 1029 347 1095 hominis,
754 1097 759 1107 .
1088 1026 1264 1098 pinquantss
1277 1024 1329 1095 (ill.
1341 1023 1406 1080 cdd.
1417 1023 1465 1097 ei.)

169 1117 251 1158 versa
266 1106 312 1156 est
327 1099 399 1155 milii
414 1100 520 1156 domus
536 1099 623 1155 lsrael
639 1099 668 1155 in
685 1114 811 1155 scoriam
828 1113 836 1153 t
1050 1097 1170 1152 vestitos
1185 1097 1355 1168 hyacintho,

169 1172 278 1229 Omnes
294 1171 434 1237 istiasmt
444 1176 630 1239 stannum‚et
641 1170 794 1238 ferrum,et
805 1166 958 1240 plumbum
1052 1168 1209 1240 principes,
1225 1175 1254 1224 et
1269 1168 1470 1243 magistratus.
1480 1167 1606 1239 juvenes
1621 1166 1787 1239 cupidinis,

205 1244 234 1298 in
253 1244 350 1299 medio
366 1243 494 1300 fornacis
511 1260 518 1298 ι
1050 1240 1204 1296 universos
1219 1241 1343 1312 equites,
1361 1256 1532 1298 ascensores
1547 1254 1705 1312 equorum.

167 1315 264 1370 scoria
278 1315 394 1387 argenti
410 1316 478 1371 facti
494 1317 575 1369 sunt.
1014 1311 1050 1365 lli
1064 1311 1142 1366 dedit
1156 1310 1364 1369 fornicationes
1378 1329 1449 1369 sues
1463 1328 1553 1385 super
1567 1326 1618 1367 eos
1633 1309 1840 1379 slectcs‚fllioa

133 1385 290 1458 Propterea
305 1386 364 1442 bae
380 1387 450 1443 dicit
462 1385 604 1442 Dominus
619 1388 698 1440 Deus
714 1400 720 1439 :
1085 1383 1274 1455 assyriorum
1289 1384 1442 1441 universos
1458 1400 1464 1438 :

135 1462 178 1514 lto
193 1459 269 1529 quod
285 1458 362 1513 versi
378 1460 450 1515 estis
476 1471 580 1514 omnes
595 1456 625 1511 in
642 1454 780 1521 scoriam,
1049 1451 1085 1509 Et
1100 1454 1131 1509 in
1146 1454 1284 1511 omnibus
1299 1454 1330 1511 in
1344 1473 1419 1528 quos
1435 1454 1587 1527 insanivit,

169 1533 323 1601 propterea
338 1546 404 1586 ecce
416 1546 468 1602 ego
484 1526 672 1602 congregabo
686 1542 737 1583 vos
752 1525 783 1580 in
799 1522 895 1585 medio
908 1527 958 1579 le·
1049 1524 1079 1578 in
1095 1524 1293 1609 immunditiis
1307 1543 1409 1584 eorum
1426 1525 1537 1600 polluta
1551 1533 1608 1586 est.

202 1600 347 1668 ruentem,
1014 1596 1138 1666 Insuper
1153 1602 1182 1653 et
1196 1597 1404 1656 fornicationes
1430 1616 1513 1667 suas,
1533 1617 1607 1672 quas
1633 1600 1781 1658 habuerat
1806 1600 1835 1659 in

168 1673 393 1745 congregatione
408 1674 533 1746 argenti,
549 1680 577 1730 et
588 1672 666 1742 aris,
679 1674 709 1727 st
720 1667 831 1736 ferri,et
845 1664 958 1733 stanni,
973 1681 1002 1749 B.
1084 1665 1217 1754 AEgypto,
1232 1687 1290 1726 non
1305 1670 1424 1742 reliquit
1440 1688 1447 1726 :

202 1751 231 1798 ei
247 1742 359 1816 plumbi
371 1745 401 1799 in
418 1747 513 1802 medio
529 1745 657 1801 romaeis
674 1759 681 1798 :
1049 1754 1117 1794 nam
1133 1745 1161 1796 el
1175 1740 1219 1796 illi
1244 1742 1425 1799 dormierant
1440 1759 1504 1799 cum
1526 1760 1560 1800 ea
1584 1744 1615 1801 in
1639 1744 1833 1803 adolescentia

166 1819 199 1870 ut
214 1817 390 1872 succendam
407 1816 436 1872 in
451 1835 486 1874 ea
500 1818 600 1889 ignem
616 1816 651 1873 ad
668 1812 868 1870 conflandum.
1080 1810 1156 1879 e'us,

129 1886 176 1943 Sic
189 1888 372 1960 congregabo
387 1888 418 1944 iu
435 1889 532 1945 lurore
547 1904 623 1959 meo,
653 1892 682 1942 et
704 1885 735 1940 iu
759 1886 802 1941 ira
826 1897 902 1950 mea,
925 1883 955 1936 et
1044 1885 1072 1936 et
1087 1882 1094 1934 i
1110 1881 1128 1936 li
1145 1882 1349 1955 confregerant
1363 1884 1453 1942 ubera
1469 1885 1634 1956 pubertatis
1648 1888 1727 1959 ejus,

200 1960 384 2030 requiescum
402 1976 409 2014 :
1044 1957 1072 2007 et
1086 1953 1252 2011 effuderant
1266 1955 1489 2014 fornicationem
1504 1974 1590 2014 suarii
1604 1976 1699 2031 super
1712 1975 1787 2017 eam.

164 2034 192 2086 ei
207 2029 339 2085 conflabo
354 2047 415 2086 vos,
1008 2022 1147 2106 Proptera
1159 2025 1267 2081 tradidi
1283 2043 1346 2084 eam
1358 2027 1389 2083 in
1405 2045 1510 2085 manus
1520 2038 1689 2089 amatorum
1700 2046 1827 2099 suorum,

128 2101 164 2157 st
179 2102 361 2172 congregabo
374 2119 437 2164 vos,
1078 2112 1108 2151 in
1125 2112 1232 2154 manus
1243 2096 1372 2155 filiorum
1387 2102 1488 2171 Assur,

165 2177 194 2227 et
210 2173 387 2227 succendam
403 2189 454 2227 vos
468 2172 498 2227 iii
515 2171 583 2242 igne
598 2169 705 2226 furoris
722 2170 790 2240 mei,
1043 2182 1132 2238 super
1146 2184 1272 2239 quorum
1288 2171 1431 2227 insanivit
1444 2171 1575 2228 libidine.

164 2248 193 2298 et
208 2244 407 2298 conflabimini
424 2243 453 2298 in
471 2243 566 2298 medio
581 2243 655 2313 ejus.
1005 2239 1064 2308 lpsi
1081 2239 1343 2312 discooperuerunt
1359 2242 1553 2313 ignominiam
1568 2245 1646 2317 ejus,

128 2313 167 2369 Ut
179 2314 323 2369 conflatur
338 2321 493 2386 argentum
508 2314 538 2370 in
554 2314 650 2369 medio
666 2310 852 2383 fornacis,sic
870 2308 951 2367 eritis
1077 2308 1153 2368 filios
1168 2318 1197 2368 et
1211 2311 1286 2370 filias
1302 2313 1367 2385 ejus
1381 2316 1525 2383 tulerunt,

197 2384 228 2439 in
246 2386 444 2456 mediesjus:
1076 2383 1403 2455 etipsamocciderunt
1433 2387 1533 2454 ladio;

160 2463 188 2513 et
200 2456 301 2514 scietis
317 2457 385 2525 quia
399 2473 451 2530 ego
469 2456 690 2524 Dominue,cum
704 2454 857 2513 effuderim
873 2452 950 2510 indi·
1005 2451 1039 2505 Et
1052 2453 1219 2537 factasunt
1235 2455 1354 2513 famens
1370 2402 1519 2523 maiieres

196 2528 366 2599 guntionsm
384 2544 477 2585 meam
493 2544 657 2600 supervos.
1039 2526 1194 2595 etJudicia
1208 2533 1447 2600 perpetraverunt
1460 2530 1490 2585 iu
1505 2545 1550 2586 ea.

124 2598 160 2654 ut
175 2599 284 2656 factum
300 2605 344 2655 est
359 2602 479 2657 verbum
495 2599 612 2655 Domini
623 2599 660 2654 ad
676 2614 733 2668 me,
749 2597 872 2655 dicens:
1003 2594 1063 2658 Ood
1077 2612 1147 2677 cum
1163 2598 1283 2655 vidisset
1296 2616 1379 2657 soror
1393 2603 1457 2674 eJus
1473 2600 1585 2671 Deliba,
1602 2601 1764 2675 plusquam
1778 2600 1820 2657 illi

125 2669 180 2727 Fili
196 2670 336 2739 hominis,
1074 2670 1215 2727 insanivit
1230 2669 1373 2728 libidine:

161 2742 207 2798 din
222 2744 248 2798 ei
265 2761 272 2799 :
1038 2739 1820 2815 etfornicatienemsuamsuperfornieationemsoreris

127 2813 171 2869 Tu
187 2828 219 2871 es
234 2819 313 2871 terra
327 2814 492 2883 immunda,
1073 2827 1134 2868 suae
1144 2814 1180 2869 ad
1195 2813 1271 2870 filios
1285 2815 1470 2888 Assyriorum
1507 2814 1613 2871 rabuit
1628 2815 1817 2899 impudenter,

159 2889 188 2941 et
203 2902 259 2941 nnn
277 2886 472 2959 complutam
488 2886 535 2941 dis
551 2887 668 2943 suroris,
1037 2879 1163 2940 ducibus
1179 2889 1206 2939 et
1221 2887 1443 2958 magistralibus
1458 2832 1756 2955 asseverantibus,
1778 2887 1817 2943 in·

123 2955 295 3026 Gonjuratio
311 2958 522 3042 prophetarum
538 2958 566 3013 in
584 2958 680 3015 medio
695 2959 771 3014 e‘us.
1072 2954 1152 3037 dulia
1166 2961 1246 3013 veste
1260 2958 1349 3024 varia.

158 3028 234 3109 sient
249 3027 293 3084 leo
308 3044 438 3101 rugiens,
453 3029 627 3100 rapiensque
643 2974 780 3101 praelium,
960 3049 983 3119 c
1036 3028 1197 3095 equttlbtls‚
1209 3029 1259 3100 qtli
1275 3029 1466 3086 vectabantur
1479 3028 1576 3102 equis,
1592 3032 1621 3085 et
1637 3027 1815 3087 adolescenti·

162 3115 292 3155 animam
307 3101 529 3182 devoraverunt,
1065 3097 1135 3184 'bus
1151 3099 1244 3155 forma
1258 3101 1374 3158 cunctis
1388 3099 1514 3183 egregia.

158 3173 627 3315 Sieledagtefdgtid'ffitigffcgileigiit
640 3241 671 3298 iu
687 3242 784 3298 medio
798 3240 889 3298 iliius.
998 3172 1035 3301 IEti
1045 3170 1477 3301 vaiiiiiil[ididaipctiiltlildtii‘egscaritis!{a
1493 3189 1551 3228 una
1566 3173 1735 3231 ambarum·

121 3312 293 3368 Sacerdotes
307 3315 371 3384 ejus
387 3317 628 3386 contempserunt
642 3313 736 3386 legem
748 3328 854 3380 meam,
1033 3330 1161 3396 cumque
1176 3314 1299 3372 vidisset
1313 3316 1398 3373 viros.
1407 3315 1537 3387 depictos
1552 3315 1582 3372 in
1599 3317 1721 3389 pariete,

158 3387 187 3439 et
203 3382 369 3455 polluerunt
387 3386 556 3442 sanctuaria
570 3401 658 3444 mea:
1033 3387 1178 3458 imagines
1192 3385 1396 3444 Chaldaeorum
1411 3402 1566 3460 expressas
1582 3387 1744 3459 coloribus,

90 3502 96 3513 .
156 3455 233 3511 inter
248 3461 384 3511 sanctum
400 3464 427 3511 et
442 3457 598 3528 profanum
615 3472 672 3511 uon
692 3454 861 3510 habuerunt
887 3452 944 3509 dis·
1032 3462 1062 3514 et
1076 3456 1224 3514 accinctos
1240 3457 1345 3516 balteis
1366 3474 1462 3528 renes,

192 3526 316 3582 tantiam
335 3543 341 3580 :
1032 3535 1061 3585 et
1074 3529 1166 3584 tiaras
1183 3528 1290 3587 tinctae
1305 3531 1335 3587 in
1348 3531 1495 3602 capitibus
1511 3546 1627 3600 eorum,

157 3603 185 3652 cl
199 3597 276 3654 inter
290 3596 434 3670 pollulum
450 3600 478 3653 et
494 3596 638 3654 mundum
649 3612 707 3653 non
722 3595 940 3653 intellexerunt:
1032 3602 1156 3657 formam
1172 3600 1282 3660 ducum
1296 3601 1680 3669 omnium,simititudinem
1696 3602 1809 3660 fitiorum

155 3672 186 3724 et
200 3686 217 3724 a
230 3669 362 3726 sabbatis
377 3668 450 3725 meis
465 3673 634 3724 averterunt
647 3668 747 3726 oculos
762 3684 843 3740 suos,
1066 3669 1233 3743 Babylonis,

154 3744 183 3795 et
200 3741 414 3813 coinquinabar
428 3741 458 3795 iri
474 3740 571 3797 medio
585 3756 699 3798 eorum.
1031 3751 1173 3814 terraque
1187 3742 1403 3810 Chaldaeorum,
1419 3743 1448 3797 in
1465 3759 1525 3815 qua
1539 3742 1594 3798 orti
1611 3748 1696 3813 eunt,

117 3810 269 3885 Principes
283 3813 349 3884 ejus
363 3812 394 3867 iii
409 3811 505 3867 medin
521 3810 779 3895 illiusquasi'lupi
794 3810 940 3884 rapientes
994 3815 1030 3869 Et
1044 3814 1185 3871 insanivit
1208 3831 1297 3887 super
1324 3831 1374 3871 eos
1399 3813 1639 3887 concupiscentia
1668 3816 1806 3873 oculorum

115 3958 146 4010 et
169 3883 940 4027 agregigrreffigagllgirilriifflungtsgggggnggi.⁸emnda
1028 3901 1289 4012 elegiditirili'untios
1305 3956 1340 4012 ad
1358 3971 1407 4013 eos
1423 3956 1452 4010 in
1468 3955 1648 4014 chaldaeam.

186 4025 278 4083 luera.
993 4030 1125 4100 Cumque
1139 4029 1290 4084 venissent
1300 4028 1334 4083 ad
1349 4043 1413 4084 eam
1428 4026 1479 4083 lllii
1492 4026 1650 4100 Babylonis
1663 4030 1700 4086 ad
1712 4028 1806 4087 cubilia

117 4095 268 4169 Prophetae
284 4103 384 4153 autem
398 4099 463 4169 ejas
477 4097 622 4153 liniebant
636 4114 687 4155 ecs
702 4097 814 4171 absque
827 4100 938 4170 tempe·
1065 4116 1276 4166 mammarum,
1294 4098 1463 4172 polluerunt
1477 4114 1540 4155 eam
1556 4101 1670 4170 stupris
1685 4104 1759 4168 suia,

184 4173 329 4225 ramento.
1031 4175 1060 4227 el
1075 4170 1185 4241 polluta
1200 4175 1245 4227 est
1260 4170 1295 4225 ab
1311 4169 1363 4237 eis,
1381 4175 1410 4226 et
1425 4174 1556 4227 saturata
1571 4176 1618 4227 est
1639 4173 1742 4231 anime
1755 4173 1806 4246 eius

148 4240 278 4298 videntes
294 4257 381 4309 vana,
396 4244 425 4296 et
440 4239 606 4296 divinantes
621 4240 664 4296 eis
680 4239 880 4309 mendacium,
891 4239 937 4295 di·
1063 4244 1100 4298 ab
1115 4239 1188 4297 illis.

183 4317 304 4368 centes:
992 4314 1157 4371 Denudavit
1172 4328 1288 4396 quoque
1303 4311 1511 4368 fornicationes
1525 4328 1608 4384 suas,
1622 4319 1652 4371 et
1667 4314 1805 4386 discoope-

111 4380 178 4438 Heec
189 4382 261 4439 dicit
271 4382 415 4440 Dominus
426 4388 512 4452 Deus,
1063 4384 1123 4440 ruit
1137 4383 1330 4457 ignominiam
1345 4399 1430 4439 suam
1448 4399 1454 4439 :

147 4469 214 4510 cum
228 4454 371 4512 Dominus
386 4472 444 4513 non
458 4455 498 4511 sit
509 4455 636 4515 locutus.
951 4419 977 4489 D
1026 4461 1055 4512 et
1070 4458 1189 4513 recessit
1204 4455 1304 4511 anima
1319 4455 1484 4521 meaabea,

109 4524 212 4597 Populi
227 4532 310 4583 terra
325 4526 585 4586 calumniabantur
599 4528 791 4597 calumniam,
1026 4528 1105 4584 sicut
1117 4531 1277 4585 recesserat
1291 4526 1391 4583 anima
1405 4541 1471 4582 mea
1485 4542 1503 4581 a
1517 4541 1617 4584 sorore
1627 4527 1707 4600 ejus,

145 4601 176 4653 et
190 4598 343 4668 rapiebant
357 4598 500 4655 violenter
517 4617 524 4655 ε
989 4597 1194 4671 multiplicavit
1221 4596 1299 4654 enim
1314 4596 1521 4654 fornicationes
1533 4613 1616 4666 suas,

108 4667 242 4740 Egenum
257 4675 286 4726 et
300 4685 459 4743 pauperem
470 4670 649 4742 affligebant,
1025 4671 1181 4727 recordans
1198 4669 1261 4726 dies
1284 4668 1486 4726 adolescentia
1507 4684 1581 4737 sua,
1596 4668 1710 4741 quibua
1724 4664 1801 4726 forni-

145 4745 174 4797 et
188 4742 331 4797 advenam
361 4739 565 4813 opprimebant
580 4739 731 4798 calumnia
757 4739 871 4811 absque
881 4740 934 4810 ju·
1059 4745 1124 4798 cata
1138 4745 1183 4797 est
1196 4741 1228 4797 in
1242 4744 1320 4797 terra
1334 4740 1460 4813 AEgppti.

182 4812 268 4868 dicio.
987 4813 1023 4870 Et
1036 4812 1179 4871 insanivit
1191 4810 1315 4869 libidine
1328 4826 1417 4883 super
1431 4811 1622 4870 concubitum
1636 4829 1748 4886 eorum,

109 4886 145 4941 Et
158 4882 279 4956 quesivi
294 4881 331 4937 de
344 4879 388 4937 eis
401 4881 512 4950 neum,
527 4880 579 4954 qui
594 4881 794 4954 interponeret
821 4896 931 4954 sepem,
1022 4900 1146 4955 quornm
1161 4896 1264 4939 carnee
1278 4885 1360 4950 sunt,
1376 4884 1408 4937 ut
1422 4898 1526 4940 carnea
1540 4882 1694 4941 asinorum
1711 4902 1720 4941 ε

180 4961 208 5011 et
237 4956 329 5011 staret
343 4954 495 5023 oppositus
510 4957 612 5010 coatia
637 4969 684 5010 me
712 4969 763 5026 pro
792 4956 879 5022 terra,
896 4970 933 5011 ne
1022 4959 1051 5013 et
1066 4957 1145 5012 sicut
1156 4954 1254 5011 fluxus
1268 4967 1425 5026 equorum,
1439 4953 1537 5012 fluxus
1550 4970 1666 5013 eornm.

179 5027 356 5109 dissiparem
369 5039 435 5080 eam
452 5040 460 5080 ι
598 5043 601 5050 ·
986 5026 1020 5081 llt
1033 5025 1161 5082 visitasti
1178 5022 1276 5081 scelus
1291 5022 1496 5081 adolescentiae
1509 5026 1577 5093 tua,

143 5094 368 5153 etnoninveni.
433 5162 440 5176 .
485 5162 491 5175 ·
567 5163 574 5177 .
1022 5094 1548 5178 quandosubactasuntinAEgypto
1565 5096 1736 5166 uberstun,

108 5168 143 5224 Et
158 5169 246 5253 effudi
264 5182 353 5251 super
366 5179 417 5222 eos
431 5163 664 5247 indignationem
681 5181 789 5237 meam,
1022 5172 1051 5226 et
1065 5168 1372 5248 confractamamma
1387 5165 1552 5239 pubertatis
1564 5168 1633 5226 faie.

105 5254 357 5369 virilitati
371 5249 717 5380 tttllttllllitlti
985 5235 1323 5389 Pitflftiitiiiiia
1336 5310 1415 5365 aa
1430 5321 1443 5363 2.

142 5383 183 5440 ait
198 5383 344 5441 Dominus
359 5381 447 5438 Deus.
985 5377 1285 5455 Ecceegosuscitabo
1296 5392 1400 5435 omnes
1410 5380 1558 5435 amatores
1571 5381 1645 5441 tuos
1656 5376 1799 5444 anubab,

105 5450 184 5524 (Cap.
200 5454 313 5524 Xlllll.)
327 5454 362 5509 ut
372 5452 467 5508 faetus
480 5453 525 5506 ast
539 5465 635 5506 sermo
659 5448 777 5508 Domini
807 5450 845 5509 ad
872 5465 929 5520 me,
1056 5451 1092 5506 de
1108 5447 1217 5520 quibus
1233 5446 1340 5504 satiata
1352 5452 1399 5503 est
1413 5447 1515 5507 anima
1527 5451 1604 5507 tna:

178 5525 279 5583 dicens
294 5544 301 5582 ς
1020 5523 1050 5575 et
1061 5520 1246 5655 congregabo
1265 5534 1315 5575 eos
1330 5518 1485 5575 adversum
1500 5520 1530 5574 te
1545 5518 1575 5574 in
1591 5518 1741 5583 circuitu;

107 5592 313 5680 Filibomtnis,
410 5663 416 5675 ¹
499 5661 506 5674 ·
640 5659 647 5673 .
983 5589 1174 5719 Εἰίἱοῌῖιὼγι
1199 5590 1258 5658 nis,
1273 5588 1650 5674 etuniversos2sslinldans‚

137 5662 666 5808 tltllttttiltlltlttt‘l'
679 5661 810 5733 ’Μ
1019 5662 1805 5809 llicittffllttllttttttlanmm

136 603 171 658 bt
