3870 6120
116 384 170 442 51
650 384 681 439 8.
701 383 909 439 ntnontttt
927 384 1054 439 btvltu
1071 384 1319 441 umbrosusca.
1787 378 1843 437 352

118 511 199 567 ciue
212 516 257 565 est
276 514 299 564 ¹.
321 508 354 564 Si
381 511 479 563 autem
507 506 667 561 effloruerit
682 505 852 561 discurrens
867 506 949 579 lepra
962 508 990 575 Α
1003 520 1055 563 eos
1068 508 1215 563 sacerdos.
1229 507 1259 564 si
1274 505 1499 580 deprehenderit
1516 505 1740 562 subobscurum
1756 504 1840 562 albo·

117 598 150 655 in
164 606 242 661 cute.
256 606 284 653 at
298 596 447 669 operuerit
469 609 588 649 omnem
604 599 701 650 cotem
718 594 841 667 ecapits
857 610 952 667 usque
1005 610 1067 651 rem
1084 594 1180 652 lucere
1195 595 1224 652 in
1240 600 1315 663 cute,
1329 596 1402 653 sciat
1416 611 1474 652 non
1484 610 1551 652 esse
1558 594 1683 667 lepram,
1700 594 1753 652 sed
1776 610 1841 652 me·

117 688 155 744 ad
181 682 506 759 pedeszquidquidsub
521 685 675 755 aspectum
692 681 845 739 oculorum
861 684 950 740 cadit,
1004 682 1102 740 culam
1117 683 1222 740 coloris
1236 683 1365 751 candidi,
1380 687 1410 740 et
1422 683 1575 740 bominem
1597 683 1760 739 mnndum.
1780 683 1843 753 vir,

117 773 315 831 considerabit
330 787 399 827 eum
413 770 553 827 sacerdos
576 770 618 839 (h.
635 771 691 827 sub
712 776 832 844 aspectu
852 773 950 829 oculo·
1005 772 1136 843 daonius
1145 772 1240 845 capite
1250 771 1348 845 capilli
1358 775 1463 840 fluunt,
1472 771 1571 828 calvus
1584 787 1618 827 ac
1627 771 1764 829 mundus
1773 777 1843 843 est;

117 879 185 919 rum
199 860 384 931 sacerdotis),
401 862 431 916 et
457 859 549 915 teneri
565 858 647 933 lepra
663 859 860 916 mundissima
867 860 950 932 judi·
1004 864 1034 917 et
1049 861 1074 917 si
1089 877 1107 916 a
1121 861 1215 917 lronte
1228 860 1396 918 ceciderunt
1420 859 1483 932 pili,
1505 859 1686 917 recalvaster
1702 864 1732 916 et
1753 878 1844 918 mun-

116 951 198 1007 cabit
212 965 265 1005 :co
287 948 366 1019 qnod
395 948 494 1005 omnis
513 949 544 1005 in
568 949 727 1006 candorem
755 965 842 1005 versa
857 949 907 1017 sit,
922 952 951 1006 et
1003 949 1061 1006 dns
1074 958 1128 1005 est.
1142 949 1171 1004 si
1188 954 1284 1005 autem
1308 948 1339 1004 in
1361 947 1479 1005 calvitio
1498 949 1560 1005 sire
1585 947 1615 1003 in
1641 948 1844 1007 recalvatione

115 1039 225 1094 idcirco
239 1036 329 1093 homo
339 1037 471 1093 mundns
480 1037 545 1095 erit.
556 1037 680 1104 Quando
689 1054 757 1093 vero
767 1054 835 1094 caro
849 1038 950 1095 vivens
1003 1037 1090 1095 albus
1104 1037 1149 1094 vel
1164 1038 1248 1094 ruins
1263 1037 1343 1094 color
1357 1035 1445 1094 luerit
1459 1042 1590 1105 exortus,
1611 1042 1640 1093 el
1661 1036 1719 1094 hoc
1740 1054 1843 1095 sacer·

115 1126 147 1183 in
158 1142 192 1183 co
207 1126 391 1197 apperuerit,
405 1130 476 1181 tuno
490 1126 651 1182 sacerdotis
661 1126 774 1197 jndicio
790 1124 948 1197 polluetur,
1002 1126 1057 1183 dos
1072 1126 1188 1193 viderit,
1208 1126 1414 1183 condemnabit
1432 1142 1500 1182 eum
1515 1125 1594 1182 band
1624 1126 1715 1182 dubie
1737 1126 1841 1200 teprae,

115 1215 232 1272 etinter
254 1215 405 1270 immudos
434 1214 630 1286 reputabitur.
652 1218 723 1271 caro
744 1214 824 1271 enim
838 1213 903 1270 viva
923 1217 948 1272 si
1003 1215 1249 1287 qusaortaestiu
1264 1213 1389 1271 calvitio.
1412 1214 1596 1286 Quicumque
1616 1229 1687 1287 ergo
1703 1215 1838 1272 macula-

115 1303 199 1377 lepra
212 1310 398 1378 aspergatur,
423 1304 581 1360 immunda
601 1308 657 1361 est.
673 1305 755 1370 Quod
779 1305 805 1360 ai
829 1320 947 1360 rursum
1001 1311 1053 1362 tns
1066 1304 1153 1360 luerit
1166 1303 1257 1377 lepra,
1267 1308 1297 1360 et
1310 1308 1464 1377 separatus
1474 1304 1511 1359 ad
1523 1303 1682 1360 arbitrium
1697 1305 1840 1363 sacerdo·

113 1394 299 1450 ”maluerit
311 1395 340 1449 in
352 1391 495 1460 alborem,
512 1397 647 1449 sttolnm
668 1393 815 1449 bominem
830 1408 950 1464 operue-
1001 1391 1051 1459 tis,
1065 1391 1185 1448 babebit
1207 1390 1382 1447 vestimenta
1404 1390 1520 1447 dissuta
1542 1390 1585 1462 (h.
1613 1389 1731 1463 scissa),
1748 1396 1842 1464 eaput

114 1483 165 1549 rit,
180 1482 380 1539 considerabit
402 1497 471 1538 enm
487 1483 636 1550 sacerdos,
663 1486 693 1537 st
718 1481 862 1536 mundum
883 1497 948 1538 esse
1003 1481 1129 1548 nudum,
1141 1486 1264 1537 osveste
1277 1484 1455 1547 contectum,
1469 1480 1706 1536 contaminatum
1720 1497 1757 1536 ac
1777 1497 1840 1538 sor·

114 1571 261 1628 decernet.
277 1574 349 1627 caro
363 1577 393 1627 et
409 1570 496 1638 cutis,
512 1571 542 1626 in
554 1586 613 1642 qua
640 1570 727 1626 ulons
741 1574 843 1626 natum
854 1574 899 1625 est
918 1574 949 1626 et
1002 1570 1105 1626 didum
1122 1585 1154 1625 se
1168 1568 1308 1625 clamabit
1321 1568 1362 1639 (b.
1374 1568 1609 1624 contaminatum
1625 1584 1658 1624 ac
1679 1569 1839 1626 sordidum

114 1666 265 1725 sanatum,
281 1666 309 1716 et
323 1660 352 1715 in
365 1659 542 1715 locoulocris
551 1659 673 1715 cicatrix
683 1659 854 1730 apparuerit
867 1658 946 1723 alba,
1002 1675 1070 1715 eum
1085 1656 1244 1727 clamabit).
1256 1658 1341 1714 Omni
1358 1664 1488 1729 tempore
1498 1673 1557 1729 quo
1568 1656 1706 1729 leprosus
1717 1662 1763 1714 est
1779 1659 1840 1714 im·

112 1750 317 1818 aicasnbrula‚
340 1749 505 1804 adducetur
520 1748 608 1804 bomo
623 1748 659 1803 ad
674 1748 876 1803 sacerdotem:
896 1746 946 1819 qui
1002 1747 1145 1811 mundus,
1156 1746 1238 1802 solus
1257 1744 1716 1802 habitabitextracastra.llestis
1734 1745 1836 1818 lanea,

113 1856 182 1895 cam
212 1840 319 1895 viderit
344 1838 441 1894 locum
464 1837 552 1909 leprae
567 1837 755 1894 humiliorem
779 1852 867 1893 carne
880 1835 947 1892 reli·
962 1864 985 1928 B
1000 1835 1221 1906 aivelineu‚que
1232 1833 1522 1906 leprambabueritin
1534 1835 1838 1906 stamineatquesub·

112 1944 184 2000 qua,
197 1933 228 1984 at
251 1926 329 1999 pilos
355 1943 456 1983 versos
484 1927 514 1981 in
539 1926 707 1994 candorem,
730 1925 944 1981 contaminabit
999 1925 1140 1996 tegmine,
1149 1928 1287 1979 autoerle
1296 1921 1393 1994 pellis,
1409 1922 1452 1978 vel
1464 1922 1610 1995 quidquid
1621 1939 1656 1978 ex
1667 1923 1746 1996 pelle
1761 1941 1837 1981 con·

113 2031 193 2087 sum,
210 2014 297 2088 plaga
308 2015 386 2072 enirn
402 2015 490 2087 lepra
504 2020 569 2071 orta
582 2018 627 2070 est
641 2015 671 2069 in
687 2012 794 2069 ulcere.
811 2015 892 2079 Quod
906 2013 943 2068 si·
997 2015 1106 2070 lectum
1117 2018 1174 2080 est,
1185 2012 1210 2069 si
1223 2011 1290 2068 alba
1301 2010 1345 2067 vel
1356 2011 1422 2066 ruia
1432 2011 1549 2067 macula
1559 2012 1646 2068 luerit
1658 2013 1782 2081 inlecta,
1794 2013 1837 2070 le·

113 2103 195 2176 pilus
210 2104 319 2161 coloris
344 2108 389 2160 est
405 2103 535 2175 pristini,
557 2107 587 2158 et
604 2100 726 2158 cicatrix
746 2101 940 2168 subobscure,
997 2102 1250 2175 prarepntabitur.
1261 2100 1490 2173 ostendeturque
1497 2101 1653 2157 sacerdoti.
1664 2101 1720 2165 Qui
1734 2103 1837 2159 consi·

113 2197 144 2249 at
162 2191 261 2249 vicina
284 2208 374 2248 carne
398 2208 457 2247 noa
473 2195 520 2247 est
543 2189 694 2256 humilior,
720 2188 850 2246 recludet
872 2205 940 2245 eum
995 2191 1128 2246 doraum
1140 2188 1517 2258 recludetseptomdiebus,
1532 2188 1837 2261 etdieseptimorur·

114 2286 227 2355 septam
243 2280 360 2336 diebus.
376 2280 412 2335 lit
433 2279 580 2351 siquidem
602 2278 736 2343 creverit,
759 2277 942 2349 adjudicabit
995 2295 1048 2335 aue
1062 2277 1210 2349 aspiciens
1222 2277 1247 2332 si
1263 2276 1389 2332 crevisse
1404 2276 1644 2349 deprehenderit,
1661 2278 1745 2349 lepra
1761 2296 1835 2351 per·

112 2384 181 2425 anm
196 2368 296 2441 lepre.
310 2368 361 2422 Sin
377 2373 475 2424 autem
495 2367 610 2422 steterit
629 2372 660 2422 in
674 2365 738 2423 loco
753 2382 818 2436 eno,
834 2365 940 2421 ulceris
995 2382 1133 2423 severana
1147 2370 1212 2422 est:
1229 2364 1374 2437 pollutum
1385 2365 1536 2435 iudicabit
1557 2367 1783 2436 vestimentum,
1800 2370 1832 2423 et

111 2462 159 2515 eat
173 2457 303 2526 cicatrix,
329 2466 359 2512 et
383 2455 473 2512 homo
489 2456 618 2511 mundus
638 2454 704 2511 erit.
720 2454 794 2511 Caro
808 2461 837 2511 st
852 2455 938 2522 cutis,
993 2472 1081 2512 omne
1095 2456 1126 2510 in
1141 2470 1199 2526 quo
1215 2454 1301 2510 luerit
1316 2454 1454 2509 inventa:
1469 2459 1499 2509 et
1509 2454 1620 2511 idcirco
1630 2455 1829 2511 comburetur

112 2562 203 2618 wem
219 2546 298 2616 ignis
313 2545 469 2614 exusserit,
484 2550 514 2601 et
529 2550 634 2600 sanata
649 2544 746 2599 albam
766 2544 827 2600 sive
842 2544 938 2600 ruiern
993 2544 1132 2600 llammls.
1148 2543 1229 2606 Quod
1243 2541 1269 2597 si
1282 2557 1345 2597 eam
1361 2542 1465 2598 viderit
1487 2559 1545 2597 non
1562 2543 1702 2609 crevisse,
1717 2544 1826 2616 preci-

113 2632 250 2691 babnerit
279 2634 457 2702 cicatricem,
483 2633 682 2689 considerabit
695 2648 760 2688 eam
789 2634 938 2701 sacerdos,
992 2633 1107 2707 pietat
1134 2631 1315 2687 lavabuntid
1332 2631 1360 2685 in
1385 2647 1444 2702 quo
1459 2629 1540 2703 lepra
1555 2636 1611 2698 est,
1627 2631 1825 2705 recludetque

112 2728 143 2780 et
158 2727 372 2780 acceversaest
384 2722 553 2778 inatborern
564 2722 605 2795 (b.
622 2730 648 2777 et
663 2737 729 2778 ecce
744 2720 822 2792 pilus
836 2737 938 2778 versus
991 2720 1064 2776 illud
1080 2724 1191 2791 septem
1219 2719 1325 2775 diebus
1340 2717 1416 2774 aliis.
1433 2722 1467 2775 Et
1488 2735 1555 2774 cum
1576 2720 1684 2777 viderit
1712 2721 1822 2777 taciem

112 2816 159 2869 eat
171 2812 201 2868 tn
218 2812 372 2877 alborem),
382 2809 572 2882 etlocusejus
583 2812 697 2883 reliqua
706 2810 935 2867 cutebumilior:
991 2808 1506 2880 quidempristinamnonreversam,
1518 2825 1571 2864 nec
1581 2814 1680 2865 tamon
1693 2810 1825 2866 crevisse

110 2898 323 2956 contaminabit
340 2914 421 2965 eum,
436 2898 507 2971 quia
528 2896 615 2971 plaga
641 2897 727 2970 lepra
747 2900 778 2954 in
803 2898 937 2955 cicatrice
990 2896 1112 2970 laprarn,
1130 2896 1317 2952 immundum
1336 2896 1495 2969 judicabit,
1511 2903 1540 2952 et
1563 2897 1631 2970 igne
1655 2899 1824 2966 comburet,

111 2992 176 3046 orta
189 2991 245 3044 est.
256 2989 338 3054 Quod
354 2989 378 3043 si
395 2986 521 3060 pilorum
537 2986 617 3044 color
627 3004 685 3043 non
696 2987 784 3044 luerit
801 2986 938 3043 immuta·
990 3003 1025 3043 eo
1044 2987 1121 3058 quod
1136 2985 1285 3042 inlusasit
1300 2986 1494 3057 insuperllcie
1513 2986 1694 3055 vestimenti,
1706 2986 1752 3043 vel
1768 3003 1826 3060 per

111 3081 174 3147 tue,
192 3092 245 3132 neo
255 3075 395 3132 humilior
405 3074 587 3148 plagacarne
599 3074 722 3147 reliqua,
735 3075 838 3147 etipsa
850 3075 938 3146 lepras
989 3082 1096 3141 totum,
1112 3076 1202 3147 lepra.
1218 3075 1270 3131 Sin
1289 3081 1388 3130 autem
1404 3076 1558 3131 obscurior
1572 3076 1663 3133 luerit
1677 3077 1760 3133 locus
1777 3076 1821 3134 le-

112 3165 226 3238 specles
236 3164 322 3221 luerit
332 3164 664 3227 subobscura‚reoludet
674 3181 740 3220 eum
752 3169 863 3235 septem
875 3164 936 3220 die·
992 3181 1062 3237 prce,
1074 3170 1231 3236 postquam
1247 3165 1337 3220 vestis
1348 3170 1394 3220 est
1410 3163 1479 3231 lota,
1494 3164 1650 3238 abrumpet
1663 3182 1745 3233 eum,
1757 3173 1788 3223 et
1804 3184 1822 3221 a

111 3254 182 3322 bus,
196 3258 227 3310 et
241 3254 290 3310 die
305 3255 432 3325 septimo
446 3253 714 3326 contemplabitur:
730 3253 755 3308 si
770 3253 893 3309 creverit
906 3226 973 3308 inc
992 3253 1085 3312 solido
1100 3253 1219 3309 dividet.
1234 3252 1349 3319 Quodsi
1362 3251 1439 3309 ultra
1449 3254 1621 3326 apparuerit
1636 3255 1666 3310 in
1682 3255 1731 3311 bia
1745 3257 1823 3313 locis

111 3341 286 3413 oulelopra,
315 3342 529 3399 contaminabit
550 3357 629 3398 eum.
644 3341 692 3396 Sin
714 3345 813 3396 autem
829 3341 859 3396 in
875 3340 938 3398 loco
992 3342 1146 3415 quapriua
1157 3341 1447 3409 immaculataerant,
1466 3342 1547 3411 lepra
1556 3344 1683 3401 volatilis
1692 3351 1722 3400 et
1733 3363 1821 3420 saga,

112 3448 167 3489 ano
182 3430 292 3489 candor
307 3431 423 3486 steterit
437 3429 577 3486 nonsatis
590 3428 699 3496 clarus,
715 3428 801 3500 plaga
816 3430 937 3484 combu·
991 3432 1076 3488 debet
1089 3431 1156 3499 igne
1171 3431 1318 3486 comburi.
1333 3431 1361 3485 si
1377 3433 1547 3499 cessaverit,
1561 3432 1672 3489 lavabit
1686 3451 1722 3490 ee
1734 3437 1822 3506 quve¹

112 3519 219 3580 ationis
233 3524 289 3588 est,
305 3524 333 3574 et
348 3519 457 3575 idcirco
466 3518 668 3587 mundabitur,
682 3518 752 3587 quia
762 3518 881 3573 cicatrix
891 3521 936 3572 est
992 3538 1067 3594 pura
1081 3525 1162 3579 sunt.
1177 3521 1318 3583 secundo,
1333 3526 1364 3574 et
1390 3520 1500 3576 munda
1522 3525 1619 3577 erunt.
1635 3519 1695 3578 lsta
1710 3529 1757 3579 est
1774 3526 1823 3581 tex

113 3609 321 3667 combusturae.
337 3607 399 3673 Vir,
419 3607 481 3664 sive
503 3606 620 3671 mulier,
631 3607 661 3661 in
677 3606 763 3677 cnjus
774 3605 877 3677 capite,
894 3604 937 3660 vel
990 3608 1076 3680 lepre
1091 3607 1257 3663 vestimenti
1270 3606 1346 3663 lanei
1360 3612 1390 3663 et
1399 3607 1468 3664 linei
1478 3610 1626 3677 staminis,
1638 3616 1729 3681 atqua
1744 3614 1822 3669 sub·

112 3695 207 3755 barba
224 3696 433 3770 germinaverit
447 3696 539 3767 lepra,
553 3694 663 3751 videbit
676 3710 727 3751 eos
741 3696 888 3751 sacerdos.
903 3695 938 3750 Et
990 3696 1141 3769 tegminis,
1155 3694 1312 3767 omnisque
1322 3695 1524 3768 supellectilis,
1536 3697 1656 3770 pellicia
1672 3703 1823 3771 quomodo

111 3784 258 3857 siquidem
274 3784 399 3841 humilio
430 3786 518 3839 luerit
546 3782 629 3841 locus
656 3799 744 3840 carne
767 3783 893 3854 reliqna,
909 3786 937 3838 et
991 3784 1128 3841 mundari
1142 3786 1247 3840 debeat
1259 3784 1304 3840 vel
1323 3784 1528 3842 contaminari.

111 3873 345 3943 capillusllavus
372 3872 519 3945 solitoque
549 3869 695 3940 subtilior,
725 3871 937 3928 contaminabit
1026 3874 1578 3946 (cuttu.a'ap.x1t’).aoeutusque
1606 3882 1652 3932 eet
1675 3876 1825 3938 Dominus

109 3978 173 4031 eos,
190 3963 261 4035 quia
284 3962 366 4034 lepra
379 3961 483 4033 cupitis
511 3977 544 4016 ac
571 3961 667 4017 barbas
696 3966 750 4015 est.
769 3960 817 4015 Sin
837 3967 936 4016 summ
990 3964 1027 4021 ad
1042 3964 1153 4023 Mosen.
1169 3964 1292 4019 dicens:
1324 3965 1436 4020 ltioest
1465 3964 1540 4020 ritus
1561 3965 1682 4038 leprosi,
1699 3970 1824 4038 quando

111 4052 218 4109 viderit
233 4050 330 4107 locum
360 4049 481 4106 macule
508 4047 641 4120 equalem
669 4052 771 4105 vienne
800 4049 936 4116 carni,ct
990 4051 1823 4129 mundandnsestzadduceturadsacerdotemquiegres·

112 4140 253 4214 capillum
270 4140 400 4212 nigroni,
422 4138 552 4195 recludet
566 4154 633 4194 eum
648 4143 762 4209 septem
777 4138 893 4201 diebus,
907 4142 937 4194 et
988 4158 1042 4198 eus
1055 4147 1137 4197 extra
1151 4144 1259 4200 castra.
1273 4157 1341 4196 curn
1356 4140 1500 4198 invenerit
1515 4141 1625 4215 lepram
1641 4161 1708 4200 esse
1729 4162 1820 4203 mun·

112 4230 161 4286 die
175 4229 304 4304 septimo
319 4226 490 4283 intuebitur.
505 4227 535 4283 si
558 4244 614 4283 non
631 4228 754 4283 creverit
768 4225 892 4292 macula,
907 4231 937 4282 et
989 4231 1100 4297 datam,
1122 4229 1270 4301 precipiet
1285 4230 1311 4284 ei
1327 4231 1376 4301 qni
1394 4230 1579 4302 purificatur,
1596 4237 1628 4287 ut
1643 4234 1748 4291 offerat
1766 4253 1820 4308 pro

113 4317 238 4389 capillus
248 4317 294 4372 sui
310 4314 416 4371 coloris
428 4316 707 4389 est,eitocusp1age
721 4316 801 4371 carni
816 4315 935 4387 relique
988 4335 1021 4376 se
1032 4320 1107 4375 duos
1121 4334 1256 4390 passeres
1277 4318 1368 4381 vivos,
1398 4319 1508 4390 quibus
1523 4321 1598 4376 vesci
1626 4320 1744 4379 licitum
1762 4330 1820 4393 est,

110 4405 245 4479 equalis,
256 4405 376 4459 radetur
388 4403 474 4459 borno
489 4405 678 4476 absqueloco
702 4404 835 4471 maculae,
849 4409 879 4461 et
893 4403 936 4459 in·
989 4414 1017 4464 et
1029 4407 1143 4480 lignum
1156 4407 1323 4473 cedrinum,
1334 4408 1588 4479 vermiculumque
1598 4416 1628 4465 et
1642 4409 1820 4484 hyssopum.

110 4494 246 4551 cludetur
260 4497 371 4565 septem
387 4492 491 4548 diebus
515 4493 592 4547 eliis.
608 4494 638 4549 Si
662 4492 709 4548 die
732 4493 858 4566 septimo
873 4493 936 4549 visa
989 4496 1025 4553 lit
1039 4513 1131 4552 uuum
1147 4512 1181 4551 ex
1196 4494 1368 4567 passeribus
1379 4495 1527 4552 immolari
1532 4498 1649 4569 jubebit
1663 4500 1695 4554 in
1707 4517 1775 4556 vase
1786 4502 1821 4556 li-

110 4578 199 4637 luarit
213 4578 332 4636 stetisse
345 4575 431 4650 plaga
443 4578 473 4633 in
486 4580 548 4634 loco
559 4594 623 4649 suo,
636 4595 688 4635 nec
699 4579 840 4635 humilior
849 4595 937 4635 carno
954 4590 976 4656 ι)
992 4583 1052 4640 otili
1063 4600 1152 4655 super
1162 4584 1390 4655 aquaeviveutes
1402 4600 1409 4639 :
1421 4583 1513 4640 alium
1528 4592 1627 4642 autem
1639 4588 1738 4643 vivum
1750 4606 1820 4647 cum

109 4668 234 4741 reliqua,
244 4666 486 4737 mundabitaum,
496 4666 936 4735 lotisquevcstibussuis,mun·
991 4672 1071 4745 ligno
1086 4672 1216 4739 cedrino,
1232 4678 1262 4728 et
1275 4688 1362 4728 cocco
1376 4676 1405 4729 el
1420 4672 1559 4746 hyssopo,
1585 4675 1679 4748 tinget
1702 4677 1732 4732 in
1747 4694 1819 4734 san-

108 4757 167 4817 dua
180 4758 246 4814 erit.
257 4756 307 4811 Sin
318 4760 417 4811 autem
429 4757 744 4827 postemundstioncm
761 4773 936 4813 rursusore·
990 4762 1080 4835 guina
1095 4762 1223 4832 passeris
1244 4759 1398 4823 immolati.
1415 4776 1474 4831 quo
1503 4768 1638 4835 asperget
1653 4763 1750 4825 illum.
1767 4767 1820 4837 qui

107 4847 183 4905 verit
197 4844 314 4902 rnacula
328 4847 357 4899 iu
373 4849 450 4911 cute,
479 4861 537 4900 non
558 4852 668 4918 queret
691 4845 822 4917 amplius
836 4851 936 4902 utrum
992 4849 1183 4906 mundandus
1197 4855 1254 4909 est.
1264 4848 1385 4918 septies,
1398 4850 1505 4919 utJure
1515 4857 1705 4922 purgatumst
1716 4854 1822 4911 dimit-

105 4934 275 5009 eapillusin
307 4932 614 4990 llavumcoloremsit
643 4935 938 5007 commulatus‚quia
994 4945 1031 4994 let
1047 4955 1195 5010 passerem
1210 4938 1371 5003 vivum‚ut
1395 4937 1425 4992 in
1440 4955 1544 5011 agrurn
1568 4940 1673 4996 avolet.
1689 4945 1824 5016 Cumque

105 5032 207 5100 aperte
220 5023 394 5079 immundus
408 5027 463 5079 est.
494 5028 583 5080 Porro
597 5022 622 5080 si
637 5022 752 5078 steterit
767 5022 893 5085 macula,
908 5029 938 5079 et
992 5026 1094 5083 laverit
1103 5026 1190 5083 bomo
1204 5027 1379 5082 vestimenta
1389 5043 1454 5087 sus.
1461 5027 1544 5082 radet
1553 5044 1658 5084 omnes
1669 5031 1745 5100 pilos
1756 5048 1822 5087 eor·

106 5113 207 5188 capilli
218 5113 296 5185 nigri
305 5110 425 5175 luerint,
435 5113 547 5167 noterit
555 5111 704 5167 bominem
713 5117 937 5177 essesanalnm,
992 5116 1083 5188 poris.
1094 5120 1123 5171 el
1135 5115 1379 5187 lavabituraqna:
1399 5116 1825 5191 purificatusquaingrcdtetur

106 5209 138 5262 et
150 5201 333 5261 conlidenter
344 5215 411 5254 eum
428 5201 598 5272 pronuntiet
618 5200 775 5257 mundum.
791 5200 852 5263 l'ir,
876 5200 939 5259 sive
992 5205 1147 5273 castratis
1162 5203 1303 5258 duntaxat
1320 5209 1351 5257 ut
1362 5210 1479 5259 maneat
1493 5210 1575 5260 extra
1593 5205 1821 5264 tabernaculum

110 5290 230 5359 mulier,
245 5290 276 5348 in
292 5289 380 5361 cnjus
389 5293 457 5344 cute
468 5289 578 5346 candor
587 5291 766 5362 apparuerit,
775 5290 940 5346 intuebitur
992 5310 1081 5350 suum
1097 5298 1208 5364 septem
1219 5290 1335 5359 diebus,
1351 5297 1380 5348 et
1394 5296 1424 5350 in
1436 5293 1484 5348 die
1498 5296 1625 5367 septimo
1634 5296 1719 5352 radat
1728 5298 1824 5370 capil-

151 5470 242 5542 ¹tegi
258 5469 347 5526 etiam
364 5469 412 5524 bie
433 5474 541 5540 potest.
557 5475 590 5524 ut
612 5468 643 5522 in
656 5483 769 5524 canone
786 5474 817 5524 st
828 5468 941 5538 aliquot
993 5468 1186 5527 immunditia
1199 5478 1249 5522 est.

116 5558 189 5597 rnre.
206 5544 304 5605 libris,
324 5542 390 5613 quin
411 5541 555 5611 perspicue
579 5539 757 5594 immundicie
783 5550 833 5595 eet.
848 5543 939 5595 ltaxr.
1029 5542 1041 5575 ²
1059 5542 1179 5595 t'idetur
1194 5556 1228 5594 ex
1244 5540 1366 5596 vecibus
1380 5558 1483 5613 reque
1507 5560 1653 5602 nonnemo
1665 5548 1723 5601 scri
1746 5547 1826 5606 sisse

150 5612 235 5670 Unus
252 5612 380 5673 Palatin,
407 5611 600 5667 redemerint:
616 5616 645 5664 ct
665 5609 845 5694 paulopost
871 5624 941 5691 cum
993 5628 1078 5684 equo,
1092 5628 1129 5667 ex
1164 5628 1201 5695 up
1219 5613 1339 5681 lactum,
1351 5618 1552 5685 ututrumque
1564 5616 1653 5674 simul
1664 5564 1828 5691 preat-nt

1172 5698 1209 5739 rr.

118 5681 443 5755 urbinateatqneann
456 5682 535 5754 apud
544 5680 691 5747 Nartiae„
713 5682 785 5751 Qaeo
799 5696 942 5755 paupino
993 5682 1107 5756 vulgati
1129 5627 1172 5738 lib
