3878 6150
105 299 149 359 93
814 293 1123 356 rennuentibus.
1783 287 1825 348 94

107 431 244 491 veritate
264 428 424 491 Hebraico
452 429 549 510 hujus
575 430 764 510 patriarcha
793 447 932 492 comme·
949 426 1106 496 Alesiam
1122 424 1324 506 prophetem,
1347 421 1520 484 Theodosii
1548 418 1643 500 primi
1669 418 1822 479 seculum

111 527 264 590 moratio.
280 530 328 590 Ea
340 533 448 589 autam
464 547 536 608 quae
549 528 650 590 obelis
674 528 809 607 signata,
835 534 937 600 erant,
993 525 1135 604 attigisse
1168 522 1342 602 sophistam
1373 526 1516 581 nostrum
1547 522 1692 580 Gazaeum
1718 534 1727 578 ε
1759 517 1823 577 imo

111 627 206 687 nulla
220 626 418 706 expositione
449 626 664 705 dignabantur
686 626 772 706 apud
799 630 938 699 Grmcos,
995 630 1027 685 et
1050 617 1581 702 priusetiamaliquantocaepisse,
1614 635 1686 678 cum
1717 615 1768 675 hie
1792 633 1825 676 se

112 723 492 804 quippequodalienaa
520 724 607 787 sonte
634 724 883 803 scripturarum,
909 727 941 783 et
995 721 1114 783 multos
1141 719 1291 782 alacriter
1320 716 1472 794 martyria
1497 715 1668 777 subeuntes
1710 713 1825 774 vidisse

111 822 277 884 adscitilia
301 821 496 884 haberentur
535 822 568 882 iu
596 821 700 882 verbis
735 821 939 901 propheticis.
996 824 1139 891 testetur,
1170 836 1241 897 qum
1271 815 1303 875 in
1332 813 1459 876 luliano
1487 831 1622 874 cessasse
1659 812 1825 891 reperiun-

112 922 258 999 'l'empus
273 938 322 980 me
337 919 474 993 deliciet,
498 919 525 981 si
554 926 668 981 cuncta
695 919 845 998 replicem
870 937 941 998 quae
996 923 1066 978 tur:
1097 936 1116 977 a
1143 915 1235 992 cujus
1262 912 1396 991 imperio
1423 911 1464 971 ad
1500 911 1657 972 idolorum
1686 910 1820 970 alteram

112 1021 145 1080 iu
175 1019 325 1098 Procopii
347 1019 447 1080 Gazaei
473 1017 659 1080 collectione
684 1018 805 1079 affatim
832 1034 943 1079 occur-
996 1033 1096 1094 usque
1125 1013 1346 1091 dejectionem,
1387 1008 1535 1087 Procopii
1563 1007 1715 1069 smculum
1744 1025 1821 1087 pro·

114 1127 192 1181 runt
222 1119 265 1181 ad
292 1120 556 1181 manifestandam
584 1120 816 1196 auctoritatem,
846 1137 942 1199 quam
996 1111 1069 1173 duci
1109 1115 1215 1190 queat.
1258 1109 1337 1170 vide
1377 1106 1597 1187 praelationem
1626 1104 1760 1165 Carterii
1786 1103 1821 1165 in

113 1216 285 1278 Hebraico
308 1217 435 1278 ueritati
466 1217 605 1278 tribuere
633 1217 733 1279 Graeci
760 1217 940 1296 scriptores.
998 1209 1163 1289 Epitomen
1213 1207 1374 1268 variarum
1433 1202 1735 1266 commentationum
1789 1202 1822 1262 m

113 1309 234 1369 Verum
250 1307 338 1368 nelos
351 1307 392 1368 sit
406 1307 551 1369 omisisse
564 1326 635 1386 quer
663 1307 703 1368 de
730 1307 821 1367 annis
849 1305 943 1367 chro-

112 1404 274 1484 nologicis
298 1405 437 1484 priorum
466 1404 721 1484 patriarcharum
750 1410 824 1466 ante
866 1404 946 1464 dilu-

114 1504 217 1576 vium,
243 1502 354 1565 scribit
379 1503 563 1581 Procopius,
594 1502 685 1582 quasi
714 1502 841 1563 nomine
869 1501 946 1562 alio·

83 1620 188 1662 ,rum
217 1601 362 1662 omnium
393 1601 521 1663 Graeciae
565 1605 770 1661 tractatorum
801 1598 946 1661 :Notan-

116 1702 193 1762 dum
208 1706 267 1778 est,
283 1701 397 1781 inquit,
418 1699 587 1761 Hebraeum
612 1706 729 1767 semper
756 1700 842 1760 circa
874 1718 945 1759 cen-

998 1308 1109 1369 lsaiam
1139 1305 1342 1387 prophetam.
1359 1306 1436 1366 Utut
1453 1303 1493 1364 sit
1507 1303 1547 1363 do
1572 1309 1715 1382 tempore
1743 1304 1824 1363 Pro·

998 1405 1081 1485 copii
1119 1404 1231 1477 Gazaei,
1261 1409 1382 1464 certum
1420 1401 1460 1462 ab
1490 1419 1527 1462 eo
1555 1405 1659 1462 exstat
1699 1403 1827 1461 Grecos

999 1504 1169 1583 scriptores
1197 1501 1425 1563 ecclesiasticos
1453 1517 1563 1561 omnes
1587 1496 1728 1559 veritatis
1760 1497 1825 1557 He-

1000 1601 1115 1662 braicae
1143 1600 1360 1661 tenacissimos
1387 1598 1482 1659 fuisse
1511 1616 1583 1658 cum
1608 1597 1824 1675 Hieronymo:

999 1700 1209 1780 Septuaginta
1223 1717 1298 1760 vero
1313 1699 1504 1777 Interpretes
1533 1695 1649 1777 saepius
1679 1695 1720 1757 ab
1748 1695 1826 1774 ipsis

118 1799 276 1860 terrarium
318 1818 479 1859 numerum
503 1798 624 1859 versari
663 1797 697 1857 in
739 1796 947 1879 componenda
963 1805 986 1871 Β
1001 1798 1142 1878 abjectos
1171 1816 1249 1860 esse.
1280 1796 1433 1857 Praeclare
1462 1794 1590 1874 quidem
1620 1793 1825 1855 commenda·

120 1897 323 1979 genealogia,
340 1895 471 1979 exempli
484 1897 594 1976 gratia
612 1916 619 1957 ε
635 1895 742 1956 Adam
764 1901 858 1956 natus
885 1914 944 1955 an·
1000 1892 1052 1958 tu'r
1066 1896 1220 1957 Hebraico
1235 1894 1350 1955 veritas
1371 1912 1411 1953 ex
1437 1893 1475 1953 iis
1504 1911 1574 1972 quae
1603 1892 1696 1953 modo
1718 1909 1827 1953 recen-

121 2016 178 2056 nos
194 1995 383 2076 congenuit
395 1993 482 2073 Seth,
506 1995 563 2075 qui
581 1994 820 2076 primogenitus
847 2013 946 2053 cense-
999 1995 1143 2057 suimus:
1171 1993 1367 2073 praecipuum
1397 1995 1504 2051 tamen
1532 2008 1569 2050 ac
1592 1990 1752 2068 singulare
1781 1995 1829 2050 est

120 2092 273 2156 turzsed
291 2092 445 2153 Hebraeus
473 2092 520 2152 sic
549 2090 687 2153 scribit:
717 2091 825 2153 Adam
851 2097 945 2152 natus
1000 2093 1041 2153 ad
1078 2092 1146 2171 ejus
1174 2091 1278 2151 laudis
1305 2088 1528 2161 aciresaiouem,
1558 2087 1645 2167 quod
1669 2087 1701 2148 in
1731 2087 1825 2149 rebus

119 2211 219 2252 annos
244 2193 304 2253 130
330 2190 443 2271 genuit
469 2188 543 2249 Setlr
570 2188 670 2270 (Gen.
702 2210 732 2269 r,
757 2189 827 2270 3)...
858 2188 945 2251 Enos
1000 2191 1130 2252 maximi
1154 2188 1316 2262 momenti,
1350 2206 1386 2248 uc
1412 2187 1506 2247 fidem
1534 2185 1723 2248 catholicam
1752 2202 1825 2265 spe·
1923 2184 1938 2264 J

119 2309 188 2350 oero
216 2288 299 2349 vixit
321 2288 500 2369 nonaginta
514 2289 620 2363 annis,
640 2294 670 2348 et
694 2288 807 2369 genuit
830 2286 944 2348 Kenan
999 2288 1170 2362 stantibus,
1187 2288 1227 2349 ad
1242 2288 1360 2347 iontem
1387 2283 1552 2347 Hebraeun
1582 2301 1756 2358 recurrere,
1780 2288 1823 2355 et,

120 2386 219 2466 (idid.
249 2388 327 2467 9)...
371 2384 485 2446 Kenan
526 2407 597 2446 oero
625 2386 706 2447 vixit
741 2386 944 2468 septuaginta
999 2387 1115 2466 linguae
1143 2385 1317 2466 peregrina
1347 2383 1466 2446 auxilia
1488 2401 1630 2463 quaerere
1658 2387 1827 2443 teneantur

120 2485 224 2555 annis,
249 2489 280 2544 et
320 2483 435 2565 genuit
461 2482 657 2556 Mulelalel,
688 2491 748 2545 etc.
778 2482 873 2564 (ibid.
906 2487 943 2547 12
1001 2486 1100 2547 Graeci
1140 2490 1235 2563 atque
1278 2482 1381 2543 Latini
1422 2480 1604 2543 orthodoxi.
1635 2479 1824 2558 Procopium

119 2583 224 2662 seqq.)
267 2584 317 2644 lta
345 2588 577 2661 consequenter
617 2601 718 2662 usque
747 2583 786 2644 nd
809 2584 944 2663 patriar·
996 2584 1063 2662 jam
1092 2583 1228 2643 vidimus
1256 2581 1473 2659 repudiantem
1498 2577 1708 2659 Septuaginta
1723 2579 1825 2637 luter-

118 2680 211 2741 cham
227 2679 374 2763 Henoeh,
390 2680 528 2758 quicum
549 2683 615 2740 Deo
642 2680 809 2741 ambulans
837 2680 943 2741 subla·
998 2688 1114 2761 pretes,
1143 2679 1199 2759 qui
1243 2678 1440 2740 occasionem
1466 2677 1581 2739 erroris
1618 2675 1825 2756 praebuerunt

121 2783 245 2863 tuaest,
261 2795 302 2838 ne
327 2776 451 2838 malitia
476 2782 614 2838 mutaret
639 2777 835 2839 intellectum
863 2777 942 2857 ejus.
998 2780 1029 2840 io
1073 2778 1175 2858 primo
1204 2775 1358 2838 versiculo
1388 2778 1552 2846 Gadasena,
1585 2778 1716 2852 propter
1751 2789 1823 2831 ver·

121 2874 275 2937 llioorem
302 2892 380 2937 vero
408 2892 574 2936 numerum
612 2875 756 2936 codicum
793 2875 944 2937 Hebraeo-
998 2877 1073 2938 burn
1087 2875 1194 2953 sceit;
1221 2880 1255 2935 ut
1284 2872 1374 2933 multi
1402 2873 1540 2932 dicerent
1587 2874 1697 2932 Mosen
1724 2867 1823 2929 oredi-

121 2992 187 3034 rum
211 2973 275 3034 hoe
303 2972 399 3034 modo
428 2979 613 3052 prosecutus
647 2973 833 3053 Procopius,
849 2991 946 3052 agno·
998 2975 1079 3036 disse
1095 2991 1132 3034 ex
1162 2971 1354 3053 proejaccute
1383 2969 1517 3031 materia
1546 2969 1724 3030 universum
1752 2965 1824 3027 roeli

120 3071 177 3132 seit
218 3069 316 3131 talam
345 3068 584 3148 chronologiam
614 3089 738 3132 summa
780 3071 944 3150 diligentia
999 3092 1035 3135 ac
1064 3079 1155 3135 terrae
1184 3071 1344 3152 opificium
1374 3069 1536 3131 conditum
1575 3068 1680 3131 luisse.
1724 3067 1825 3144 Huius

121 3167 214 3228 iuisae
244 3167 430 3229 adnotatam
456 3187 476 3229 a
503 3170 631 3249 Moyse:
662 3167 741 3228 Ecce
759 3168 980 3249 guonradi-G
1000 3171 1159 3252 opinionis
1184 3170 1385 3250 [imperitiam
1424 3187 1486 3230 non
1526 3167 1654 3228 aliunde
1696 3163 1822 3227 refellit.
1926 3244 1934 3261 1,

119 3262 255 3345 ligantia
277 3265 462 3326 adnotatum
490 3264 534 3324 sit
561 3271 681 3347 tempus
706 3266 790 3346 quod
811 3275 945 3348 proces·
1001 3269 1186 3350 Procopius,
1202 3287 1297 3348 quam
1328 3285 1366 3328 err
1394 3266 1552 3327 Hebraico
1581 3269 1743 3337 contextu,
1772 3263 1828 3324 ubi

119 3363 160 3421 sit
172 3361 411 3442 generationem
436 3360 620 3437 liberorum,
645 3369 674 3424 et
702 3362 786 3444 quod
812 3364 946 3446 deniqne
1000 3368 1116 3429 diserte
1144 3372 1278 3427 testatur
1320 3366 1421 3428 Moses
1461 3367 1560 3425 Deum
1603 3379 1738 3438 creasse,
1767 3371 1826 3423 un:

122 3459 368 3520 insecutumest.
393 3461 450 3521 llic
478 3461 606 3540 quidem
634 3461 666 3523 in
692 3481 764 3541 cap.
794 3481 814 3524 v
842 3466 946 3524 Gene-
1000 3465 1076 3527 bara
1103 3466 1135 3526 id
1165 3471 1212 3525 est
1240 3484 1277 3524 ex
1304 3461 1406 3523 nihilo
1435 3461 1615 3522 condidisse
1650 3460 1766 3522 coelum
1794 3465 1827 3519 et

120 3567 186 3611 ⁸³⁰⁸
224 3550 340 3629 Pf⁰bat
367 3549 565 3629 s“illmmm
600 3552 788 3612 Hebffllfflffl
816 3571 824 3628 ;
850 3558 883 3612 at
912 3552 945 3612 5¹¹
1002 3565 1225 3626 terramcum
1254 3568 1360 3623 autem
1389 3560 1556 3621 creationis
1571 3558 1682 3620 mundi
1697 3576 1735 3619 ex
1778 3555 1826 3617 ni-

121 3647 362 3709 C⁰mm0⁰¹⁸ffi⁸
389 3649 430 3709 δᾶ
465 3666 590 3711 limum
641 3656 789 3712 mittum
834 3650 946 3728 capitit
1001 3661 1067 3724 hilo
1097 3661 1190 3721 fidem
1213 3659 1383 3722 excludant
1411 3658 1519 3738 aliquo
1558 3656 1653 3718 modo
1690 3659 1826 3735 Septua-

121 3764 207 3807 um
248 3746 497 3820 Deuteronomii,
546 3766 687 3809 errorem
737 3748 946 3827 Septuaginta
1000 3760 1089 3839 ginta
1116 3758 1346 3830 Translatores,
1375 3755 1466 3836 pejus
1499 3753 1604 3816 adhuc
1632 3753 1824 3816 creationem
1905 3752 1912 3759 “

123 3843 287 3905 mmifmtt
310 3844 473 3924 rodmguil
499 3845 548 3906 hm
577 3845 706 3908 verbm-⁸
743 3844 797 3906 Ab
836 3845 944 3907 Adam
998 3857 1152 3918 inducunt
1192 3857 1225 3918 in
1254 3861 1405 3916 aeternam
1444 3853 1614 3933 Sapientiae
1642 3852 1698 3913 Dei
1730 3868 1823 3929 gene·
1896 3920 1900 3928 ,

122 3941 276 4022 nsqrceac
302 3940 371 4002 Noe
398 3944 437 4002 ao
464 3962 498 4003 eo
521 3942 688 4023 decimum,
701 3944 794 4004 annis
817 3943 946 4006 circiter
999 3955 1168 4025 rationem,
1197 3960 1229 4015 et
1255 3953 1329 4013 inde
1353 3951 1480 4013 Arianos
1510 3949 1745 4012 hanoniensem
1775 3946 1824 4008 nul

121 4038 166 4100 lis
194 4039 287 4101 mille
327 4040 543 4122 quadraginta
581 4040 716 4117 duobus,
759 4043 816 4123 qui
855 4063 945 4105 error
1000 4053 1159 4132 dogmatis
1200 4050 1452 4113 subministrant.
1480 4049 1556 4110 Ideo
1584 4045 1686 4108 sancti
1713 4049 1825 4107 Patres

119 4137 211 4199 LXX
235 4137 444 4221 interpretum
472 4145 529 4219 est,
560 4139 670 4201 nullus
709 4140 743 4200 in
770 4143 943 4224 spatiosum
999 4155 1174 4232 provocant
1201 4150 1241 4210 ud
1257 4147 1441 4209 Hebraicam
1471 4145 1648 4216 veritatem,
1679 4161 1743 4224 qua
1773 4160 1823 4204 er·
1881 4164 1886 4175 ·
1924 4160 1928 4165 ·

119 4236 178 4296 iter
205 4237 380 4315 reflexisse,
410 4234 546 4298 historia
564 4239 687 4315 fertur.
717 4242 767 4301 Ne
781 4240 944 4319 congeries
999 4268 1054 4311 ror
1094 4249 1284 4309 Ariaoorom
1308 4244 1501 4306 validissime
1529 4245 1723 4306 contutatur.
1753 4241 1825 4321 Epi-

119 4335 290 4397 multorom
319 4335 470 4396 similium
499 4336 753 4400 testimoniorum
792 4338 942 4401 lectorem
997 4346 1229 4427 phaniushcer.
1247 4345 1298 4416 68,
1315 4361 1388 4425 pag.
1405 4345 1476 4418 320,
1505 4341 1643 4416 Arianis,
1671 4339 1776 4403 locum
1805 4357 1824 4401 a

118 4433 278 4508 obrueret,
306 4434 403 4515 plora
425 4434 634 4514 praetermitto
648 4454 688 4497 ex
714 4435 753 4497 iis
780 4455 852 4517 quae
881 4437 942 4516 legi
997 4446 1075 4506 Lxx
1104 4444 1187 4506 male
1214 4440 1377 4516 nditum‚l
1405 4446 1506 4523 Κύριος
1534 4434 1680 4519 terrane,
1706 4455 1823 4517 urgeo·

119 4531 149 4592 iu
163 4531 406 4593 Commentariis
429 4533 587 4612 Procopii.
617 4533 651 4595 Si
674 4534 726 4596 oui
749 4534 817 4614 jam
846 4536 983 4613 ellstan
997 4543 1092 4615 tibus,
1107 4542 1153 4603 ita
1168 4540 1353 4620 respondit:
1370 4537 1433 4610 Hi,
1461 4558 1530 4598 cum
1560 4534 1738 4597 Hebraicas
1752 4535 1824 4596 dic-

122 4646 184 4690 non
207 4628 377 4704 sufficiant,
409 4630 568 4692 consultat
586 4630 653 4711 ipse
694 4633 944 4695 Commentarios
999 4640 1098 4700 tiones
1126 4657 1221 4718 neque
1246 4635 1427 4716 attigerint,
1457 4655 1553 4715 neqrre
1587 4633 1741 4706 noverint,
1769 4652 1825 4693 ne-

120 4725 152 4787 in
173 4725 416 4806 octateuchum,
446 4733 479 4790 et
505 4745 615 4790 rerum
640 4746 690 4791 me
719 4729 822 4792 dicere
856 4749 944 4793 eom·
999 4757 1058 4819 que
1084 4736 1242 4798 commodo
1274 4753 1306 4795 se
1335 4732 1447 4795 habeat
1474 4732 1585 4793 irarum
1612 4731 1670 4806 vis,
1700 4731 1822 4792 sciant:

121 4823 278 4905 probabit·
995 4840 1139 4918 proterve
1178 4839 1208 4892 et
1240 4830 1424 4914 petulanter
1463 4829 1671 4910 insultarunt,
1710 4850 1825 4911 graves

157 4926 313 4987 caurum
326 4923 366 4986 de
381 4930 475 4987 aetate
487 4927 637 5007 Procopii
662 4927 767 4990 Gazmi
794 4930 944 5010 sophistae
1000 4932 1124 4993 inimici
1153 4949 1160 4992 :
1202 4935 1374 5011 querentes
1398 4928 1588 4990 occasionem
1618 4928 1701 4989 uude
1718 4928 1824 5006 fidem

121 5041 257 5086 nonuna
284 5024 540 5086 eateruditorum
557 5025 724 5089 sententia.
741 5031 784 5088 At
810 5028 837 5089 si
870 5046 945 5091 vera
999 5030 1157 5101 mutilent,
1188 5029 1250 5089 imo
1278 5028 1385 5108 magis
1412 5027 1541 5110 seipsos,
1565 5046 1619 5088 nec
1646 5027 1727 5087 enim
1747 5033 1826 5107 pos-

121 5123 315 5202 sstepistola
343 5121 484 5200 ejusdem
514 5124 662 5205 Procopii
677 5125 718 5186 ad
747 5125 851 5205 ipsum
876 5125 947 5187 Hie·

122 5237 289 5301 ronymnm
315 5218 445 5299 scripta,
473 5239 570 5300 quam
602 5224 691 5285 Isaac
717 5224 845 5285 Vossius
868 5224 945 5285 affe-

124 5319 210 5380 rebat
236 5319 271 5380 iu
301 5318 506 5396 responsione
529 5319 570 5381 ad
599 5320 709 5382 tertias
737 5321 870 5383 Simonii
891 5322 947 5383 ob·

120 5417 279 5499 jectionea,
313 5432 390 5494 pag.
421 5418 489 5489 117,
513 5418 650 5498 aequales
675 5419 771 5481 luisse
794 5420 948 5500 Hierony·
1001 5425 1093 5486 moda
1123 5428 1208 5503 sunt,
1245 5421 1315 5483 cite
1343 5419 1523 5498 inferentes,
1555 5424 1585 5478 et
1609 5416 1711 5478 orbern
1726 5421 1825 5477 terra·

124 5530 203 5574 mom
233 5530 274 5573 ae
303 5512 495 5590 Procopium
520 5534 648 5579 necesse
662 5520 852 5582 esl.Probut
872 5538 946 5583 vero
1000 5505 1078 5584 ficri
1100 5521 1261 5584 turbantes
1277 5541 1287 5583 .·
1304 5525 1337 5583 at
1355 5516 1516 5579 Hebraico
1544 5515 1660 5597 lingua
1688 5534 1749 5575 nou
1777 5513 1825 5575 sic

123 5608 258 5671 lomnes
302 5607 475 5683 Gurterius,
514 5610 671 5696 interpres
724 5616 870 5699 Procopii
912 5616 947 5679 iu
1001 5617 1104 5681 labet.
1137 5618 1229 5682 Unde
1255 5624 1285 5681 et
1297 5616 1421 5701 Aquila
1434 5613 1527 5696 dicit,
1542 5613 1695 5677 Dominus
1712 5631 1824 5696 posse·

999 5134 1075 5190 srrnt
1088 5128 1261 5188 ceritatem.
1277 5129 1322 5184 Et
1344 5124 1420 5204 quia
1451 5126 1646 5195 inuenerunt,
1673 5123 1825 5184 Dominus

1000 5229 1120 5291 creavit
1144 5245 1194 5288 me
1218 5224 1325 5307 (Prae.
1357 5240 1425 5297 r111,
1451 5225 1516 5305 22),
1540 5220 1717 5305 periculose
1741 5220 1825 5281 velut

1001 5322 1394 5407 imaginantcssomniant,
1410 5341 1457 5393 ea,
1473 5341 1540 5402 quae
1568 5321 1611 5381 ad
1638 5318 1723 5380 nilril
1740 5338 1824 5378 com·
