<?xml version="1.0" encoding="UTF-8"?>
<!DOCTYPE html PUBLIC "-//W3C//DTD XHTML 1.0 Transitional//EN"
    "http://www.w3.org/TR/xhtml1/DTD/xhtml1-transitional.dtd">
<html xmlns="http://www.w3.org/1999/xhtml" xml:lang="en" lang="en">
 <head>
  <title>
</title>
<meta http-equiv="Content-Type" content="text/html;charset=utf-8" />
  <meta name='ocr-system' content='tesseract 3.04.00' />
  <meta name='ocr-capabilities' content='ocr_page ocr_carea ocr_par ocr_line ocrx_word'/>
</head>
<body>
  <div class='ocr_page' id='page_1' title='image "./patrologiaecurs13goog_0554.png"; bbox 0 0 3870 6120; ppageno 0'>
   <div class='ocr_carea' id='block_1_1' title="bbox 57 166 1775 260">
    <p class='ocr_par' dir='ltr' id='par_1_1' title="bbox 57 166 1775 260">
     <span class='ocr_line' id='line_1_1' title="bbox 57 166 1775 260; baseline 0.006 -12"><span class='ocrx_word' id='word_1_1' title='bbox 57 166 129 249; x_wconf 78' lang='lat' dir='ltr'><strong>i&#39;ioi</strong></span> <span class='ocrx_word' id='word_1_2' title='bbox 659 172 1170 253; x_wconf 67' lang='lat' dir='ltr'><strong>cinnamonlsareonanra.</strong></span> <span class='ocrx_word' id='word_1_3' title='bbox 1695 200 1775 260; x_wconf 83' lang='lat' dir='ltr'><strong>iios-</strong></span> 
     </span>
    </p>
   </div>
   <div class='ocr_carea' id='block_1_2' title="bbox 55 312 1765 1531">
    <p class='ocr_par' dir='ltr' id='par_1_2' title="bbox 55 312 1638 462">
     <span class='ocr_line' id='line_1_2' title="bbox 55 312 1638 388; baseline 0.003 -14"><span class='ocrx_word' id='word_1_4' title='bbox 55 317 94 374; x_wconf 80' lang='lat' dir='ltr'><strong>tii</strong></span> <span class='ocrx_word' id='word_1_5' title='bbox 109 329 247 387; x_wconf 80' lang='lat' dir='ltr'><strong>egressus</strong></span> <span class='ocrx_word' id='word_1_6' title='bbox 260 315 305 370; x_wconf 88' lang='lat' dir='ltr'><strong>est</strong></span> <span class='ocrx_word' id='word_1_7' title='bbox 317 312 408 370; x_wconf 83' lang='lat' dir='ltr'><strong>Jonas</strong></span> <span class='ocrx_word' id='word_1_8' title='bbox 424 312 460 370; x_wconf 91' lang='lat' dir='ltr'><strong>de</strong></span> <span class='ocrx_word' id='word_1_9' title='bbox 475 313 603 383; x_wconf 87' lang='lat' dir='ltr'><strong>civitate,</strong></span> <span class='ocrx_word' id='word_1_10' title='bbox 898 318 925 386; x_wconf 77' lang='grc' dir='ltr'><strong>Α</strong></span> <span class='ocrx_word' id='word_1_11' title='bbox 971 319 1001 373; x_wconf 90' lang='lat' dir='ltr'><strong>et</strong></span> <span class='ocrx_word' id='word_1_12' title='bbox 1016 317 1117 388; x_wconf 85' lang='lat' dir='ltr'><strong>petivit</strong></span> <span class='ocrx_word' id='word_1_13' title='bbox 1131 317 1247 384; x_wconf 84' lang='lat' dir='ltr'><strong>animae,</strong></span> <span class='ocrx_word' id='word_1_14' title='bbox 1266 320 1299 374; x_wconf 92' lang='lat' dir='ltr'><strong>ut</strong></span> <span class='ocrx_word' id='word_1_15' title='bbox 1314 321 1488 388; x_wconf 87' lang='lat' dir='ltr'><strong>moreretur,</strong></span> <span class='ocrx_word' id='word_1_16' title='bbox 1503 321 1533 376; x_wconf 89' lang='lat' dir='ltr'><strong>et</strong></span> <span class='ocrx_word' id='word_1_17' title='bbox 1546 318 1638 379; x_wconf 85' lang='lat' dir='ltr'><strong>dixit:</strong></span> 
     </span>
     <span class='ocr_line' id='line_1_3' title="bbox 95 385 1556 462; baseline 0.004 -20"><span class='ocrx_word' id='word_1_18' title='bbox 95 391 125 442; x_wconf 89' lang='lat' dir='ltr'><strong>et</strong></span> <span class='ocrx_word' id='word_1_19' title='bbox 139 386 216 442; x_wconf 88' lang='lat' dir='ltr'><strong>sedit</strong></span> <span class='ocrx_word' id='word_1_20' title='bbox 231 390 334 442; x_wconf 86' lang='lat' dir='ltr'><strong>contra</strong></span> <span class='ocrx_word' id='word_1_21' title='bbox 348 385 490 442; x_wconf 78' lang='lat' dir='ltr'><strong>orientem</strong></span> <span class='ocrx_word' id='word_1_22' title='bbox 506 385 653 459; x_wconf 80' lang='lat' dir='ltr'><strong>civitatis3</strong></span> <span class='ocrx_word' id='word_1_23' title='bbox 977 388 1081 446; x_wconf 85' lang='lat' dir='ltr'><strong>Melius</strong></span> <span class='ocrx_word' id='word_1_24' title='bbox 1096 394 1142 445; x_wconf 88' lang='lat' dir='ltr'><strong>est</strong></span> <span class='ocrx_word' id='word_1_25' title='bbox 1156 389 1229 445; x_wconf 91' lang='lat' dir='ltr'><strong>mihi</strong></span> <span class='ocrx_word' id='word_1_26' title='bbox 1245 390 1329 458; x_wconf 89' lang='lat' dir='ltr'><strong>mori,</strong></span> <span class='ocrx_word' id='word_1_27' title='bbox 1346 406 1436 462; x_wconf 89' lang='lat' dir='ltr'><strong>quam</strong></span> <span class='ocrx_word' id='word_1_28' title='bbox 1451 391 1556 449; x_wconf 84' lang='lat' dir='ltr'><strong>vivere.</strong></span> 
     </span>
    </p>

    <p class='ocr_par' dir='ltr' id='par_1_3' title="bbox 57 455 1653 672">
     <span class='ocr_line' id='line_1_4' title="bbox 57 455 1406 530; baseline 0.001 -14"><span class='ocrx_word' id='word_1_29' title='bbox 57 462 96 516; x_wconf 78' lang='lat' dir='ltr'><strong>Bt</strong></span> <span class='ocrx_word' id='word_1_30' title='bbox 107 457 174 514; x_wconf 86' lang='lat' dir='ltr'><strong>lecit</strong></span> <span class='ocrx_word' id='word_1_31' title='bbox 191 456 310 513; x_wconf 90' lang='lat' dir='ltr'><strong>sibimet</strong></span> <span class='ocrx_word' id='word_1_32' title='bbox 324 455 366 512; x_wconf 90' lang='lat' dir='ltr'><strong>ibi</strong></span> <span class='ocrx_word' id='word_1_33' title='bbox 382 457 600 527; x_wconf 84' lang='lat' dir='ltr'><strong>umbraculum,</strong></span> <span class='ocrx_word' id='word_1_34' title='bbox 940 459 975 515; x_wconf 81' lang='lat' dir='ltr'><strong>ut</strong></span> <span class='ocrx_word' id='word_1_35' title='bbox 990 459 1063 516; x_wconf 82' lang='lat' dir='ltr'><strong>dixit</strong></span> <span class='ocrx_word' id='word_1_36' title='bbox 1075 460 1217 518; x_wconf 87' lang='lat' dir='ltr'>Dominus</span> <span class='ocrx_word' id='word_1_37' title='bbox 1233 461 1267 516; x_wconf 90' lang='lat' dir='ltr'><strong>ad</strong></span> <span class='ocrx_word' id='word_1_38' title='bbox 1280 461 1406 530; x_wconf 70' lang='lat' dir='ltr'><strong>Ionam,</strong></span> 
     </span>
     <span class='ocr_line' id='line_1_5' title="bbox 95 527 1653 606; baseline 0.004 -21"><span class='ocrx_word' id='word_1_39' title='bbox 95 534 124 585; x_wconf 87' lang='lat' dir='ltr'><strong>et</strong></span> <span class='ocrx_word' id='word_1_40' title='bbox 136 529 259 586; x_wconf 88' lang='lat' dir='ltr'><strong>sedebat</strong></span> <span class='ocrx_word' id='word_1_41' title='bbox 273 529 376 585; x_wconf 88' lang='lat' dir='ltr'><strong>subter</strong></span> <span class='ocrx_word' id='word_1_42' title='bbox 390 527 463 584; x_wconf 90' lang='lat' dir='ltr'><strong>illud</strong></span> <span class='ocrx_word' id='word_1_43' title='bbox 480 529 509 585; x_wconf 91' lang='lat' dir='ltr'><strong>in</strong></span> <span class='ocrx_word' id='word_1_44' title='bbox 526 531 644 597; x_wconf 88' lang='lat' dir='ltr'><strong>umbra,</strong></span> <span class='ocrx_word' id='word_1_45' title='bbox 975 530 1112 600; x_wconf 89' lang='lat' dir='ltr'><strong>Putasne,</strong></span> <span class='ocrx_word' id='word_1_46' title='bbox 1130 532 1202 589; x_wconf 87' lang='lat' dir='ltr'><strong>bene</strong></span> <span class='ocrx_word' id='word_1_47' title='bbox 1217 532 1353 590; x_wconf 90' lang='lat' dir='ltr'><strong>irasceris</strong></span> <span class='ocrx_word' id='word_1_48' title='bbox 1368 537 1399 589; x_wconf 93' lang='lat' dir='ltr'><strong>tu</strong></span> <span class='ocrx_word' id='word_1_49' title='bbox 1416 549 1506 606; x_wconf 88' lang='lat' dir='ltr'><strong>sopor</strong></span> <span class='ocrx_word' id='word_1_50' title='bbox 1520 534 1653 592; x_wconf 78' lang='lat' dir='ltr'><strong>hedera?</strong></span> 
     </span>
     <span class='ocr_line' id='line_1_6' title="bbox 95 598 1079 672; baseline 0.002 -16"><span class='ocrx_word' id='word_1_51' title='bbox 95 601 189 656; x_wconf 90' lang='lat' dir='ltr'><strong>donec</strong></span> <span class='ocrx_word' id='word_1_52' title='bbox 202 600 314 656; x_wconf 86' lang='lat' dir='ltr'><strong>videret</strong></span> <span class='ocrx_word' id='word_1_53' title='bbox 327 598 398 672; x_wconf 89' lang='lat' dir='ltr'><strong>quid</strong></span> <span class='ocrx_word' id='word_1_54' title='bbox 415 599 559 658; x_wconf 89' lang='lat' dir='ltr'><strong>accideret</strong></span> <span class='ocrx_word' id='word_1_55' title='bbox 573 601 694 658; x_wconf 85' lang='lat' dir='ltr'><strong>civitati.</strong></span> <span class='ocrx_word' id='word_1_56' title='bbox 941 600 975 658; x_wconf 78' lang='lat' dir='ltr'><strong>iii</strong></span> <span class='ocrx_word' id='word_1_57' title='bbox 987 603 1059 658; x_wconf 80' lang='lat' dir='ltr'>dixit</span> <span class='ocrx_word' id='word_1_58' title='bbox 1072 619 1079 658; x_wconf 91' lang='lat'>:</span> 
     </span>
    </p>

    <p class='ocr_par' dir='ltr' id='par_1_4' title="bbox 56 671 1763 1102">
     <span class='ocr_line' id='line_1_7' title="bbox 56 671 1560 747; baseline 0.003 -18"><span class='ocrx_word' id='word_1_59' title='bbox 56 672 96 730; x_wconf 78' lang='lat' dir='ltr'><strong>itt</strong></span> <span class='ocrx_word' id='word_1_60' title='bbox 106 672 278 744; x_wconf 86' lang='lat' dir='ltr'><strong>praepararit</strong></span> <span class='ocrx_word' id='word_1_61' title='bbox 292 671 438 727; x_wconf 82' lang='lat' dir='ltr'>Dominus</span> <span class='ocrx_word' id='word_1_62' title='bbox 454 671 551 729; x_wconf 80' lang='lat' dir='ltr'><strong>beus1</strong></span> <span class='ocrx_word' id='word_1_63' title='bbox 568 672 719 741; x_wconf 85' lang='lat' dir='ltr'><strong>hederam,</strong></span> <span class='ocrx_word' id='word_1_64' title='bbox 976 677 1053 729; x_wconf 87' lang='lat' dir='ltr'><strong>Bene</strong></span> <span class='ocrx_word' id='word_1_65' title='bbox 1068 674 1179 731; x_wconf 87' lang='lat' dir='ltr'><strong>irascor</strong></span> <span class='ocrx_word' id='word_1_66' title='bbox 1193 691 1247 747; x_wconf 80' lang='lat' dir='ltr'><strong>ego</strong></span> <span class='ocrx_word' id='word_1_67' title='bbox 1262 690 1356 747; x_wconf 86' lang='lat' dir='ltr'><strong>usque</strong></span> <span class='ocrx_word' id='word_1_68' title='bbox 1371 675 1408 732; x_wconf 84' lang='lat' dir='ltr'><strong>sd</strong></span> <span class='ocrx_word' id='word_1_69' title='bbox 1424 680 1560 734; x_wconf 88' lang='lat' dir='ltr'><strong>mortem.</strong></span> 
     </span>
     <span class='ocr_line' id='line_1_8' title="bbox 94 743 1237 815; baseline 0.002 -16"><span class='ocrx_word' id='word_1_70' title='bbox 94 749 124 800; x_wconf 88' lang='lat' dir='ltr'><strong>et</strong></span> <span class='ocrx_word' id='word_1_71' title='bbox 140 743 273 799; x_wconf 88' lang='lat' dir='ltr'><strong>ascendit</strong></span> <span class='ocrx_word' id='word_1_72' title='bbox 286 759 378 815; x_wconf 89' lang='lat' dir='ltr'><strong>super</strong></span> <span class='ocrx_word' id='word_1_73' title='bbox 392 749 481 815; x_wconf 90' lang='lat' dir='ltr'><strong>caput</strong></span> <span class='ocrx_word' id='word_1_74' title='bbox 493 743 587 813; x_wconf 76' lang='lat' dir='ltr'><strong>June,</strong></span> <span class='ocrx_word' id='word_1_75' title='bbox 941 746 974 799; x_wconf 82' lang='lat' dir='ltr'><strong>Et</strong></span> <span class='ocrx_word' id='word_1_76' title='bbox 990 744 1065 799; x_wconf 85' lang='lat' dir='ltr'>dixit</span> <span class='ocrx_word' id='word_1_77' title='bbox 1079 744 1237 801; x_wconf 85' lang='lat' dir='ltr'><strong>Dominus:</strong></span> 
     </span>
     <span class='ocr_line' id='line_1_9' title="bbox 93 814 1763 891; baseline 0.004 -19"><span class='ocrx_word' id='word_1_78' title='bbox 93 824 125 872; x_wconf 90' lang='lat' dir='ltr'><strong>ut</strong></span> <span class='ocrx_word' id='word_1_79' title='bbox 140 819 218 872; x_wconf 88' lang='lat' dir='ltr'><strong>esset</strong></span> <span class='ocrx_word' id='word_1_80' title='bbox 241 814 346 871; x_wconf 89' lang='lat' dir='ltr'><strong>umbra</strong></span> <span class='ocrx_word' id='word_1_81' title='bbox 361 830 451 886; x_wconf 89' lang='lat' dir='ltr'><strong>super</strong></span> <span class='ocrx_word' id='word_1_82' title='bbox 469 821 558 889; x_wconf 88' lang='lat' dir='ltr'><strong>capnt</strong></span> <span class='ocrx_word' id='word_1_83' title='bbox 579 815 656 886; x_wconf 90' lang='lat' dir='ltr'><strong>ejus,</strong></span> <span class='ocrx_word' id='word_1_84' title='bbox 672 818 701 873; x_wconf 93' lang='lat' dir='ltr'><strong>et</strong></span> <span class='ocrx_word' id='word_1_85' title='bbox 723 817 887 888; x_wconf 81' lang='lat' dir='ltr'><strong>protegeret</strong></span> <span class='ocrx_word' id='word_1_86' title='bbox 940 816 983 871; x_wconf 85' lang='lat' dir='ltr'><strong>&#39;In</strong></span> <span class='ocrx_word' id='word_1_87' title='bbox 1000 815 1080 873; x_wconf 86' lang='lat' dir='ltr'><strong>doles</strong></span> <span class='ocrx_word' id='word_1_88' title='bbox 1096 833 1185 888; x_wconf 88' lang='lat' dir='ltr'><strong>snper</strong></span> <span class='ocrx_word' id='word_1_89' title='bbox 1199 817 1348 881; x_wconf 89' lang='lat' dir='ltr'><strong>hederam,</strong></span> <span class='ocrx_word' id='word_1_90' title='bbox 1364 816 1394 872; x_wconf 93' lang='lat' dir='ltr'><strong>in</strong></span> <span class='ocrx_word' id='word_1_91' title='bbox 1410 834 1468 891; x_wconf 87' lang='lat' dir='ltr'><strong>qua</strong></span> <span class='ocrx_word' id='word_1_92' title='bbox 1483 835 1541 876; x_wconf 92' lang='lat' dir='ltr'><strong>noii</strong></span> <span class='ocrx_word' id='word_1_93' title='bbox 1554 817 1763 890; x_wconf 64' lang='lat' dir='ltr'><strong>inhonestius·</strong></span> 
     </span>
     <span class='ocr_line' id='line_1_10' title="bbox 93 888 1392 960; baseline 0 -17"><span class='ocrx_word' id='word_1_94' title='bbox 93 903 163 943; x_wconf 93' lang='lat' dir='ltr'><strong>eum</strong></span> <span class='ocrx_word' id='word_1_95' title='bbox 1012 902 1068 960; x_wconf 85' lang='lat' dir='ltr'><strong>qus</strong></span> <span class='ocrx_word' id='word_1_96' title='bbox 1084 888 1177 944; x_wconf 78' lang='lat' dir='ltr'><strong>fecisti</strong></span> <span class='ocrx_word' id='word_1_97' title='bbox 1193 893 1224 945; x_wconf 92' lang='lat' dir='ltr'><strong>ut</strong></span> <span class='ocrx_word' id='word_1_98' title='bbox 1239 891 1392 944; x_wconf 77' lang='lat' dir='ltr'><strong>cresceret.</strong></span> 
     </span>
     <span class='ocr_line' id='line_1_11' title="bbox 95 955 1760 1031; baseline 0.005 -19"><span class='ocrx_word' id='word_1_99' title='bbox 95 957 291 1029; x_wconf 81' lang='lat' dir='ltr'><strong>(laboraverat</strong></span> <span class='ocrx_word' id='word_1_100' title='bbox 301 955 405 1025; x_wconf 86' lang='lat' dir='ltr'><strong>enim),</strong></span> <span class='ocrx_word' id='word_1_101' title='bbox 976 958 1045 1023; x_wconf 79' lang='lat' dir='ltr'><strong>Ona</strong></span> <span class='ocrx_word' id='word_1_102' title='bbox 1064 959 1119 1015; x_wconf 90' lang='lat' dir='ltr'><strong>sub</strong></span> <span class='ocrx_word' id='word_1_103' title='bbox 1134 976 1194 1016; x_wconf 89' lang='lat' dir='ltr'><strong>una</strong></span> <span class='ocrx_word' id='word_1_104' title='bbox 1217 965 1302 1016; x_wconf 90' lang='lat' dir='ltr'><strong>nocte</strong></span> <span class='ocrx_word' id='word_1_105' title='bbox 1317 962 1451 1031; x_wconf 87' lang='lat' dir='ltr'><strong>nataest,</strong></span> <span class='ocrx_word' id='word_1_106' title='bbox 1467 965 1496 1017; x_wconf 86' lang='lat' dir='ltr'><strong>et</strong></span> <span class='ocrx_word' id='word_1_107' title='bbox 1519 962 1573 1018; x_wconf 90' lang='lat' dir='ltr'><strong>sub</strong></span> <span class='ocrx_word' id='word_1_108' title='bbox 1593 979 1652 1020; x_wconf 88' lang='lat' dir='ltr'><strong>una</strong></span> <span class='ocrx_word' id='word_1_109' title='bbox 1675 968 1760 1022; x_wconf 84' lang='lat' dir='ltr'><strong>nocto</strong></span> 
     </span>
     <span class='ocr_line' id='line_1_12' title="bbox 93 1026 1107 1102; baseline 0 -17"><span class='ocrx_word' id='word_1_110' title='bbox 93 1035 122 1085; x_wconf 88' lang='lat' dir='ltr'><strong>et</strong></span> <span class='ocrx_word' id='word_1_111' title='bbox 138 1028 254 1085; x_wconf 82' lang='lat' dir='ltr'><strong>letatus</strong></span> <span class='ocrx_word' id='word_1_112' title='bbox 265 1032 310 1084; x_wconf 86' lang='lat' dir='ltr'><strong>eet</strong></span> <span class='ocrx_word' id='word_1_113' title='bbox 323 1029 415 1084; x_wconf 83' lang='lat' dir='ltr'><strong>leuas</strong></span> <span class='ocrx_word' id='word_1_114' title='bbox 425 1044 514 1100; x_wconf 87' lang='lat' dir='ltr'><strong>super</strong></span> <span class='ocrx_word' id='word_1_115' title='bbox 527 1027 635 1085; x_wconf 84' lang='lat' dir='ltr'><strong>hedera</strong></span> <span class='ocrx_word' id='word_1_116' title='bbox 655 1026 756 1084; x_wconf 78' lang='lat' dir='ltr'><strong>latitia</strong></span> <span class='ocrx_word' id='word_1_117' title='bbox 766 1043 884 1102; x_wconf 80' lang='lat' dir='ltr'><strong>magna.</strong></span> <span class='ocrx_word' id='word_1_118' title='bbox 1012 1030 1107 1102; x_wconf 88' lang='lat' dir='ltr'><strong>periit.</strong></span> 
     </span>
    </p>

    <p class='ocr_par' dir='ltr' id='par_1_5' title="bbox 57 1070 1765 1314">
     <span class='ocr_line' id='line_1_13' title="bbox 57 1070 1628 1182; baseline 0.001 -24"><span class='ocrx_word' id='word_1_119' title='bbox 57 1101 94 1158; x_wconf 76' lang='lat' dir='ltr'><strong>tet</strong></span> <span class='ocrx_word' id='word_1_120' title='bbox 110 1100 224 1173; x_wconf 85' lang='lat' dir='ltr'><strong>pararit</strong></span> <span class='ocrx_word' id='word_1_121' title='bbox 240 1101 315 1157; x_wconf 81' lang='lat' dir='ltr'><strong>bons</strong></span> <span class='ocrx_word' id='word_1_122' title='bbox 326 1115 453 1156; x_wconf 83' lang='lat' dir='ltr'><strong>vermem</strong></span> <span class='ocrx_word' id='word_1_123' title='bbox 469 1115 593 1157; x_wconf 88' lang='lat' dir='ltr'><strong>ascensu</strong></span> <span class='ocrx_word' id='word_1_124' title='bbox 604 1070 727 1157; x_wconf 79' lang='lat' dir='ltr'><strong>diluculi</strong></span> <span class='ocrx_word' id='word_1_125' title='bbox 741 1099 771 1155; x_wconf 90' lang='lat' dir='ltr'><strong>in</strong></span> <span class='ocrx_word' id='word_1_126' title='bbox 782 1099 886 1157; x_wconf 88' lang='lat' dir='ltr'><strong>orasti·</strong></span> <span class='ocrx_word' id='word_1_127' title='bbox 940 1099 982 1182; x_wconf 76' lang='lat' dir='ltr'><strong>Iit</strong></span> <span class='ocrx_word' id='word_1_128' title='bbox 989 1116 1041 1173; x_wconf 83' lang='lat' dir='ltr'><strong>ego</strong></span> <span class='ocrx_word' id='word_1_129' title='bbox 1057 1117 1115 1158; x_wconf 90' lang='lat' dir='ltr'><strong>non</strong></span> <span class='ocrx_word' id='word_1_130' title='bbox 1129 1116 1246 1173; x_wconf 89' lang='lat' dir='ltr'><strong>parcam</strong></span> <span class='ocrx_word' id='word_1_131' title='bbox 1263 1101 1364 1160; x_wconf 88' lang='lat' dir='ltr'><strong>Ninive</strong></span> <span class='ocrx_word' id='word_1_132' title='bbox 1379 1102 1489 1159; x_wconf 90' lang='lat' dir='ltr'><strong>civitati</strong></span> <span class='ocrx_word' id='word_1_133' title='bbox 1505 1119 1628 1177; x_wconf 79' lang='lat' dir='ltr'><strong>magne,</strong></span> 
     </span>
     <span class='ocr_line' id='line_1_14' title="bbox 97 1174 1765 1249; baseline 0.009 -30"><span class='ocrx_word' id='word_1_134' title='bbox 97 1189 192 1238; x_wconf 74' lang='lat' dir='ltr'><strong>num3</strong></span> <span class='ocrx_word' id='word_1_135' title='bbox 975 1188 1004 1227; x_wconf 90' lang='lat' dir='ltr'><strong>in</strong></span> <span class='ocrx_word' id='word_1_136' title='bbox 1020 1189 1079 1244; x_wconf 91' lang='lat' dir='ltr'><strong>qua</strong></span> <span class='ocrx_word' id='word_1_137' title='bbox 1093 1178 1164 1230; x_wconf 89' lang='lat' dir='ltr'><strong>sunt</strong></span> <span class='ocrx_word' id='word_1_138' title='bbox 1179 1174 1246 1246; x_wconf 90' lang='lat' dir='ltr'><strong>plus</strong></span> <span class='ocrx_word' id='word_1_139' title='bbox 1260 1190 1350 1246; x_wconf 89' lang='lat' dir='ltr'><strong>quain</strong></span> <span class='ocrx_word' id='word_1_140' title='bbox 1360 1178 1479 1231; x_wconf 88' lang='lat' dir='ltr'><strong>centum</strong></span> <span class='ocrx_word' id='word_1_141' title='bbox 1489 1176 1592 1249; x_wconf 83' lang='lat' dir='ltr'><strong>vtgtnti</strong></span> <span class='ocrx_word' id='word_1_142' title='bbox 1607 1175 1702 1233; x_wconf 88' lang='lat' dir='ltr'><strong>millia</strong></span> <span class='ocrx_word' id='word_1_143' title='bbox 1713 1175 1765 1234; x_wconf 90' lang='lat' dir='ltr'><strong>ho·</strong></span> 
     </span>
     <span class='ocr_line' id='line_1_15' title="bbox 95 1241 1138 1314; baseline -0.001 -14"><span class='ocrx_word' id='word_1_144' title='bbox 95 1249 125 1300; x_wconf 91' lang='lat' dir='ltr'><strong>et</strong></span> <span class='ocrx_word' id='word_1_145' title='bbox 138 1241 285 1314; x_wconf 71' lang='lat' dir='ltr'><strong>percussit</strong></span> <span class='ocrx_word' id='word_1_146' title='bbox 299 1241 450 1311; x_wconf 86' lang='lat' dir='ltr'><strong>hederam,</strong></span> <span class='ocrx_word' id='word_1_147' title='bbox 467 1244 496 1298; x_wconf 90' lang='lat' dir='ltr'><strong>et</strong></span> <span class='ocrx_word' id='word_1_148' title='bbox 510 1243 633 1299; x_wconf 83' lang='lat' dir='ltr'><strong>exeruit.</strong></span> <span class='ocrx_word' id='word_1_149' title='bbox 1012 1244 1138 1314; x_wconf 81' lang='lat' dir='ltr'><strong>misum,</strong></span> 
     </span>
    </p>

    <p class='ocr_par' dir='ltr' id='par_1_6' title="bbox 55 1311 1764 1459">
     <span class='ocr_line' id='line_1_16' title="bbox 55 1311 1764 1388; baseline 0.002 -15"><span class='ocrx_word' id='word_1_150' title='bbox 55 1315 92 1373; x_wconf 78' lang='lat' dir='ltr'><strong>tit</strong></span> <span class='ocrx_word' id='word_1_151' title='bbox 107 1330 179 1371; x_wconf 92' lang='lat' dir='ltr'><strong>cum</strong></span> <span class='ocrx_word' id='word_1_152' title='bbox 195 1318 278 1371; x_wconf 88' lang='lat' dir='ltr'><strong>ortos</strong></span> <span class='ocrx_word' id='word_1_153' title='bbox 294 1313 400 1369; x_wconf 86' lang='lat' dir='ltr'><strong>luisset</strong></span> <span class='ocrx_word' id='word_1_154' title='bbox 416 1311 473 1380; x_wconf 89' lang='lat' dir='ltr'><strong>sol,</strong></span> <span class='ocrx_word' id='word_1_155' title='bbox 976 1315 1027 1386; x_wconf 91' lang='lat' dir='ltr'><strong>qni</strong></span> <span class='ocrx_word' id='word_1_156' title='bbox 1043 1316 1179 1372; x_wconf 89' lang='lat' dir='ltr'><strong>nesciunt</strong></span> <span class='ocrx_word' id='word_1_157' title='bbox 1193 1316 1265 1388; x_wconf 88' lang='lat' dir='ltr'><strong>quid</strong></span> <span class='ocrx_word' id='word_1_158' title='bbox 1278 1316 1402 1374; x_wconf 89' lang='lat' dir='ltr'><strong>sitinter</strong></span> <span class='ocrx_word' id='word_1_159' title='bbox 1411 1318 1562 1376; x_wconf 87' lang='lat' dir='ltr'><strong>dexteram</strong></span> <span class='ocrx_word' id='word_1_160' title='bbox 1572 1322 1602 1376; x_wconf 90' lang='lat' dir='ltr'><strong>et</strong></span> <span class='ocrx_word' id='word_1_161' title='bbox 1611 1317 1764 1381; x_wconf 75' lang='lat' dir='ltr'><strong>sinistram</strong></span> 
     </span>
     <span class='ocr_line' id='line_1_17' title="bbox 93 1383 1108 1459; baseline 0 -17"><span class='ocrx_word' id='word_1_162' title='bbox 93 1385 234 1459; x_wconf 78' lang='lat' dir='ltr'><strong>pracepit</strong></span> <span class='ocrx_word' id='word_1_163' title='bbox 251 1384 393 1441; x_wconf 76' lang='lat' dir='ltr'><strong>Dominus</strong></span> <span class='ocrx_word' id='word_1_164' title='bbox 407 1388 492 1441; x_wconf 85' lang='lat' dir='ltr'><strong>vento</strong></span> <span class='ocrx_word' id='word_1_165' title='bbox 504 1383 600 1441; x_wconf 90' lang='lat' dir='ltr'><strong>calido</strong></span> <span class='ocrx_word' id='word_1_166' title='bbox 614 1386 642 1440; x_wconf 88' lang='lat' dir='ltr'><strong>et</strong></span> <span class='ocrx_word' id='word_1_167' title='bbox 658 1384 755 1441; x_wconf 92' lang='lat' dir='ltr'><strong>urenti</strong></span> <span class='ocrx_word' id='word_1_168' title='bbox 769 1403 776 1453; x_wconf 77' lang='grc' dir='ltr'>ς</span> <span class='ocrx_word' id='word_1_169' title='bbox 1011 1403 1108 1456; x_wconf 89' lang='lat' dir='ltr'><strong>suam,</strong></span> 
     </span>
    </p>

    <p class='ocr_par' dir='ltr' id='par_1_7' title="bbox 55 1455 1315 1531">
     <span class='ocr_line' id='line_1_18' title="bbox 55 1455 1315 1531; baseline 0.001 -18"><span class='ocrx_word' id='word_1_170' title='bbox 55 1457 91 1513; x_wconf 80' lang='lat' dir='ltr'><strong>lit</strong></span> <span class='ocrx_word' id='word_1_171' title='bbox 101 1456 249 1531; x_wconf 80' lang='lat' dir='ltr'><strong>percussit</strong></span> <span class='ocrx_word' id='word_1_172' title='bbox 264 1455 308 1513; x_wconf 90' lang='lat' dir='ltr'><strong>aol</strong></span> <span class='ocrx_word' id='word_1_173' title='bbox 320 1471 408 1528; x_wconf 90' lang='lat' dir='ltr'><strong>snper</strong></span> <span class='ocrx_word' id='word_1_174' title='bbox 423 1458 616 1530; x_wconf 82' lang='lat' dir='ltr'><strong>copatione,</strong></span> <span class='ocrx_word' id='word_1_175' title='bbox 632 1457 838 1525; x_wconf 70' lang='lat' dir='ltr'><strong>stetinensi,</strong></span> <span class='ocrx_word' id='word_1_176' title='bbox 1010 1463 1039 1514; x_wconf 89' lang='lat' dir='ltr'><strong>st</strong></span> <span class='ocrx_word' id='word_1_177' title='bbox 1048 1458 1185 1528; x_wconf 87' lang='lat' dir='ltr'><strong>jumenta</strong></span> <span class='ocrx_word' id='word_1_178' title='bbox 1200 1457 1315 1515; x_wconf 83' lang='lat' dir='ltr'><strong>multat</strong></span> 
     </span>
    </p>
   </div>
   <div class='ocr_carea' id='block_1_3' title="bbox 53 1614 1778 1832">
    <p class='ocr_par' dir='ltr' id='par_1_8' title="bbox 53 1614 1778 1832">
     <span class='ocr_line' id='line_1_19' title="bbox 95 1614 1778 1703; baseline 0.005 -32"><span class='ocrx_word' id='word_1_179' title='bbox 95 1618 104 1652; x_wconf 89' lang='lat'>¹</span> <span class='ocrx_word' id='word_1_180' title='bbox 122 1615 229 1699; x_wconf 77' lang='lat' dir='ltr'><strong>Recole</strong></span> <span class='ocrx_word' id='word_1_181' title='bbox 242 1615 271 1672; x_wconf 87' lang='lat' dir='ltr'><strong>S.</strong></span> <span class='ocrx_word' id='word_1_182' title='bbox 290 1614 483 1699; x_wconf 62' lang='lat' dir='ltr'><strong>Interpretari</strong></span> <span class='ocrx_word' id='word_1_183' title='bbox 499 1614 529 1698; x_wconf 83' lang='lat' dir='ltr'><strong>iu</strong></span> <span class='ocrx_word' id='word_1_184' title='bbox 545 1614 837 1701; x_wconf 72' lang='lat' dir='ltr'><strong>Commentartanbi</strong></span> <span class='ocrx_word' id='word_1_185' title='bbox 848 1614 885 1700; x_wconf 84' lang='lat' dir='ltr'><strong>de</strong></span> <span class='ocrx_word' id='word_1_186' title='bbox 937 1618 1088 1703; x_wconf 74' lang='lat' dir='ltr'><strong>terpretotr&#39;</strong></span> <span class='ocrx_word' id='word_1_187' title='bbox 1110 1621 1184 1701; x_wconf 76' lang='lat' dir='ltr'><strong>sant,</strong></span> <span class='ocrx_word' id='word_1_188' title='bbox 1199 1631 1262 1690; x_wconf 74' lang='lat' dir='ltr'><strong>quse</strong></span> <span class='ocrx_word' id='word_1_189' title='bbox 1278 1617 1369 1675; x_wconf 78' lang='lat' dir='ltr'><strong>crece</strong></span> <span class='ocrx_word' id='word_1_190' title='bbox 1381 1621 1560 1691; x_wconf 83' lang='lat' dir='ltr'><strong>appellantur</strong></span> <span class='ocrx_word' id='word_1_191' title='bbox 1573 1616 1666 1684; x_wconf 75' lang='grc' dir='ltr'>κισσός</span> <span class='ocrx_word' id='word_1_192' title='bbox 1685 1621 1778 1679; x_wconf 79' lang='lat' dir='ltr'><strong>aliod·</strong></span> 
     </span>
     <span class='ocr_line' id='line_1_20' title="bbox 54 1686 1763 1765; baseline 0.004 -21"><span class='ocrx_word' id='word_1_193' title='bbox 54 1687 112 1744; x_wconf 90' lang='lat' dir='ltr'><strong>hao</strong></span> <span class='ocrx_word' id='word_1_194' title='bbox 141 1704 197 1743; x_wconf 88' lang='lat' dir='ltr'><strong>sua</strong></span> <span class='ocrx_word' id='word_1_195' title='bbox 209 1689 451 1758; x_wconf 76' lang='lat' dir='ltr'><strong>interpretatione</strong></span> <span class='ocrx_word' id='word_1_196' title='bbox 481 1687 642 1755; x_wconf 87' lang='lat' dir='ltr'><strong>disserens,</strong></span> <span class='ocrx_word' id='word_1_197' title='bbox 655 1686 757 1755; x_wconf 77' lang='lat' dir='ltr'><strong>Secuta,</strong></span> <span class='ocrx_word' id='word_1_198' title='bbox 775 1691 882 1758; x_wconf 87' lang='lat' dir='ltr'><strong>inquit,</strong></span> <span class='ocrx_word' id='word_1_199' title='bbox 899 1697 1013 1764; x_wconf 77' lang='lat' dir='ltr'><strong>Benaci</strong></span> <span class='ocrx_word' id='word_1_200' title='bbox 1027 1688 1098 1761; x_wconf 79' lang='lat' dir='ltr'><strong>qaod</strong></span> <span class='ocrx_word' id='word_1_201' title='bbox 1108 1688 1237 1756; x_wconf 82' lang='lat' dir='ltr'><strong>dicerent,</strong></span> <span class='ocrx_word' id='word_1_202' title='bbox 1249 1690 1460 1748; x_wconf 83' lang='lat' dir='ltr'><strong>aonliotieboiit.</strong></span> <span class='ocrx_word' id='word_1_203' title='bbox 1471 1693 1544 1748; x_wconf 89' lang='lat' dir='ltr'><strong>Vide</strong></span> <span class='ocrx_word' id='word_1_204' title='bbox 1560 1708 1624 1765; x_wconf 83' lang='lat' dir='ltr'><strong>qua</strong></span> <span class='ocrx_word' id='word_1_205' title='bbox 1637 1699 1666 1750; x_wconf 88' lang='lat' dir='ltr'><strong>et</strong></span> <span class='ocrx_word' id='word_1_206' title='bbox 1677 1692 1763 1752; x_wconf 89' lang='lat' dir='ltr'><strong>nobie</strong></span> 
     </span>
     <span class='ocr_line' id='line_1_21' title="bbox 53 1758 1427 1832; baseline 0.001 -17"><span class='ocrx_word' id='word_1_207' title='bbox 53 1776 153 1816; x_wconf 80' lang='lat' dir='ltr'><strong>samus</strong></span> <span class='ocrx_word' id='word_1_208' title='bbox 177 1764 283 1816; x_wconf 82' lang='lat' dir='ltr'><strong>veteres</strong></span> <span class='ocrx_word' id='word_1_209' title='bbox 297 1758 488 1829; x_wconf 74' lang='lat' dir='ltr'><strong>translatores,</strong></span> <span class='ocrx_word' id='word_1_210' title='bbox 503 1759 552 1832; x_wconf 82' lang='lat' dir='ltr'><strong>qut</strong></span> <span class='ocrx_word' id='word_1_211' title='bbox 575 1762 602 1816; x_wconf 89' lang='lat' dir='ltr'><strong>et</strong></span> <span class='ocrx_word' id='word_1_212' title='bbox 617 1758 675 1831; x_wconf 83' lang='lat' dir='ltr'><strong>ipsi</strong></span> <span class='ocrx_word' id='word_1_213' title='bbox 687 1759 817 1816; x_wconf 76' lang='lat' dir='ltr'><strong>hederam</strong></span> <span class='ocrx_word' id='word_1_214' title='bbox 840 1761 885 1815; x_wconf 87' lang='lat' dir='ltr'><strong>irr-</strong></span> <span class='ocrx_word' id='word_1_215' title='bbox 941 1761 1080 1817; x_wconf 88' lang='lat' dir='ltr'><strong>adnotata</strong></span> <span class='ocrx_word' id='word_1_216' title='bbox 1095 1764 1164 1817; x_wconf 90' lang='lat' dir='ltr'><strong>sunt</strong></span> <span class='ocrx_word' id='word_1_217' title='bbox 1177 1761 1214 1818; x_wconf 86' lang='lat' dir='ltr'><strong>ad</strong></span> <span class='ocrx_word' id='word_1_218' title='bbox 1229 1760 1309 1817; x_wconf 89' lang='lat' dir='ltr'><strong>hunc</strong></span> <span class='ocrx_word' id='word_1_219' title='bbox 1320 1761 1427 1819; x_wconf 89' lang='lat' dir='ltr'><strong>looiim.</strong></span> 
     </span>
    </p>
   </div>
   <div class='ocr_carea' id='block_1_4' title="bbox 680 1935 1144 2011">
    <p class='ocr_par' dir='ltr' id='par_1_9' title="bbox 680 1935 1144 2011">
     <span class='ocr_line' id='line_1_22' title="bbox 680 1935 1144 2011; baseline 0.006 -17"><span class='ocrx_word' id='word_1_220' title='bbox 680 1935 804 2011; x_wconf 78' lang='lat' dir='ltr'><strong>lispllcit</strong></span> <span class='ocrx_word' id='word_1_221' title='bbox 819 1936 979 1997; x_wconf 67' lang='lat' dir='ltr'><strong>liberioris</strong></span> <span class='ocrx_word' id='word_1_222' title='bbox 989 1944 1144 2011; x_wconf 81' lang='lat' dir='ltr'><strong>proptera,</strong></span> 
     </span>
    </p>
   </div>
   <div class='ocr_carea' id='block_1_5' title="bbox 844 2236 978 2295">
    <p class='ocr_par' dir='ltr' id='par_1_10' title="bbox 844 2236 978 2295">
     <span class='ocr_line' id='line_1_23' title="bbox 844 2236 978 2295; baseline 0 -2"><span class='ocrx_word' id='word_1_223' title='bbox 844 2236 978 2295; x_wconf 79' lang='lat' dir='ltr'>INCIPIT</span> 
     </span>
    </p>
   </div>
   <div class='ocr_carea' id='block_1_6' title="bbox 467 2309 1358 2485">
    <p class='ocr_par' dir='ltr' id='par_1_11' title="bbox 467 2309 1358 2485">
     <span class='ocr_line' id='line_1_24' title="bbox 467 2309 1358 2485; baseline -0.001 -2"><span class='ocrx_word' id='word_1_224' title='bbox 467 2389 655 2485; x_wconf 85' lang='lat' dir='ltr'>LIBER</span> <span class='ocrx_word' id='word_1_225' title='bbox 688 2388 964 2485; x_wconf 83' lang='lat' dir='ltr'>MICHAEAE</span> <span class='ocrx_word' id='word_1_226' title='bbox 998 2309 1358 2484; x_wconf 79' lang='lat' dir='ltr'><strong>PROPHETAE.</strong></span> 
     </span>
    </p>
   </div>
   <div class='ocr_carea' id='block_1_7' title="bbox 52 2727 1768 4947">
    <p class='ocr_par' dir='ltr' id='par_1_12' title="bbox 52 2727 1768 4947">
     <span class='ocr_line' id='line_1_25' title="bbox 55 2727 1768 2810; baseline 0.004 -22"><span class='ocrx_word' id='word_1_227' title='bbox 55 2731 146 2805; x_wconf 84' lang='lat' dir='ltr'><strong>(Cap.</strong></span> <span class='ocrx_word' id='word_1_228' title='bbox 163 2727 198 2801; x_wconf 91' lang='lat' dir='ltr'><strong>I.)</strong></span> <span class='ocrx_word' id='word_1_229' title='bbox 212 2727 343 2785; x_wconf 88' lang='lat' dir='ltr'><strong>Verbum</strong></span> <span class='ocrx_word' id='word_1_230' title='bbox 358 2728 487 2798; x_wconf 81' lang='lat' dir='ltr'><strong>Domini,</strong></span> <span class='ocrx_word' id='word_1_231' title='bbox 504 2730 583 2804; x_wconf 87' lang='lat' dir='ltr'><strong>quod</strong></span> <span class='ocrx_word' id='word_1_232' title='bbox 596 2729 706 2787; x_wconf 87' lang='lat' dir='ltr'><strong>lactum</strong></span> <span class='ocrx_word' id='word_1_233' title='bbox 721 2732 767 2787; x_wconf 91' lang='lat' dir='ltr'><strong>est</strong></span> <span class='ocrx_word' id='word_1_234' title='bbox 779 2730 815 2787; x_wconf 87' lang='lat' dir='ltr'><strong>ad</strong></span> <span class='ocrx_word' id='word_1_235' title='bbox 831 2729 888 2788; x_wconf 81' lang='lat' dir='ltr'><strong>Mi·</strong></span> <span class='ocrx_word' id='word_1_236' title='bbox 942 2729 1096 2786; x_wconf 86' lang='lat' dir='ltr'><strong>Planctum</strong></span> <span class='ocrx_word' id='word_1_237' title='bbox 1135 2727 1242 2810; x_wconf 76' lang='lat' dir='ltr'><strong>domus</strong></span> <span class='ocrx_word' id='word_1_238' title='bbox 1269 2727 1371 2810; x_wconf 66' lang='lat' dir='ltr'><strong>sicine</strong></span> <span class='ocrx_word' id='word_1_239' title='bbox 1392 2729 1446 2800; x_wconf 80' lang='lat' dir='ltr'><strong>(it.</strong></span> <span class='ocrx_word' id='word_1_240' title='bbox 1474 2728 1553 2802; x_wconf 73' lang='lat' dir='ltr'><strong>Asel)</strong></span> <span class='ocrx_word' id='word_1_241' title='bbox 1579 2731 1703 2805; x_wconf 85' lang='lat' dir='ltr'><strong>occipiat</strong></span> <span class='ocrx_word' id='word_1_242' title='bbox 1732 2750 1768 2793; x_wconf 77' lang='lat' dir='ltr'><strong>es</strong></span> 
     </span>
     <span class='ocr_line' id='line_1_26' title="bbox 130 2799 1392 2872; baseline -0.001 -16"><span class='ocrx_word' id='word_1_243' title='bbox 130 2801 245 2856; x_wconf 80' lang='lat' dir='ltr'><strong>ohaam</strong></span> <span class='ocrx_word' id='word_1_244' title='bbox 263 2799 468 2871; x_wconf 83' lang='lat' dir='ltr'><strong>Morasthiton,</strong></span> <span class='ocrx_word' id='word_1_245' title='bbox 977 2802 1073 2865; x_wconf 87' lang='lat' dir='ltr'><strong>vobis,</strong></span> <span class='ocrx_word' id='word_1_246' title='bbox 1088 2815 1153 2872; x_wconf 84' lang='lat' dir='ltr'><strong>quie</strong></span> <span class='ocrx_word' id='word_1_247' title='bbox 1169 2803 1250 2854; x_wconf 89' lang='lat' dir='ltr'><strong>stetit</strong></span> <span class='ocrx_word' id='word_1_248' title='bbox 1262 2799 1392 2855; x_wconf 89' lang='lat' dir='ltr'><strong>sibimet.</strong></span> 
     </span>
     <span class='ocr_line' id='line_1_27' title="bbox 92 2869 1767 2944; baseline 0.004 -16"><span class='ocrx_word' id='word_1_249' title='bbox 92 2869 493 2942; x_wconf 78' lang='lat' dir='ltr'><strong>indiebusioatham,&#39;hhaz,</strong></span> <span class='ocrx_word' id='word_1_250' title='bbox 503 2876 532 2929; x_wconf 89' lang='lat' dir='ltr'><strong>st</strong></span> <span class='ocrx_word' id='word_1_251' title='bbox 542 2872 719 2941; x_wconf 57' lang='lat' dir='ltr'><strong>Ezechiam</strong></span> <span class='ocrx_word' id='word_1_252' title='bbox 741 2872 886 2944; x_wconf 67' lang='lat' dir='ltr'><strong>aminea</strong></span> <span class='ocrx_word' id='word_1_253' title='bbox 942 2873 1016 2941; x_wconf 84' lang='lat' dir='ltr'><strong>Quia</strong></span> <span class='ocrx_word' id='word_1_254' title='bbox 1029 2871 1181 2927; x_wconf 80' lang='lat' dir='ltr'><strong>infirmata</strong></span> <span class='ocrx_word' id='word_1_255' title='bbox 1194 2874 1239 2926; x_wconf 90' lang='lat' dir='ltr'><strong>ost</strong></span> <span class='ocrx_word' id='word_1_256' title='bbox 1253 2870 1283 2926; x_wconf 91' lang='lat' dir='ltr'><strong>in</strong></span> <span class='ocrx_word' id='word_1_257' title='bbox 1294 2870 1417 2938; x_wconf 89' lang='lat' dir='ltr'><strong>bonum,</strong></span> <span class='ocrx_word' id='word_1_258' title='bbox 1433 2887 1498 2944; x_wconf 82' lang='lat' dir='ltr'><strong>quai</strong></span> <span class='ocrx_word' id='word_1_259' title='bbox 1509 2872 1623 2930; x_wconf 87' lang='lat' dir='ltr'><strong>habitet</strong></span> <span class='ocrx_word' id='word_1_260' title='bbox 1637 2874 1668 2932; x_wconf 94' lang='lat' dir='ltr'><strong>iii</strong></span> <span class='ocrx_word' id='word_1_261' title='bbox 1683 2892 1767 2935; x_wconf 85' lang='lat' dir='ltr'><strong>ems·</strong></span> 
     </span>
     <span class='ocr_line' id='line_1_28' title="bbox 91 2889 1522 3028; baseline -0.001 -28"><span class='ocrx_word' id='word_1_262' title='bbox 91 2944 175 3025; x_wconf 83' lang='lat' dir='ltr'><strong>quod</strong></span> <span class='ocrx_word' id='word_1_263' title='bbox 191 2942 267 2998; x_wconf 88' lang='lat' dir='ltr'><strong>vidit</strong></span> <span class='ocrx_word' id='word_1_264' title='bbox 282 2958 372 3026; x_wconf 78' lang='lat' dir='ltr'><strong>snper</strong></span> <span class='ocrx_word' id='word_1_265' title='bbox 387 2944 564 3013; x_wconf 81' lang='lat' dir='ltr'><strong>Semurium,</strong></span> <span class='ocrx_word' id='word_1_266' title='bbox 580 2949 609 3001; x_wconf 89' lang='lat' dir='ltr'><strong>et</strong></span> <span class='ocrx_word' id='word_1_267' title='bbox 622 2889 797 3015; x_wconf 60' lang='lat' dir='ltr'><strong>Jerusalem,</strong></span> <span class='ocrx_word' id='word_1_268' title='bbox 1013 2942 1196 3028; x_wconf 71' lang='lat' dir='ltr'><strong>citudinibus</strong></span> <span class='ocrx_word' id='word_1_269' title='bbox 1209 2942 1265 3011; x_wconf 78' lang='lat' dir='ltr'><strong>(sl.</strong></span> <span class='ocrx_word' id='word_1_270' title='bbox 1284 2941 1433 3016; x_wconf 84' lang='lat' dir='ltr'><strong>Meroth):</strong></span> <span class='ocrx_word' id='word_1_271' title='bbox 1451 3014 1457 3027; x_wconf 30' lang='grc' dir='ltr'>ι</span> <span class='ocrx_word' id='word_1_272' title='bbox 1515 3014 1522 3028; x_wconf 32' lang='grc' dir='ltr'>ι</span> 
     </span>
     <span class='ocr_line' id='line_1_29' title="bbox 52 3011 1768 3090; baseline 0.002 -16"><span class='ocrx_word' id='word_1_273' title='bbox 52 3015 179 3082; x_wconf 74' lang='lat' dir='ltr'><strong>Audite,</strong></span> <span class='ocrx_word' id='word_1_274' title='bbox 196 3031 233 3086; x_wconf 93' lang='lat' dir='ltr'><strong>po</strong></span> <span class='ocrx_word' id='word_1_275' title='bbox 259 3014 300 3069; x_wconf 93' lang='lat' dir='ltr'><strong>uli</strong></span> <span class='ocrx_word' id='word_1_276' title='bbox 315 3031 429 3082; x_wconf 89' lang='lat' dir='ltr'><strong>cmiies,</strong></span> <span class='ocrx_word' id='word_1_277' title='bbox 976 3031 1046 3088; x_wconf 89' lang='lat' dir='ltr'><strong>quia</strong></span> <span class='ocrx_word' id='word_1_278' title='bbox 1060 3015 1213 3070; x_wconf 86' lang='lat' dir='ltr'><strong>descendit</strong></span> <span class='ocrx_word' id='word_1_279' title='bbox 1224 3011 1335 3069; x_wconf 85' lang='lat' dir='ltr'><strong>malum</strong></span> <span class='ocrx_word' id='word_1_280' title='bbox 1351 3014 1499 3071; x_wconf 88' lang='lat' dir='ltr'><strong>aDomino</strong></span> <span class='ocrx_word' id='word_1_281' title='bbox 1514 3031 1544 3070; x_wconf 93' lang='lat' dir='ltr'><strong>in</strong></span> <span class='ocrx_word' id='word_1_282' title='bbox 1555 3017 1768 3090; x_wconf 81' lang='lat' dir='ltr'><strong>poitamIeiu·</strong></span> 
     </span>
     <span class='ocr_line' id='line_1_30' title="bbox 91 3085 1116 3158; baseline -0.002 -15"><span class='ocrx_word' id='word_1_283' title='bbox 91 3090 122 3144; x_wconf 90' lang='lat' dir='ltr'><strong>et</strong></span> <span class='ocrx_word' id='word_1_284' title='bbox 137 3091 221 3142; x_wconf 88' lang='lat' dir='ltr'><strong>atton</strong></span> <span class='ocrx_word' id='word_1_285' title='bbox 246 3089 276 3140; x_wconf 90' lang='lat' dir='ltr'><strong>at</strong></span> <span class='ocrx_word' id='word_1_286' title='bbox 291 3088 379 3155; x_wconf 86' lang='lat' dir='ltr'><strong>terra,</strong></span> <span class='ocrx_word' id='word_1_287' title='bbox 395 3091 424 3144; x_wconf 88' lang='lat' dir='ltr'><strong>et</strong></span> <span class='ocrx_word' id='word_1_288' title='bbox 439 3085 591 3158; x_wconf 88' lang='lat' dir='ltr'><strong>plenitudo</strong></span> <span class='ocrx_word' id='word_1_289' title='bbox 606 3087 689 3157; x_wconf 87' lang='lat' dir='ltr'><strong>ejiis:</strong></span> <span class='ocrx_word' id='word_1_290' title='bbox 1013 3086 1116 3142; x_wconf 84' lang='lat' dir='ltr'><strong>entem.</strong></span> 
     </span>
     <span class='ocr_line' id='line_1_31' title="bbox 52 3155 1712 3228; baseline 0.001 -11"><span class='ocrx_word' id='word_1_291' title='bbox 52 3159 91 3217; x_wconf 71' lang='lat' dir='ltr'><strong>hit</strong></span> <span class='ocrx_word' id='word_1_292' title='bbox 108 3156 150 3214; x_wconf 88' lang='lat' dir='ltr'><strong>sit</strong></span> <span class='ocrx_word' id='word_1_293' title='bbox 164 3156 310 3214; x_wconf 85' lang='lat' dir='ltr'><strong>Dominus</strong></span> <span class='ocrx_word' id='word_1_294' title='bbox 326 3162 402 3214; x_wconf 87' lang='lat' dir='ltr'><strong>Deus</strong></span> <span class='ocrx_word' id='word_1_295' title='bbox 416 3158 500 3216; x_wconf 83' lang='lat' dir='ltr'><strong>vohis</strong></span> <span class='ocrx_word' id='word_1_296' title='bbox 515 3158 544 3213; x_wconf 90' lang='lat' dir='ltr'><strong>iii</strong></span> <span class='ocrx_word' id='word_1_297' title='bbox 560 3162 678 3226; x_wconf 87' lang='lat' dir='ltr'><strong>testem,</strong></span> <span class='ocrx_word' id='word_1_298' title='bbox 940 3158 1099 3215; x_wconf 74' lang='lat' dir='ltr'><strong>&#39;tumultus</strong></span> <span class='ocrx_word' id='word_1_299' title='bbox 1113 3155 1264 3228; x_wconf 82' lang='lat' dir='ltr'><strong>quadriga</strong></span> <span class='ocrx_word' id='word_1_300' title='bbox 1279 3155 1409 3227; x_wconf 89' lang='lat' dir='ltr'><strong>stuporis</strong></span> <span class='ocrx_word' id='word_1_301' title='bbox 1425 3155 1571 3214; x_wconf 79' lang='lat' dir='ltr'><strong>habitanti</strong></span> <span class='ocrx_word' id='word_1_302' title='bbox 1588 3159 1712 3219; x_wconf 79' lang='lat' dir='ltr'><strong>bachis:</strong></span> 
     </span>
     <span class='ocr_line' id='line_1_32' title="bbox 93 3227 1516 3303; baseline -0.001 -17"><span class='ocrx_word' id='word_1_303' title='bbox 93 3229 239 3286; x_wconf 84' lang='lat' dir='ltr'><strong>Dominus</strong></span> <span class='ocrx_word' id='word_1_304' title='bbox 251 3228 287 3284; x_wconf 91' lang='lat' dir='ltr'><strong>de</strong></span> <span class='ocrx_word' id='word_1_305' title='bbox 300 3229 411 3302; x_wconf 90' lang='lat' dir='ltr'><strong>templo</strong></span> <span class='ocrx_word' id='word_1_306' title='bbox 427 3233 528 3285; x_wconf 86' lang='lat' dir='ltr'><strong>sancto</strong></span> <span class='ocrx_word' id='word_1_307' title='bbox 544 3245 609 3285; x_wconf 91' lang='lat' dir='ltr'><strong>suo.</strong></span> <span class='ocrx_word' id='word_1_308' title='bbox 977 3228 1155 3303; x_wconf 88' lang='lat' dir='ltr'><strong>principium</strong></span> <span class='ocrx_word' id='word_1_309' title='bbox 1167 3227 1278 3299; x_wconf 85' lang='lat' dir='ltr'><strong>peccati</strong></span> <span class='ocrx_word' id='word_1_310' title='bbox 1292 3233 1338 3284; x_wconf 87' lang='lat' dir='ltr'><strong>cst</strong></span> <span class='ocrx_word' id='word_1_311' title='bbox 1352 3227 1419 3282; x_wconf 80' lang='lat' dir='ltr'><strong>titia</strong></span> <span class='ocrx_word' id='word_1_312' title='bbox 1434 3228 1516 3295; x_wconf 86' lang='lat' dir='ltr'><strong>Sion,</strong></span> 
     </span>
     <span class='ocr_line' id='line_1_33' title="bbox 55 3298 1596 3374; baseline -0.001 -16"><span class='ocrx_word' id='word_1_313' title='bbox 55 3303 134 3373; x_wconf 81' lang='lat' dir='ltr'><strong>Quia</strong></span> <span class='ocrx_word' id='word_1_314' title='bbox 158 3316 226 3356; x_wconf 87' lang='lat' dir='ltr'><strong>ecco</strong></span> <span class='ocrx_word' id='word_1_315' title='bbox 241 3300 384 3358; x_wconf 84' lang='lat' dir='ltr'><strong>Dominus</strong></span> <span class='ocrx_word' id='word_1_316' title='bbox 407 3301 557 3374; x_wconf 82' lang='lat' dir='ltr'><strong>egreditur</strong></span> <span class='ocrx_word' id='word_1_317' title='bbox 580 3301 634 3371; x_wconf 77' lang='lat' dir='ltr'><strong>(tt.</strong></span> <span class='ocrx_word' id='word_1_318' title='bbox 650 3299 827 3374; x_wconf 83' lang='lat' dir='ltr'><strong>ogredletur)</strong></span> <span class='ocrx_word' id='word_1_319' title='bbox 851 3299 887 3356; x_wconf 89' lang='lat' dir='ltr'><strong>de</strong></span> <span class='ocrx_word' id='word_1_320' title='bbox 977 3301 1046 3374; x_wconf 84' lang='lat' dir='ltr'><strong>quin</strong></span> <span class='ocrx_word' id='word_1_321' title='bbox 1062 3301 1091 3356; x_wconf 90' lang='lat' dir='ltr'><strong>in</strong></span> <span class='ocrx_word' id='word_1_322' title='bbox 1109 3305 1136 3356; x_wconf 90' lang='lat' dir='ltr'><strong>te</strong></span> <span class='ocrx_word' id='word_1_323' title='bbox 1151 3300 1268 3355; x_wconf 85' lang='lat' dir='ltr'><strong>inventa</strong></span> <span class='ocrx_word' id='word_1_324' title='bbox 1282 3303 1354 3355; x_wconf 90' lang='lat' dir='ltr'><strong>sunt</strong></span> <span class='ocrx_word' id='word_1_325' title='bbox 1368 3298 1480 3357; x_wconf 85' lang='lat' dir='ltr'><strong>scelera</strong></span> <span class='ocrx_word' id='word_1_326' title='bbox 1494 3301 1596 3358; x_wconf 85' lang='lat' dir='ltr'><strong>Israel.</strong></span> 
     </span>
     <span class='ocr_line' id='line_1_34' title="bbox 132 3369 1767 3445; baseline 0.004 -17"><span class='ocrx_word' id='word_1_327' title='bbox 132 3372 285 3428; x_wconf 89' lang='lat' dir='ltr'><strong>locosuo:</strong></span> <span class='ocrx_word' id='word_1_328' title='bbox 941 3377 1099 3445; x_wconf 84' lang='lat' dir='ltr'><strong>Propterea</strong></span> <span class='ocrx_word' id='word_1_329' title='bbox 1139 3370 1222 3427; x_wconf 90' lang='lat' dir='ltr'><strong>dabit</strong></span> <span class='ocrx_word' id='word_1_330' title='bbox 1237 3369 1407 3428; x_wconf 85' lang='lat' dir='ltr'><strong>emissarios</strong></span> <span class='ocrx_word' id='word_1_331' title='bbox 1436 3387 1525 3444; x_wconf 88' lang='lat' dir='ltr'><strong>super</strong></span> <span class='ocrx_word' id='word_1_332' title='bbox 1567 3373 1767 3434; x_wconf 85' lang='lat' dir='ltr'><strong>hereditatem</strong></span> 
     </span>
     <span class='ocr_line' id='line_1_35' title="bbox 93 3440 1767 3515; baseline 0.002 -14"><span class='ocrx_word' id='word_1_333' title='bbox 93 3448 124 3501; x_wconf 89' lang='lat' dir='ltr'><strong>et</strong></span> <span class='ocrx_word' id='word_1_334' title='bbox 138 3442 307 3509; x_wconf 86' lang='lat' dir='ltr'><strong>descendet,</strong></span> <span class='ocrx_word' id='word_1_335' title='bbox 322 3447 351 3500; x_wconf 88' lang='lat' dir='ltr'><strong>et</strong></span> <span class='ocrx_word' id='word_1_336' title='bbox 365 3442 490 3500; x_wconf 80' lang='lat' dir='ltr'><strong>calcabit</strong></span> <span class='ocrx_word' id='word_1_337' title='bbox 505 3459 595 3515; x_wconf 90' lang='lat' dir='ltr'><strong>snper</strong></span> <span class='ocrx_word' id='word_1_338' title='bbox 609 3442 724 3500; x_wconf 82' lang='lat' dir='ltr'><strong>excelsa</strong></span> <span class='ocrx_word' id='word_1_339' title='bbox 736 3446 832 3499; x_wconf 83' lang='lat' dir='ltr'><strong>terrie.</strong></span> <span class='ocrx_word' id='word_1_340' title='bbox 975 3444 1066 3501; x_wconf 85' lang='lat' dir='ltr'><strong>Geth:</strong></span> <span class='ocrx_word' id='word_1_341' title='bbox 1099 3442 1206 3498; x_wconf 86' lang='lat' dir='ltr'><strong>domus</strong></span> <span class='ocrx_word' id='word_1_342' title='bbox 1233 3440 1291 3513; x_wconf 80' lang='lat' dir='ltr'><strong>(tl.</strong></span> <span class='ocrx_word' id='word_1_343' title='bbox 1319 3441 1418 3515; x_wconf 86' lang='lat' dir='ltr'><strong>domo)</strong></span> <span class='ocrx_word' id='word_1_344' title='bbox 1448 3443 1593 3501; x_wconf 88' lang='lat' dir='ltr'><strong>mendacii</strong></span> <span class='ocrx_word' id='word_1_345' title='bbox 1620 3445 1651 3502; x_wconf 92' lang='lat' dir='ltr'><strong>in</strong></span> <span class='ocrx_word' id='word_1_346' title='bbox 1679 3447 1767 3506; x_wconf 84' lang='lat' dir='ltr'><strong>deos·</strong></span> 
     </span>
     <span class='ocr_line' id='line_1_36' title="bbox 94 3512 1394 3588; baseline -0.004 -15"><span class='ocrx_word' id='word_1_347' title='bbox 94 3516 132 3573; x_wconf 81' lang='lat' dir='ltr'><strong>et</strong></span> <span class='ocrx_word' id='word_1_348' title='bbox 142 3518 357 3572; x_wconf 83' lang='lat' dir='ltr'><strong>consumentur</strong></span> <span class='ocrx_word' id='word_1_349' title='bbox 372 3520 488 3571; x_wconf 83' lang='lat' dir='ltr'><strong>montes</strong></span> <span class='ocrx_word' id='word_1_350' title='bbox 502 3516 608 3571; x_wconf 87' lang='lat' dir='ltr'><strong>subtus</strong></span> <span class='ocrx_word' id='word_1_351' title='bbox 623 3531 708 3570; x_wconf 89' lang='lat' dir='ltr'><strong>euin:</strong></span> <span class='ocrx_word' id='word_1_352' title='bbox 1014 3515 1144 3588; x_wconf 90' lang='lat' dir='ltr'><strong>ptionem</strong></span> <span class='ocrx_word' id='word_1_353' title='bbox 1160 3512 1280 3585; x_wconf 71' lang='lat' dir='ltr'><strong>regibus</strong></span> <span class='ocrx_word' id='word_1_354' title='bbox 1296 3512 1394 3570; x_wconf 85' lang='lat' dir='ltr'><strong>Israel.</strong></span> 
     </span>
     <span class='ocr_line' id='line_1_37' title="bbox 94 3584 1767 3667; baseline 0.001 -23"><span class='ocrx_word' id='word_1_355' title='bbox 94 3592 124 3644; x_wconf 89' lang='lat' dir='ltr'><strong>et</strong></span> <span class='ocrx_word' id='word_1_356' title='bbox 138 3586 231 3643; x_wconf 82' lang='lat' dir='ltr'><strong>valles</strong></span> <span class='ocrx_word' id='word_1_357' title='bbox 245 3585 434 3642; x_wconf 89' lang='lat' dir='ltr'><strong>soieodentur</strong></span> <span class='ocrx_word' id='word_1_358' title='bbox 448 3586 525 3642; x_wconf 90' lang='lat' dir='ltr'><strong>sient</strong></span> <span class='ocrx_word' id='word_1_359' title='bbox 539 3602 606 3643; x_wconf 86' lang='lat' dir='ltr'><strong>ocra</strong></span> <span class='ocrx_word' id='word_1_360' title='bbox 620 3603 637 3642; x_wconf 87' lang='lat' dir='ltr'><strong>a</strong></span> <span class='ocrx_word' id='word_1_361' title='bbox 652 3585 725 3642; x_wconf 85' lang='lat' dir='ltr'><strong>leole</strong></span> <span class='ocrx_word' id='word_1_362' title='bbox 740 3585 830 3659; x_wconf 84' lang='lat' dir='ltr'><strong>ignis,</strong></span> <span class='ocrx_word' id='word_1_363' title='bbox 899 3595 921 3665; x_wconf 81' lang='lat' dir='ltr'><strong>c</strong></span> <span class='ocrx_word' id='word_1_364' title='bbox 940 3588 1043 3645; x_wconf 77' lang='lat' dir='ltr'><strong>Adbuc</strong></span> <span class='ocrx_word' id='word_1_365' title='bbox 1059 3585 1203 3641; x_wconf 66' lang='lat' dir='ltr'><strong>haeredem</strong></span> <span class='ocrx_word' id='word_1_366' title='bbox 1219 3584 1364 3641; x_wconf 87' lang='lat' dir='ltr'><strong>adducam</strong></span> <span class='ocrx_word' id='word_1_367' title='bbox 1380 3584 1433 3641; x_wconf 91' lang='lat' dir='ltr'><strong>tihi</strong></span> <span class='ocrx_word' id='word_1_368' title='bbox 1449 3602 1514 3667; x_wconf 78' lang='lat' dir='ltr'><strong>que</strong></span> <span class='ocrx_word' id='word_1_369' title='bbox 1529 3586 1645 3643; x_wconf 86' lang='lat' dir='ltr'><strong>babilas</strong></span> <span class='ocrx_word' id='word_1_370' title='bbox 1657 3588 1688 3644; x_wconf 90' lang='lat' dir='ltr'><strong>in</strong></span> <span class='ocrx_word' id='word_1_371' title='bbox 1703 3589 1767 3646; x_wconf 81' lang='lat' dir='ltr'><strong>Ma·</strong></span> 
     </span>
     <span class='ocr_line' id='line_1_38' title="bbox 95 3655 1723 3731; baseline 0.001 -16"><span class='ocrx_word' id='word_1_372' title='bbox 95 3659 175 3715; x_wconf 90' lang='lat' dir='ltr'><strong>sicut</strong></span> <span class='ocrx_word' id='word_1_373' title='bbox 189 3673 282 3730; x_wconf 83' lang='lat' dir='ltr'><strong>aqua,</strong></span> <span class='ocrx_word' id='word_1_374' title='bbox 298 3657 502 3713; x_wconf 85' lang='lat' dir='ltr'><strong>decurrentia</strong></span> <span class='ocrx_word' id='word_1_375' title='bbox 517 3673 656 3731; x_wconf 79' lang='lat' dir='ltr'><strong>praeceps.</strong></span> <span class='ocrx_word' id='word_1_376' title='bbox 976 3672 1061 3714; x_wconf 84' lang='lat' dir='ltr'><strong>resa:</strong></span> <span class='ocrx_word' id='word_1_377' title='bbox 1079 3672 1173 3728; x_wconf 87' lang='lat' dir='ltr'><strong>iisque</strong></span> <span class='ocrx_word' id='word_1_378' title='bbox 1189 3655 1225 3710; x_wconf 91' lang='lat' dir='ltr'><strong>ad</strong></span> <span class='ocrx_word' id='word_1_379' title='bbox 1245 3655 1390 3711; x_wconf 91' lang='lat' dir='ltr'><strong>Odolllam</strong></span> <span class='ocrx_word' id='word_1_380' title='bbox 1400 3662 1500 3712; x_wconf 76' lang='lat' dir='ltr'><strong>reniet</strong></span> <span class='ocrx_word' id='word_1_381' title='bbox 1514 3657 1608 3728; x_wconf 81' lang='lat' dir='ltr'><strong>gloria</strong></span> <span class='ocrx_word' id='word_1_382' title='bbox 1622 3658 1723 3716; x_wconf 86' lang='lat' dir='ltr'><strong>Israel.</strong></span> 
     </span>
     <span class='ocr_line' id='line_1_39' title="bbox 60 3726 1765 3800; baseline -0.001 -11"><span class='ocrx_word' id='word_1_383' title='bbox 60 3731 96 3789; x_wconf 91' lang='lat' dir='ltr'><strong>In</strong></span> <span class='ocrx_word' id='word_1_384' title='bbox 111 3729 221 3787; x_wconf 88' lang='lat' dir='ltr'><strong>scelere</strong></span> <span class='ocrx_word' id='word_1_385' title='bbox 234 3728 322 3785; x_wconf 86' lang='lat' dir='ltr'><strong>iacob</strong></span> <span class='ocrx_word' id='word_1_386' title='bbox 336 3744 423 3786; x_wconf 91' lang='lat' dir='ltr'><strong>omne</strong></span> <span class='ocrx_word' id='word_1_387' title='bbox 437 3728 529 3800; x_wconf 87' lang='lat' dir='ltr'><strong>istud,</strong></span> <span class='ocrx_word' id='word_1_388' title='bbox 937 3729 1094 3789; x_wconf 85' lang='lat' dir='ltr'><strong>Dccalvsre</strong></span> <span class='ocrx_word' id='word_1_389' title='bbox 1119 3731 1147 3781; x_wconf 89' lang='lat' dir='ltr'><strong>ot</strong></span> <span class='ocrx_word' id='word_1_390' title='bbox 1169 3726 1290 3782; x_wconf 84' lang='lat' dir='ltr'><strong>tondere</strong></span> <span class='ocrx_word' id='word_1_391' title='bbox 1305 3742 1395 3797; x_wconf 91' lang='lat' dir='ltr'><strong>super</strong></span> <span class='ocrx_word' id='word_1_392' title='bbox 1410 3726 1486 3784; x_wconf 86' lang='lat' dir='ltr'><strong>lilios</strong></span> <span class='ocrx_word' id='word_1_393' title='bbox 1500 3727 1673 3786; x_wconf 87' lang='lat' dir='ltr'><strong>deliciarum</strong></span> <span class='ocrx_word' id='word_1_394' title='bbox 1697 3733 1765 3787; x_wconf 86' lang='lat' dir='ltr'><strong>tus·</strong></span> 
     </span>
     <span class='ocr_line' id='line_1_40' title="bbox 97 3795 1658 3874; baseline -0.001 -17"><span class='ocrx_word' id='word_1_395' title='bbox 97 3801 167 3858; x_wconf 90' lang='lat' dir='ltr'><strong>etin</strong></span> <span class='ocrx_word' id='word_1_396' title='bbox 184 3799 311 3874; x_wconf 87' lang='lat' dir='ltr'><strong>peccatis</strong></span> <span class='ocrx_word' id='word_1_397' title='bbox 323 3800 429 3858; x_wconf 90' lang='lat' dir='ltr'><strong>doinus</strong></span> <span class='ocrx_word' id='word_1_398' title='bbox 445 3800 547 3857; x_wconf 89' lang='lat' dir='ltr'><strong>lsrael.</strong></span> <span class='ocrx_word' id='word_1_399' title='bbox 975 3816 1061 3857; x_wconf 86' lang='lat' dir='ltr'><strong>rum:</strong></span> <span class='ocrx_word' id='word_1_400' title='bbox 1079 3798 1170 3853; x_wconf 87' lang='lat' dir='ltr'><strong>dilata</strong></span> <span class='ocrx_word' id='word_1_401' title='bbox 1183 3795 1332 3852; x_wconf 83' lang='lat' dir='ltr'><strong>calvitium</strong></span> <span class='ocrx_word' id='word_1_402' title='bbox 1348 3803 1433 3852; x_wconf 93' lang='lat' dir='ltr'><strong>tuum</strong></span> <span class='ocrx_word' id='word_1_403' title='bbox 1447 3797 1525 3855; x_wconf 86' lang='lat' dir='ltr'><strong>elcut</strong></span> <span class='ocrx_word' id='word_1_404' title='bbox 1538 3799 1658 3871; x_wconf 87' lang='lat' dir='ltr'><strong>aquila:</strong></span> 
     </span>
     <span class='ocr_line' id='line_1_41' title="bbox 59 3867 1525 3945; baseline -0.003 -15"><span class='ocrx_word' id='word_1_405' title='bbox 59 3873 145 3942; x_wconf 79' lang='lat' dir='ltr'><strong>oneo</strong></span> <span class='ocrx_word' id='word_1_406' title='bbox 159 3870 256 3929; x_wconf 86' lang='lat' dir='ltr'><strong>soclus</strong></span> <span class='ocrx_word' id='word_1_407' title='bbox 269 3872 385 3927; x_wconf 83' lang='lat' dir='ltr'><strong>Jacob‘l</strong></span> <span class='ocrx_word' id='word_1_408' title='bbox 975 3869 1116 3945; x_wconf 87' lang='lat' dir='ltr'><strong>quoniam</strong></span> <span class='ocrx_word' id='word_1_409' title='bbox 1132 3867 1241 3940; x_wconf 89' lang='lat' dir='ltr'><strong>captivi</strong></span> <span class='ocrx_word' id='word_1_410' title='bbox 1255 3867 1336 3922; x_wconf 92' lang='lat' dir='ltr'><strong>ducti</strong></span> <span class='ocrx_word' id='word_1_411' title='bbox 1352 3872 1423 3923; x_wconf 89' lang='lat' dir='ltr'><strong>eunt</strong></span> <span class='ocrx_word' id='word_1_412' title='bbox 1437 3884 1473 3925; x_wconf 84' lang='lat' dir='ltr'><strong>ex</strong></span> <span class='ocrx_word' id='word_1_413' title='bbox 1488 3876 1525 3926; x_wconf 92' lang='lat' dir='ltr'><strong>te.</strong></span> 
     </span>
     <span class='ocr_line' id='line_1_42' title="bbox 98 3938 1503 4017; baseline -0.004 -16"><span class='ocrx_word' id='word_1_414' title='bbox 98 3958 199 4002; x_wconf 85' lang='lat' dir='ltr'><strong>nonna</strong></span> <span class='ocrx_word' id='word_1_415' title='bbox 212 3942 369 3999; x_wconf 78' lang='lat' dir='ltr'><strong>Samaria?</strong></span> <span class='ocrx_word' id='word_1_416' title='bbox 939 3944 1017 4017; x_wconf 81' lang='lat' dir='ltr'><strong>(top.</strong></span> <span class='ocrx_word' id='word_1_417' title='bbox 1039 3942 1087 4013; x_wconf 88' lang='lat' dir='ltr'><strong>ll.)</strong></span> <span class='ocrx_word' id='word_1_418' title='bbox 1111 3940 1158 3994; x_wconf 72' lang='lat' dir='ltr'><strong>Vre</strong></span> <span class='ocrx_word' id='word_1_419' title='bbox 1173 3939 1224 4011; x_wconf 92' lang='lat' dir='ltr'><strong>qni</strong></span> <span class='ocrx_word' id='word_1_420' title='bbox 1239 3938 1372 4010; x_wconf 73' lang='lat' dir='ltr'><strong>cogitabi</strong></span> <span class='ocrx_word' id='word_1_421' title='bbox 1387 3939 1503 4008; x_wconf 77' lang='lat' dir='ltr'><strong>Inutile,</strong></span> 
     </span>
     <span class='ocr_line' id='line_1_43' title="bbox 61 4009 1656 4090; baseline -0.003 -16"><span class='ocrx_word' id='word_1_422' title='bbox 61 4016 98 4074; x_wconf 68' lang='lat' dir='ltr'><strong>Bt</strong></span> <span class='ocrx_word' id='word_1_423' title='bbox 112 4032 177 4090; x_wconf 80' lang='lat' dir='ltr'><strong>qua</strong></span> <span class='ocrx_word' id='word_1_424' title='bbox 192 4014 307 4071; x_wconf 85' lang='lat' dir='ltr'><strong>excelsa</strong></span> <span class='ocrx_word' id='word_1_425' title='bbox 319 4013 425 4070; x_wconf 79' lang='lat' dir='ltr'><strong>ludet</strong></span> <span class='ocrx_word' id='word_1_426' title='bbox 975 4020 1004 4071; x_wconf 83' lang='lat' dir='ltr'><strong>ct</strong></span> <span class='ocrx_word' id='word_1_427' title='bbox 1018 4010 1179 4082; x_wconf 89' lang='lat' dir='ltr'><strong>operamini</strong></span> <span class='ocrx_word' id='word_1_428' title='bbox 1195 4009 1304 4066; x_wconf 87' lang='lat' dir='ltr'><strong>matum</strong></span> <span class='ocrx_word' id='word_1_429' title='bbox 1319 4009 1350 4066; x_wconf 93' lang='lat' dir='ltr'><strong>in</strong></span> <span class='ocrx_word' id='word_1_430' title='bbox 1365 4009 1516 4069; x_wconf 90' lang='lat' dir='ltr'><strong>eubilibus</strong></span> <span class='ocrx_word' id='word_1_431' title='bbox 1531 4012 1656 4070; x_wconf 81' lang='lat' dir='ltr'><strong>vestris:</strong></span> 
     </span>
     <span class='ocr_line' id='line_1_44' title="bbox 99 4080 1763 4154; baseline -0.008 -5"><span class='ocrx_word' id='word_1_432' title='bbox 99 4103 200 4146; x_wconf 77' lang='lat' dir='ltr'><strong>nonne</strong></span> <span class='ocrx_word' id='word_1_433' title='bbox 211 4083 400 4143; x_wconf 69' lang='lat' dir='ltr'><strong>Jerusalem?</strong></span> <span class='ocrx_word' id='word_1_434' title='bbox 940 4087 974 4144; x_wconf 92' lang='lat' dir='ltr'><strong>In</strong></span> <span class='ocrx_word' id='word_1_435' title='bbox 990 4086 1054 4142; x_wconf 91' lang='lat' dir='ltr'><strong>lucc</strong></span> <span class='ocrx_word' id='word_1_436' title='bbox 1069 4082 1211 4139; x_wconf 87' lang='lat' dir='ltr'><strong>matutina</strong></span> <span class='ocrx_word' id='word_1_437' title='bbox 1225 4081 1336 4137; x_wconf 88' lang='lat' dir='ltr'><strong>iaciunt</strong></span> <span class='ocrx_word' id='word_1_438' title='bbox 1350 4080 1436 4154; x_wconf 90' lang='lat' dir='ltr'><strong>illud,</strong></span> <span class='ocrx_word' id='word_1_439' title='bbox 1760 4140 1763 4145; x_wconf 66' lang='grc'>,</span> 
     </span>
     <span class='ocr_line' id='line_1_45' title="bbox 61 4150 1653 4233; baseline -0.008 -16"><span class='ocrx_word' id='word_1_440' title='bbox 61 4159 99 4217; x_wconf 68' lang='lat' dir='ltr'><strong>Et</strong></span> <span class='ocrx_word' id='word_1_441' title='bbox 124 4174 233 4233; x_wconf 83' lang='lat' dir='ltr'><strong>ponem</strong></span> <span class='ocrx_word' id='word_1_442' title='bbox 248 4157 412 4216; x_wconf 83' lang='lat' dir='ltr'><strong>Samariam</strong></span> <span class='ocrx_word' id='word_1_443' title='bbox 441 4153 525 4227; x_wconf 81' lang='lat' dir='ltr'><strong>quasi</strong></span> <span class='ocrx_word' id='word_1_444' title='bbox 540 4170 675 4212; x_wconf 80' lang='lat' dir='ltr'><strong>acervum</strong></span> <span class='ocrx_word' id='word_1_445' title='bbox 695 4153 828 4228; x_wconf 85' lang='lat' dir='ltr'><strong>lapidum</strong></span> <span class='ocrx_word' id='word_1_446' title='bbox 856 4150 888 4207; x_wconf 87' lang='lat' dir='ltr'><strong>In</strong></span> <span class='ocrx_word' id='word_1_447' title='bbox 977 4155 1653 4230; x_wconf 80' lang='lat' dir='ltr'><strong>quoniamoontraDeumestmannseorum.</strong></span> 
     </span>
     <span class='ocr_line' id='line_1_46' title="bbox 99 4223 1680 4371; baseline -0.006 -12"><span class='ocrx_word' id='word_1_448' title='bbox 99 4227 618 4371; x_wconf 39' lang='lat' dir='ltr'><strong>otafigeregnmptgnizffl0133&amp;oe</strong></span> <span class='ocrx_word' id='word_1_449' title='bbox 633 4298 698 4369; x_wconf 84' lang='lat' dir='ltr'><strong>ejus</strong></span> <span class='ocrx_word' id='word_1_450' title='bbox 725 4300 754 4353; x_wconf 88' lang='lat' dir='ltr'><strong>et</strong></span> <span class='ocrx_word' id='word_1_451' title='bbox 781 4294 887 4352; x_wconf 87' lang='lat' dir='ltr'><strong>lunda·</strong></span> <span class='ocrx_word' id='word_1_452' title='bbox 940 4233 975 4287; x_wconf 53' lang='lat' dir='ltr'><strong>Et</strong></span> <span class='ocrx_word' id='word_1_453' title='bbox 989 4226 1165 4355; x_wconf 45' lang='lat' dir='ltr'><strong>azinium</strong></span> <span class='ocrx_word' id='word_1_454' title='bbox 1170 4229 1345 4369; x_wconf 47' lang='lat' dir='ltr'><strong>1iitipiliigeriiisi&#39;it⁰</strong></span> <span class='ocrx_word' id='word_1_455' title='bbox 1346 4227 1357 4279; x_wconf 55' lang='lat' dir='ltr'><strong>t</strong></span> <span class='ocrx_word' id='word_1_456' title='bbox 1371 4223 1513 4283; x_wconf 47' lang='lat' dir='ltr'><strong>videnter</strong></span> <span class='ocrx_word' id='word_1_457' title='bbox 1537 4225 1680 4299; x_wconf 40' lang='lat' dir='ltr'><strong>‘morunt’</strong></span> 
     </span>
     <span class='ocr_line' id='line_1_47' title="bbox 138 4340 1638 4444; baseline -0.002 -15"><span class='ocrx_word' id='word_1_458' title='bbox 138 4379 238 4431; x_wconf 88' lang='lat' dir='ltr'><strong>menta</strong></span> <span class='ocrx_word' id='word_1_459' title='bbox 253 4373 318 4444; x_wconf 88' lang='lat' dir='ltr'><strong>ejus</strong></span> <span class='ocrx_word' id='word_1_460' title='bbox 337 4369 480 4429; x_wconf 78' lang='lat' dir='ltr'><strong>revelabo.</strong></span> <span class='ocrx_word' id='word_1_461' title='bbox 700 4340 709 4370; x_wconf 68' lang='lat'><strong><em>⁹</em></strong></span> <span class='ocrx_word' id='word_1_462' title='bbox 941 4373 977 4429; x_wconf 84' lang='lat' dir='ltr'><strong>iti</strong></span> <span class='ocrx_word' id='word_1_463' title='bbox 991 4370 1249 4429; x_wconf 89' lang='lat' dir='ltr'><strong>calumniabantur</strong></span> <span class='ocrx_word' id='word_1_464' title='bbox 1261 4367 1359 4424; x_wconf 85' lang='lat' dir='ltr'><strong>virum</strong></span> <span class='ocrx_word' id='word_1_465' title='bbox 1373 4371 1402 4425; x_wconf 90' lang='lat' dir='ltr'><strong>et</strong></span> <span class='ocrx_word' id='word_1_466' title='bbox 1414 4369 1534 4426; x_wconf 90' lang='lat' dir='ltr'><strong>domum</strong></span> <span class='ocrx_word' id='word_1_467' title='bbox 1550 4369 1615 4442; x_wconf 82' lang='lat' dir='ltr'><strong>ejus</strong></span> <span class='ocrx_word' id='word_1_468' title='bbox 1629 4389 1638 4440; x_wconf 81' lang='lat'>3</span> 
     </span>
     <span class='ocr_line' id='line_1_48' title="bbox 61 4438 1454 4515; baseline -0.003 -13"><span class='ocrx_word' id='word_1_469' title='bbox 61 4445 98 4502; x_wconf 83' lang='lat' dir='ltr'><strong>itt</strong></span> <span class='ocrx_word' id='word_1_470' title='bbox 112 4445 216 4502; x_wconf 85' lang='lat' dir='ltr'><strong>omnia</strong></span> <span class='ocrx_word' id='word_1_471' title='bbox 230 4442 377 4515; x_wconf 86' lang='lat' dir='ltr'><strong>sculptilia</strong></span> <span class='ocrx_word' id='word_1_472' title='bbox 391 4443 455 4515; x_wconf 87' lang='lat' dir='ltr'><strong>ejus</strong></span> <span class='ocrx_word' id='word_1_473' title='bbox 465 4440 668 4506; x_wconf 85' lang='lat' dir='ltr'><strong>concidentur,</strong></span> <span class='ocrx_word' id='word_1_474' title='bbox 1012 4443 1108 4499; x_wconf 87' lang='lat' dir='ltr'><strong>virum</strong></span> <span class='ocrx_word' id='word_1_475' title='bbox 1125 4445 1154 4497; x_wconf 90' lang='lat' dir='ltr'><strong>et</strong></span> <span class='ocrx_word' id='word_1_476' title='bbox 1166 4438 1363 4496; x_wconf 81' lang='lat' dir='ltr'><strong>hereditatem</strong></span> <span class='ocrx_word' id='word_1_477' title='bbox 1379 4440 1454 4512; x_wconf 81' lang='lat' dir='ltr'><strong>ojus.</strong></span> 
     </span>
     <span class='ocr_line' id='line_1_49' title="bbox 99 4509 1390 4587; baseline -0.005 -15"><span class='ocrx_word' id='word_1_478' title='bbox 99 4523 130 4573; x_wconf 88' lang='lat' dir='ltr'><strong>et</strong></span> <span class='ocrx_word' id='word_1_479' title='bbox 146 4532 252 4573; x_wconf 88' lang='lat' dir='ltr'><strong>omnes</strong></span> <span class='ocrx_word' id='word_1_480' title='bbox 262 4515 412 4572; x_wconf 88' lang='lat' dir='ltr'><strong>mercedes</strong></span> <span class='ocrx_word' id='word_1_481' title='bbox 425 4515 489 4587; x_wconf 81' lang='lat' dir='ltr'><strong>ejus</strong></span> <span class='ocrx_word' id='word_1_482' title='bbox 504 4513 714 4569; x_wconf 86' lang='lat' dir='ltr'><strong>comburentur</strong></span> <span class='ocrx_word' id='word_1_483' title='bbox 728 4509 804 4581; x_wconf 75' lang='lat' dir='ltr'><strong>igne.</strong></span> <span class='ocrx_word' id='word_1_484' title='bbox 944 4514 1055 4571; x_wconf 90' lang='lat' dir='ltr'><strong>Idcirco</strong></span> <span class='ocrx_word' id='word_1_485' title='bbox 1069 4513 1130 4568; x_wconf 78' lang='lat' dir='ltr'><strong>heo</strong></span> <span class='ocrx_word' id='word_1_486' title='bbox 1144 4511 1218 4567; x_wconf 90' lang='lat' dir='ltr'><strong>dicit</strong></span> <span class='ocrx_word' id='word_1_487' title='bbox 1231 4510 1390 4567; x_wconf 87' lang='lat' dir='ltr'><strong>Dominus:</strong></span> 
     </span>
     <span class='ocr_line' id='line_1_50' title="bbox 100 4580 1702 4657; baseline -0.002 -13"><span class='ocrx_word' id='word_1_488' title='bbox 100 4595 131 4644; x_wconf 91' lang='lat' dir='ltr'><strong>ct</strong></span> <span class='ocrx_word' id='word_1_489' title='bbox 145 4587 248 4644; x_wconf 88' lang='lat' dir='ltr'><strong>omnia</strong></span> <span class='ocrx_word' id='word_1_490' title='bbox 262 4585 341 4642; x_wconf 86' lang='lat' dir='ltr'><strong>idola</strong></span> <span class='ocrx_word' id='word_1_491' title='bbox 355 4587 419 4657; x_wconf 76' lang='lat' dir='ltr'><strong>eJus</strong></span> <span class='ocrx_word' id='word_1_492' title='bbox 434 4601 541 4657; x_wconf 88' lang='lat' dir='ltr'><strong>ponam</strong></span> <span class='ocrx_word' id='word_1_493' title='bbox 557 4585 587 4639; x_wconf 94' lang='lat' dir='ltr'><strong>in</strong></span> <span class='ocrx_word' id='word_1_494' title='bbox 603 4582 816 4656; x_wconf 84' lang='lat' dir='ltr'><strong>perditionem:</strong></span> <span class='ocrx_word' id='word_1_495' title='bbox 943 4586 1016 4643; x_wconf 78' lang='lat' dir='ltr'><strong>Ecce</strong></span> <span class='ocrx_word' id='word_1_496' title='bbox 1030 4599 1083 4657; x_wconf 78' lang='lat' dir='ltr'><strong>ego</strong></span> <span class='ocrx_word' id='word_1_497' title='bbox 1098 4582 1192 4656; x_wconf 80' lang='lat' dir='ltr'><strong>cogito</strong></span> <span class='ocrx_word' id='word_1_498' title='bbox 1206 4598 1293 4654; x_wconf 89' lang='lat' dir='ltr'><strong>super</strong></span> <span class='ocrx_word' id='word_1_499' title='bbox 1308 4580 1450 4638; x_wconf 81' lang='lat' dir='ltr'><strong>familiam</strong></span> <span class='ocrx_word' id='word_1_500' title='bbox 1465 4581 1554 4640; x_wconf 88' lang='lat' dir='ltr'><strong>istain</strong></span> <span class='ocrx_word' id='word_1_501' title='bbox 1570 4583 1702 4641; x_wconf 83' lang='lat' dir='ltr'><strong>malum:</strong></span> 
     </span>
     <span class='ocr_line' id='line_1_51' title="bbox 61 4652 1767 4728; baseline -0.001 -12"><span class='ocrx_word' id='word_1_502' title='bbox 61 4660 140 4727; x_wconf 80' lang='lat' dir='ltr'><strong>Quis</strong></span> <span class='ocrx_word' id='word_1_503' title='bbox 151 4660 187 4716; x_wconf 94' lang='lat' dir='ltr'><strong>de</strong></span> <span class='ocrx_word' id='word_1_504' title='bbox 203 4658 391 4716; x_wconf 87' lang='lat' dir='ltr'><strong>mercedibus</strong></span> <span class='ocrx_word' id='word_1_505' title='bbox 406 4655 569 4713; x_wconf 86' lang='lat' dir='ltr'><strong>meretrIcis</strong></span> <span class='ocrx_word' id='word_1_506' title='bbox 584 4658 762 4728; x_wconf 80' lang='lat' dir='ltr'><strong>congregata</strong></span> <span class='ocrx_word' id='word_1_507' title='bbox 772 4655 853 4721; x_wconf 90' lang='lat' dir='ltr'><strong>aunt,</strong></span> <span class='ocrx_word' id='word_1_508' title='bbox 980 4656 1059 4714; x_wconf 85' lang='lat' dir='ltr'><strong>ando</strong></span> <span class='ocrx_word' id='word_1_509' title='bbox 1072 4672 1129 4712; x_wconf 91' lang='lat' dir='ltr'><strong>non</strong></span> <span class='ocrx_word' id='word_1_510' title='bbox 1153 4653 1293 4711; x_wconf 85' lang='lat' dir='ltr'><strong>soleretis</strong></span> <span class='ocrx_word' id='word_1_511' title='bbox 1308 4652 1382 4711; x_wconf 88' lang='lat' dir='ltr'><strong>cotta</strong></span> <span class='ocrx_word' id='word_1_512' title='bbox 1402 4658 1508 4724; x_wconf 87' lang='lat' dir='ltr'><strong>vestre,</strong></span> <span class='ocrx_word' id='word_1_513' title='bbox 1534 4658 1563 4712; x_wconf 89' lang='lat' dir='ltr'><strong>et</strong></span> <span class='ocrx_word' id='word_1_514' title='bbox 1577 4672 1636 4713; x_wconf 90' lang='lat' dir='ltr'><strong>non</strong></span> <span class='ocrx_word' id='word_1_515' title='bbox 1660 4655 1767 4715; x_wconf 85' lang='lat' dir='ltr'><strong>amhn·</strong></span> 
     </span>
     <span class='ocr_line' id='line_1_52' title="bbox 100 4724 1254 4803; baseline -0.005 -16"><span class='ocrx_word' id='word_1_516' title='bbox 100 4735 131 4788; x_wconf 83' lang='lat' dir='ltr'><strong>st</strong></span> <span class='ocrx_word' id='word_1_517' title='bbox 142 4746 239 4803; x_wconf 89' lang='lat' dir='ltr'><strong>usque</strong></span> <span class='ocrx_word' id='word_1_518' title='bbox 251 4730 286 4786; x_wconf 86' lang='lat' dir='ltr'><strong>sd</strong></span> <span class='ocrx_word' id='word_1_519' title='bbox 303 4728 466 4786; x_wconf 86' lang='lat' dir='ltr'><strong>mercedem</strong></span> <span class='ocrx_word' id='word_1_520' title='bbox 483 4726 644 4785; x_wconf 86' lang='lat' dir='ltr'><strong>meretricis</strong></span> <span class='ocrx_word' id='word_1_521' title='bbox 659 4728 850 4783; x_wconf 84' lang='lat' dir='ltr'><strong>revertentur.</strong></span> <span class='ocrx_word' id='word_1_522' title='bbox 1015 4727 1114 4784; x_wconf 87' lang='lat' dir='ltr'><strong>labitis</strong></span> <span class='ocrx_word' id='word_1_523' title='bbox 1125 4724 1254 4799; x_wconf 86' lang='lat' dir='ltr'><strong>superbi,</strong></span> 
     </span>
     <span class='ocr_line' id='line_1_53' title="bbox 62 4796 1504 4873; baseline -0.005 -13"><span class='ocrx_word' id='word_1_524' title='bbox 62 4804 104 4861; x_wconf 79' lang='lat' dir='ltr'><strong>Su</strong></span> <span class='ocrx_word' id='word_1_525' title='bbox 128 4818 162 4858; x_wconf 90' lang='lat' dir='ltr'><strong>er</strong></span> <span class='ocrx_word' id='word_1_526' title='bbox 177 4804 234 4859; x_wconf 89' lang='lat' dir='ltr'><strong>hoc</strong></span> <span class='ocrx_word' id='word_1_527' title='bbox 250 4801 401 4873; x_wconf 82' lang='lat' dir='ltr'><strong>plangam,</strong></span> <span class='ocrx_word' id='word_1_528' title='bbox 416 4802 445 4855; x_wconf 88' lang='lat' dir='ltr'><strong>et</strong></span> <span class='ocrx_word' id='word_1_529' title='bbox 462 4797 599 4855; x_wconf 87' lang='lat' dir='ltr'><strong>ululabo:</strong></span> <span class='ocrx_word' id='word_1_530' title='bbox 981 4799 1121 4870; x_wconf 83' lang='lat' dir='ltr'><strong>qnoniam</strong></span> <span class='ocrx_word' id='word_1_531' title='bbox 1136 4802 1253 4869; x_wconf 88' lang='lat' dir='ltr'><strong>tempus</strong></span> <span class='ocrx_word' id='word_1_532' title='bbox 1269 4796 1433 4869; x_wconf 88' lang='lat' dir='ltr'><strong>pessimum</strong></span> <span class='ocrx_word' id='word_1_533' title='bbox 1448 4801 1504 4854; x_wconf 89' lang='lat' dir='ltr'><strong>est.</strong></span> 
     </span>
     <span class='ocr_line' id='line_1_54' title="bbox 62 4821 1587 4947; baseline -0.003 -16"><span class='ocrx_word' id='word_1_534' title='bbox 62 4821 172 4931; x_wconf 54' lang='lat' dir='ltr'><strong>roiam</strong></span> <span class='ocrx_word' id='word_1_535' title='bbox 188 4871 344 4947; x_wconf 87' lang='lat' dir='ltr'><strong>spoliatus,</strong></span> <span class='ocrx_word' id='word_1_536' title='bbox 359 4876 388 4928; x_wconf 90' lang='lat' dir='ltr'><strong>et</strong></span> <span class='ocrx_word' id='word_1_537' title='bbox 402 4870 519 4926; x_wconf 86' lang='lat' dir='ltr'><strong>nudus:</strong></span> <span class='ocrx_word' id='word_1_538' title='bbox 946 4874 978 4930; x_wconf 92' lang='lat' dir='ltr'><strong>In</strong></span> <span class='ocrx_word' id='word_1_539' title='bbox 994 4872 1040 4927; x_wconf 91' lang='lat' dir='ltr'><strong>die</strong></span> <span class='ocrx_word' id='word_1_540' title='bbox 1055 4869 1105 4925; x_wconf 87' lang='lat' dir='ltr'><strong>illa</strong></span> <span class='ocrx_word' id='word_1_541' title='bbox 1118 4873 1253 4925; x_wconf 89' lang='lat' dir='ltr'><strong>sumetur</strong></span> <span class='ocrx_word' id='word_1_542' title='bbox 1267 4884 1356 4940; x_wconf 87' lang='lat' dir='ltr'><strong>super</strong></span> <span class='ocrx_word' id='word_1_543' title='bbox 1370 4884 1421 4925; x_wconf 83' lang='lat' dir='ltr'><strong>ros</strong></span> <span class='ocrx_word' id='word_1_544' title='bbox 1435 4869 1587 4942; x_wconf 85' lang='lat' dir='ltr'><strong>parabola,</strong></span> 
     </span>
    </p>
   </div>
   <div class='ocr_carea' id='block_1_8' title="bbox 62 4938 1771 5071">
    <p class='ocr_par' dir='ltr' id='par_1_13' title="bbox 62 4938 1771 5071">
     <span class='ocr_line' id='line_1_55' title="bbox 62 4938 1771 5071; baseline -0.002 -67"><span class='ocrx_word' id='word_1_545' title='bbox 62 4946 185 5004; x_wconf 77' lang='lat' dir='ltr'><strong>Faciam</strong></span> <span class='ocrx_word' id='word_1_546' title='bbox 200 4943 355 5071; x_wconf 55' lang='lat' dir='ltr'><strong>planctum</strong></span> <span class='ocrx_word' id='word_1_547' title='bbox 370 4941 450 4999; x_wconf 84' lang='lat' dir='ltr'><strong>velut</strong></span> <span class='ocrx_word' id='word_1_548' title='bbox 463 4943 636 5012; x_wconf 91' lang='lat' dir='ltr'><strong>draconum,</strong></span> <span class='ocrx_word' id='word_1_549' title='bbox 909 4968 933 5035; x_wconf 65' lang='lat' dir='ltr'>n</span> <span class='ocrx_word' id='word_1_550' title='bbox 983 4938 1343 5000; x_wconf 86' lang='lat' dir='ltr'><strong>etcantabitnroantioum</strong></span> <span class='ocrx_word' id='word_1_551' title='bbox 1354 4940 1585 5014; x_wconf 87' lang='lat' dir='ltr'><strong>onmsuaritate,</strong></span> <span class='ocrx_word' id='word_1_552' title='bbox 1596 4939 1771 5001; x_wconf 81' lang='lat' dir='ltr'><strong>dicentiumt</strong></span> 
     </span>
    </p>
   </div>
   <div class='ocr_carea' id='block_1_9' title="bbox 64 5009 1780 5808">
    <p class='ocr_par' dir='ltr' id='par_1_14' title="bbox 64 5009 1780 5808">
     <span class='ocr_line' id='line_1_56' title="bbox 102 5009 1433 5088; baseline -0.004 -14"><span class='ocrx_word' id='word_1_553' title='bbox 102 5022 134 5075; x_wconf 85' lang='lat' dir='ltr'><strong>ct</strong></span> <span class='ocrx_word' id='word_1_554' title='bbox 148 5015 198 5073; x_wconf 88' lang='lat' dir='ltr'><strong>luo</strong></span> <span class='ocrx_word' id='word_1_555' title='bbox 214 5032 264 5073; x_wconf 92' lang='lat' dir='ltr'><strong>um</strong></span> <span class='ocrx_word' id='word_1_556' title='bbox 279 5013 364 5088; x_wconf 88' lang='lat' dir='ltr'><strong>qnasi</strong></span> <span class='ocrx_word' id='word_1_557' title='bbox 380 5013 594 5083; x_wconf 89' lang='lat' dir='ltr'><strong>struthionum,</strong></span> <span class='ocrx_word' id='word_1_558' title='bbox 949 5012 1178 5088; x_wconf 88' lang='lat' dir='ltr'><strong>Depopulatione</strong></span> <span class='ocrx_word' id='word_1_559' title='bbox 1189 5009 1295 5067; x_wconf 84' lang='lat' dir='ltr'><strong>vastati</strong></span> <span class='ocrx_word' id='word_1_560' title='bbox 1308 5026 1433 5069; x_wconf 88' lang='lat' dir='ltr'><strong>snmus:</strong></span> 
     </span>
     <span class='ocr_line' id='line_1_57' title="bbox 64 5081 1482 5161; baseline -0.004 -15"><span class='ocrx_word' id='word_1_561' title='bbox 64 5089 143 5157; x_wconf 72' lang='lat' dir='ltr'><strong>Quia</strong></span> <span class='ocrx_word' id='word_1_562' title='bbox 163 5090 320 5161; x_wconf 87' lang='lat' dir='ltr'><strong>desperata</strong></span> <span class='ocrx_word' id='word_1_563' title='bbox 334 5089 379 5142; x_wconf 87' lang='lat' dir='ltr'><strong>est</strong></span> <span class='ocrx_word' id='word_1_564' title='bbox 394 5084 441 5158; x_wconf 88' lang='lat' dir='ltr'><strong>pla</strong></span> <span class='ocrx_word' id='word_1_565' title='bbox 463 5085 569 5157; x_wconf 73' lang='lat' dir='ltr'><strong>aelus,</strong></span> <span class='ocrx_word' id='word_1_566' title='bbox 950 5087 1019 5144; x_wconf 85' lang='lat' dir='ltr'><strong>Pars</strong></span> <span class='ocrx_word' id='word_1_567' title='bbox 1035 5082 1136 5157; x_wconf 88' lang='lat' dir='ltr'><strong>populi</strong></span> <span class='ocrx_word' id='word_1_568' title='bbox 1151 5081 1209 5140; x_wconf 90' lang='lat' dir='ltr'><strong>mei</strong></span> <span class='ocrx_word' id='word_1_569' title='bbox 1223 5086 1405 5140; x_wconf 88' lang='lat' dir='ltr'><strong>commutata</strong></span> <span class='ocrx_word' id='word_1_570' title='bbox 1418 5087 1482 5141; x_wconf 88' lang='lat' dir='ltr'><strong>est:</strong></span> 
     </span>
     <span class='ocr_line' id='line_1_58' title="bbox 103 5153 1774 5234; baseline -0.004 -18"><span class='ocrx_word' id='word_1_571' title='bbox 103 5158 178 5234; x_wconf 89' lang='lat' dir='ltr'><strong>qnia</strong></span> <span class='ocrx_word' id='word_1_572' title='bbox 193 5159 272 5216; x_wconf 81' lang='lat' dir='ltr'><strong>venit</strong></span> <span class='ocrx_word' id='word_1_573' title='bbox 286 5172 379 5229; x_wconf 88' lang='lat' dir='ltr'><strong>usqne</strong></span> <span class='ocrx_word' id='word_1_574' title='bbox 393 5156 429 5212; x_wconf 91' lang='lat' dir='ltr'><strong>ad</strong></span> <span class='ocrx_word' id='word_1_575' title='bbox 466 5156 562 5226; x_wconf 88' lang='lat' dir='ltr'><strong>udam,</strong></span> <span class='ocrx_word' id='word_1_576' title='bbox 923 5173 929 5181; x_wconf 94' lang='lat'><em>·</em></span> <span class='ocrx_word' id='word_1_577' title='bbox 986 5156 1134 5231; x_wconf 89' lang='lat' dir='ltr'><strong>quomodo</strong></span> <span class='ocrx_word' id='word_1_578' title='bbox 1148 5155 1263 5212; x_wconf 86' lang='lat' dir='ltr'><strong>recedet</strong></span> <span class='ocrx_word' id='word_1_579' title='bbox 1278 5170 1295 5211; x_wconf 88' lang='lat' dir='ltr'><strong>a</strong></span> <span class='ocrx_word' id='word_1_580' title='bbox 1310 5169 1367 5223; x_wconf 87' lang='lat' dir='ltr'><strong>mo,</strong></span> <span class='ocrx_word' id='word_1_581' title='bbox 1382 5170 1452 5211; x_wconf 89' lang='lat' dir='ltr'><strong>cnm</strong></span> <span class='ocrx_word' id='word_1_582' title='bbox 1467 5155 1640 5220; x_wconf 84' lang='lat' dir='ltr'><strong>revertatur,</strong></span> <span class='ocrx_word' id='word_1_583' title='bbox 1655 5153 1708 5227; x_wconf 87' lang='lat' dir='ltr'><strong>qut</strong></span> <span class='ocrx_word' id='word_1_584' title='bbox 1727 5166 1774 5210; x_wconf 86' lang='lat' dir='ltr'><strong>rs·</strong></span> 
     </span>
     <span class='ocr_line' id='line_1_59' title="bbox 103 5222 1409 5303; baseline -0.005 -15"><span class='ocrx_word' id='word_1_585' title='bbox 103 5230 206 5303; x_wconf 83' lang='lat' dir='ltr'><strong>tetigit</strong></span> <span class='ocrx_word' id='word_1_586' title='bbox 234 5235 347 5300; x_wconf 89' lang='lat' dir='ltr'><strong>portam</strong></span> <span class='ocrx_word' id='word_1_587' title='bbox 363 5227 463 5302; x_wconf 89' lang='lat' dir='ltr'><strong>populi</strong></span> <span class='ocrx_word' id='word_1_588' title='bbox 478 5227 536 5284; x_wconf 91' lang='lat' dir='ltr'><strong>moi</strong></span> <span class='ocrx_word' id='word_1_589' title='bbox 564 5240 658 5299; x_wconf 87' lang='lat' dir='ltr'><strong>usque</strong></span> <span class='ocrx_word' id='word_1_590' title='bbox 673 5223 709 5280; x_wconf 86' lang='lat' dir='ltr'><strong>sd</strong></span> <span class='ocrx_word' id='word_1_591' title='bbox 719 5222 896 5280; x_wconf 84' lang='lat' dir='ltr'><strong>Jerusalem.</strong></span> <span class='ocrx_word' id='word_1_592' title='bbox 1021 5228 1123 5301; x_wconf 81' lang='lat' dir='ltr'><strong>giones</strong></span> <span class='ocrx_word' id='word_1_593' title='bbox 1137 5230 1253 5284; x_wconf 87' lang='lat' dir='ltr'><strong>nostras</strong></span> <span class='ocrx_word' id='word_1_594' title='bbox 1267 5225 1379 5283; x_wconf 84' lang='lat' dir='ltr'><strong>diridet</strong></span> <span class='ocrx_word' id='word_1_595' title='bbox 1394 5226 1409 5282; x_wconf 79' lang='lat' dir='ltr'><strong>l</strong></span> 
     </span>
     <span class='ocr_line' id='line_1_60' title="bbox 64 5293 1775 5373; baseline -0.003 -13"><span class='ocrx_word' id='word_1_596' title='bbox 64 5301 101 5361; x_wconf 90' lang='lat' dir='ltr'><strong>In</strong></span> <span class='ocrx_word' id='word_1_597' title='bbox 114 5303 192 5360; x_wconf 81' lang='lat' dir='ltr'><strong>oete</strong></span> <span class='ocrx_word' id='word_1_598' title='bbox 209 5301 300 5359; x_wconf 91' lang='lat' dir='ltr'><strong>nolite</strong></span> <span class='ocrx_word' id='word_1_599' title='bbox 315 5298 502 5366; x_wconf 82' lang='lat' dir='ltr'><strong>annuntiare,</strong></span> <span class='ocrx_word' id='word_1_600' title='bbox 951 5302 1072 5373; x_wconf 88' lang='lat' dir='ltr'><strong>Propter</strong></span> <span class='ocrx_word' id='word_1_601' title='bbox 1086 5298 1141 5355; x_wconf 91' lang='lat' dir='ltr'><strong>hoo</strong></span> <span class='ocrx_word' id='word_1_602' title='bbox 1161 5313 1220 5355; x_wconf 95' lang='lat' dir='ltr'><strong>iion</strong></span> <span class='ocrx_word' id='word_1_603' title='bbox 1234 5297 1291 5353; x_wconf 89' lang='lat' dir='ltr'><strong>erit</strong></span> <span class='ocrx_word' id='word_1_604' title='bbox 1302 5298 1355 5354; x_wconf 90' lang='lat' dir='ltr'><strong>tibi</strong></span> <span class='ocrx_word' id='word_1_605' title='bbox 1371 5297 1492 5354; x_wconf 88' lang='lat' dir='ltr'><strong>mittens</strong></span> <span class='ocrx_word' id='word_1_606' title='bbox 1507 5295 1668 5354; x_wconf 85' lang='lat' dir='ltr'><strong>Ianiculum</strong></span> <span class='ocrx_word' id='word_1_607' title='bbox 1686 5293 1775 5355; x_wconf 77' lang='lat' dir='ltr'><strong>sortis</strong></span> 
     </span>
     <span class='ocr_line' id='line_1_61' title="bbox 104 5368 1283 5448; baseline -0.004 -17"><span class='ocrx_word' id='word_1_608' title='bbox 104 5373 249 5448; x_wconf 79' lang='lat' dir='ltr'><strong>lacrymis</strong></span> <span class='ocrx_word' id='word_1_609' title='bbox 260 5389 296 5430; x_wconf 90' lang='lat' dir='ltr'><strong>ne</strong></span> <span class='ocrx_word' id='word_1_610' title='bbox 310 5371 443 5447; x_wconf 87' lang='lat' dir='ltr'><strong>ploretis,</strong></span> <span class='ocrx_word' id='word_1_611' title='bbox 1023 5373 1053 5426; x_wconf 89' lang='lat' dir='ltr'><strong>tii</strong></span> <span class='ocrx_word' id='word_1_612' title='bbox 1069 5374 1143 5427; x_wconf 83' lang='lat' dir='ltr'><strong>coetu</strong></span> <span class='ocrx_word' id='word_1_613' title='bbox 1159 5368 1283 5426; x_wconf 79' lang='lat' dir='ltr'><strong>nomint.</strong></span> 
     </span>
     <span class='ocr_line' id='line_1_62' title="bbox 105 5438 1360 5515; baseline -0.009 -13"><span class='ocrx_word' id='word_1_614' title='bbox 105 5446 138 5503; x_wconf 92' lang='lat' dir='ltr'><strong>in</strong></span> <span class='ocrx_word' id='word_1_615' title='bbox 156 5447 245 5503; x_wconf 92' lang='lat' dir='ltr'><strong>domo</strong></span> <span class='ocrx_word' id='word_1_616' title='bbox 261 5441 393 5502; x_wconf 85' lang='lat' dir='ltr'><strong>Pulveris</strong></span> <span class='ocrx_word' id='word_1_617' title='bbox 408 5439 528 5515; x_wconf 85' lang='lat' dir='ltr'><strong>pulvere</strong></span> <span class='ocrx_word' id='word_1_618' title='bbox 540 5456 592 5498; x_wconf 85' lang='lat' dir='ltr'><strong>vos</strong></span> <span class='ocrx_word' id='word_1_619' title='bbox 611 5453 736 5511; x_wconf 88' lang='lat' dir='ltr'><strong>consper</strong></span> <span class='ocrx_word' id='word_1_620' title='bbox 758 5438 807 5503; x_wconf 90' lang='lat' dir='ltr'><strong>ite,</strong></span> <span class='ocrx_word' id='word_1_621' title='bbox 952 5442 995 5501; x_wconf 78' lang='lat' dir='ltr'><strong>lte</strong></span> <span class='ocrx_word' id='word_1_622' title='bbox 1010 5441 1172 5513; x_wconf 79' lang='lat' dir='ltr'><strong>loquamini</strong></span> <span class='ocrx_word' id='word_1_623' title='bbox 1188 5440 1360 5511; x_wconf 78' lang='lat' dir='ltr'><strong>loquentes:</strong></span> 
     </span>
     <span class='ocr_line' id='line_1_63' title="bbox 66 5454 1780 5584; baseline -0.005 -7"><span class='ocrx_word' id='word_1_624' title='bbox 66 5516 107 5577; x_wconf 73' lang='lat' dir='ltr'><strong>Et</strong></span> <span class='ocrx_word' id='word_1_625' title='bbox 120 5517 250 5574; x_wconf 87' lang='lat' dir='ltr'><strong>transite</strong></span> <span class='ocrx_word' id='word_1_626' title='bbox 266 5516 350 5573; x_wconf 86' lang='lat' dir='ltr'><strong>robis</strong></span> <span class='ocrx_word' id='word_1_627' title='bbox 365 5512 508 5570; x_wconf 89' lang='lat' dir='ltr'><strong>habitatio</strong></span> <span class='ocrx_word' id='word_1_628' title='bbox 524 5510 649 5569; x_wconf 83' lang='lat' dir='ltr'><strong>Pulchra</strong></span> <span class='ocrx_word' id='word_1_629' title='bbox 659 5511 712 5582; x_wconf 77' lang='lat' dir='ltr'><strong>(At.</strong></span> <span class='ocrx_word' id='word_1_630' title='bbox 729 5454 859 5583; x_wconf 37' lang='lat' dir='ltr'><strong>&amp;ephiri</strong></span> <span class='ocrx_word' id='word_1_631' title='bbox 989 5513 1052 5571; x_wconf 90' lang='lat' dir='ltr'><strong>Non</strong></span> <span class='ocrx_word' id='word_1_632' title='bbox 1068 5512 1191 5570; x_wconf 87' lang='lat' dir='ltr'><strong>stillabit</strong></span> <span class='ocrx_word' id='word_1_633' title='bbox 1205 5527 1294 5584; x_wconf 84' lang='lat' dir='ltr'><strong>super</strong></span> <span class='ocrx_word' id='word_1_634' title='bbox 1308 5510 1392 5579; x_wconf 89' lang='lat' dir='ltr'><strong>istos,</strong></span> <span class='ocrx_word' id='word_1_635' title='bbox 1402 5525 1459 5568; x_wconf 90' lang='lat' dir='ltr'><strong>non</strong></span> <span class='ocrx_word' id='word_1_636' title='bbox 1469 5509 1699 5583; x_wconf 87' lang='lat' dir='ltr'><strong>comprehendet</strong></span> <span class='ocrx_word' id='word_1_637' title='bbox 1708 5524 1780 5569; x_wconf 83' lang='lat' dir='ltr'><strong>ooo·</strong></span> 
     </span>
     <span class='ocr_line' id='line_1_64' title="bbox 146 5584 1113 5665; baseline -0.007 -19"><span class='ocrx_word' id='word_1_638' title='bbox 146 5588 273 5646; x_wconf 79' lang='lat' dir='ltr'><strong>contusa</strong></span> <span class='ocrx_word' id='word_1_639' title='bbox 286 5584 469 5661; x_wconf 79' lang='lat' dir='ltr'><strong>Ignominia:</strong></span> <span class='ocrx_word' id='word_1_640' title='bbox 698 5650 704 5665; x_wconf 32' lang='lat'><em>⁶</em></span> <span class='ocrx_word' id='word_1_641' title='bbox 1026 5584 1113 5642; x_wconf 87' lang='lat' dir='ltr'><strong>lusio.</strong></span> 
     </span>
     <span class='ocr_line' id='line_1_65' title="bbox 107 5651 1315 5735; baseline -0.013 -15"><span class='ocrx_word' id='word_1_642' title='bbox 107 5678 170 5720; x_wconf 89' lang='lat' dir='ltr'><strong>oon</strong></span> <span class='ocrx_word' id='word_1_643' title='bbox 199 5664 246 5718; x_wconf 87' lang='lat' dir='ltr'><strong>est</strong></span> <span class='ocrx_word' id='word_1_644' title='bbox 260 5672 382 5735; x_wconf 80' lang='lat' dir='ltr'><strong>egressa</strong></span> <span class='ocrx_word' id='word_1_645' title='bbox 409 5670 474 5731; x_wconf 76' lang='lat' dir='ltr'><strong>que</strong></span> <span class='ocrx_word' id='word_1_646' title='bbox 487 5652 601 5712; x_wconf 84' lang='lat' dir='ltr'><strong>habitat</strong></span> <span class='ocrx_word' id='word_1_647' title='bbox 613 5651 645 5709; x_wconf 90' lang='lat' dir='ltr'><strong>ia</strong></span> <span class='ocrx_word' id='word_1_648' title='bbox 659 5656 739 5710; x_wconf 83' lang='lat' dir='ltr'><strong>exito</strong></span> <span class='ocrx_word' id='word_1_649' title='bbox 755 5652 810 5714; x_wconf 85' lang='lat' dir='ltr'><strong>tii.</strong></span> <span class='ocrx_word' id='word_1_650' title='bbox 833 5656 903 5709; x_wconf 79' lang='lat' dir='ltr'><strong>sen·</strong></span> <span class='ocrx_word' id='word_1_651' title='bbox 992 5656 1069 5713; x_wconf 76' lang='lat' dir='ltr'><strong>pisti</strong></span> <span class='ocrx_word' id='word_1_652' title='bbox 1083 5656 1190 5713; x_wconf 69' lang='lat' dir='ltr'><strong>domus</strong></span> <span class='ocrx_word' id='word_1_653' title='bbox 1205 5653 1315 5712; x_wconf 73' lang='lat' dir='ltr'><strong>Jacob:</strong></span> 
     </span>
     <span class='ocr_line' id='line_1_66' title="bbox 149 5723 1642 5808; baseline -0.007 -16"><span class='ocrx_word' id='word_1_654' title='bbox 149 5732 242 5808; x_wconf 75' lang='lat' dir='ltr'><strong>nso):</strong></span> <span class='ocrx_word' id='word_1_655' title='bbox 954 5727 1096 5802; x_wconf 82' lang='lat' dir='ltr'><strong>Nunquid</strong></span> <span class='ocrx_word' id='word_1_656' title='bbox 1111 5726 1296 5786; x_wconf 86' lang='lat' dir='ltr'><strong>abbreviatus</strong></span> <span class='ocrx_word' id='word_1_657' title='bbox 1311 5727 1357 5782; x_wconf 89' lang='lat' dir='ltr'><strong>est</strong></span> <span class='ocrx_word' id='word_1_658' title='bbox 1369 5723 1492 5799; x_wconf 83' lang='lat' dir='ltr'><strong>spiritus</strong></span> <span class='ocrx_word' id='word_1_659' title='bbox 1506 5723 1642 5784; x_wconf 71' lang='lat' dir='ltr'><strong>Domini.</strong></span> 
     </span>
    </p>
   </div>
   <div class='ocr_carea' id='block_1_10' title="bbox 0 0 1943 6116">
    <p class='ocr_par' dir='ltr' id='par_1_15' title="bbox 0 0 1943 6116">
     <span class='ocr_line' id='line_1_67' title="bbox 0 0 1943 6116; baseline 0 0"><span class='ocrx_word' id='word_1_660' title='bbox 0 0 1943 6116; x_wconf 95' lang='lat' dir='ltr'><strong> </strong></span> 
     </span>
    </p>
   </div>
  </div>
 </body>
</html>
