3870 6120
106 278 166 339 ⁵³3
697 335 700 341 ,
840 294 949 352 arnna
965 295 1086 354 rosus.
1764 305 1819 365 534
1905 324 1908 329 -

105 401 272 460 sedebatin
284 403 380 462 asino.
395 404 447 463 Cui
458 403 566 465 Chaleh
580 424 588 465 ε
604 408 678 474 Quid
699 410 791 469 habes
803 414 815 469 t
828 411 935 484 inquit.
952 414 1125 483 Acivitates
1145 432 1260 488 novem,
1276 427 1304 474 ct
1316 420 1392 475 vilra
1405 436 1519 478 earum.
1535 422 1621 480 Maon
1637 426 1667 480 et
1685 424 1820 484 Charmei

105 494 146 547 At
160 490 214 549 illa
225 494 398 567 respondit:
414 498 456 551 Da
472 495 545 553 mibi
561 497 815 558 benedictionem:
833 506 940 560 terrem
993 508 1023 562 et
1034 506 1117 579 Ziph,
1135 511 1164 563 et
1177 507 1255 578 Jota,
1272 512 1301 564 et
1323 508 1435 567 iezrael
1450 514 1478 566 et
1499 510 1656 568 Jacadaam
1671 518 1700 570 et
1713 514 1820 583 Zanoe,

106 581 270 639 australem
290 586 318 640 ct
331 591 456 641 erenum
480 584 520 653 [h.
538 586 712 662 nonhabet]
729 590 835 647 dedisti
855 590 939 667 mibi,
994 595 1110 662 Accuin,
1127 596 1235 663 Gebsa,
1260 602 1288 654 et
1313 598 1480 657 Thamma:
1505 599 1637 658 civitatee
1661 602 1820 672 deremet

102 670 201 745 junge
211 671 398 748 etirriguam.
415 673 500 731 Dedit
516 675 614 748 itaque
629 677 655 734 ei
669 678 777 736 chaleb
793 679 938 754 irriguum
991 683 1193 743 vitiosarum.
1210 686 1297 754 hlud,
1314 691 1343 743 et
1358 688 1515 755 lieth-Sur,
1531 692 1560 744 et
1575 688 1682 757 Gedor,
1694 691 1818 761 Mareth,

106 761 250 836 superius
276 767 307 819 st
334 763 469 821 interius.
498 764 564 821 an
593 770 639 822 est
665 768 814 840 possessio
842 771 938 828 tribus
991 776 1021 830 et
1047 773 1224 846 Beth-huot,
1255 782 1283 832 et
1319 776 1481 833 Etthecon:
1508 777 1641 834 civitates
1667 795 1717 836 sex
1741 780 1817 840 viiic

105 850 240 910 tiliorum
262 852 342 911 Juda
368 869 422 927 per
461 856 651 929 cognationes
679 874 760 915 suas.
789 863 937 933 Itrantque
990 877 1101 920 aarum.
1129 864 1345 933 Cariath-flasi,
1362 864 1483 923 haeoest
1504 866 1817 937 Cariath-iarim,orts

104 940 241 1000 civitatee
262 941 299 1000 ab
324 943 463 1002 extremis
489 946 620 1015 partibus
644 946 771 1004 [iliorum
786 949 864 1006 iuda
880 950 936 1024 [b]
989 952 1128 1009 sticarum
1143 953 1184 1026 [h.
1202 971 1259 1011 uon
1276 954 1386 1027 habet].
1401 961 1429 1011 et
1448 955 1562 1011 Arebha
1578 973 1585 1013 :
1604 957 1736 1016 civitates
1750 960 1816 1018 due

106 1030 270 1088 terminum
296 1031 387 1089 bidom
411 1050 430 1089 a
450 1033 594 1093 meridie:
619 1035 740 1094 Gabsael
765 1042 795 1093 et
818 1038 937 1096 Ederet
989 1040 1236 1099 strilleearum.
1256 1043 1419 1100 Indeserta
1444 1043 1770 1117 Beth-Araba,t1iddin,
1787 1054 1817 1107 et

107 1116 212 1192 Jagur,
223 1126 253 1177 et
263 1121 334 1179 Cina
344 1122 512 1192 etDimona,
523 1124 634 1195 Adada,
649 1131 678 1183 et
686 1126 777 1185 cedes
789 1132 818 1184 et
829 1136 902 1184 Asor
913 1131 935 1200 ¹,
991 1129 1133 1199 schacha,
1150 1132 1311 1204 Anebsom,
1326 1135 1354 1187 et
1378 1131 1483 1189 civitas
1497 1130 1584 1203 Salis,
1600 1137 1630 1190 et
1643 1133 1815 1194 idn-Gaddi:

109 1213 139 1265 et
146 1210 298 1281 icthnam,
308 1211 379 1285 Ziph
390 1218 419 1270 et
427 1212 536 1285 Talem,
550 1213 653 1272 Balotb
667 1222 697 1272 et
711 1222 786 1274 asor
800 1234 875 1275 nova
891 1217 932 1290 [b.
990 1217 1125 1276 civitates
1149 1235 1211 1292 sex,
1225 1225 1254 1277 et
1275 1219 1350 1276 ville
1372 1236 1485 1277 earum.
1511 1220 1555 1290 [C.
1578 1220 1710 1295 11111111]
1724 1223 1817 1282 Jebn·

115 1303 188 1357 asor
202 1317 276 1358 nova
298 1299 365 1358 ideo
388 1300 497 1359 dicitur
510 1302 581 1376 quia
602 1304 694 1362 altera
708 1310 891 1380 ssorvcrue]
906 1312 936 1365 et
990 1323 1081 1364 aarum
1109 1313 1206 1365 autem
1232 1307 1429 1367 habitatorem
1452 1309 1616 1367 Jerusalem
1639 1328 1698 1368 non
1713 1316 1819 1385 potus·

117 1384 240 1460 (isdoth,
266 1394 359 1448 ltsron
382 1389 445 1448 heo
470 1396 515 1449 est
537 1394 622 1450 Asor.
645 1395 762 1461 amam,
786 1396 883 1468 Same,
907 1402 936 1453 st
990 1402 1060 1453 runt
1075 1397 1128 1452 titii
1142 1397 1219 1455 iuda
1234 1396 1351 1455 delere:
1368 1397 1573 1471 habitavitque
1587 1399 1819 1461 debuemuscum

121 1475 238 1547 iiolada,
254 1483 284 1536 et
297 1478 487 1537 Aser-Gadda
502 1483 532 1537 et
544 1481 892 1555 Asemon,Beth·Phetet,
907 1488 937 1542 et
988 1484 1058 1542 filiis
1071 1485 1148 1542 iuda
1159 1486 1188 1542 in
1200 1486 1362 1544 Jerusalem
1380 1504 1478 1561 usque
1498 1487 1527 1543 in
1543 1494 1718 1561 presentem
1729 1490 1818 1550 diem.

123 1567 267 1627 aser-snat
277 1572 306 1627 et
317 1568 480 1627 Ber-Sabae
501 1573 530 1626 ct
541 1569 701 1642 Baziothia,
717 1571 787 1630 Bala
802 1578 830 1630 et
844 1573 935 1642 Hiim,
1025 1573 1068 1646 [B.
1083 1575 1187 1646 XXIV,
1205 1574 1269 1649 Cap.
1295 1575 1379 1649 XVI.]
1395 1576 1507 1634 Cecidit
1526 1592 1644 1651 quoque
1660 1595 1725 1636 sors
1740 1578 1818 1640 utio-

126 1653 197 1713 Esem
220 1662 248 1714 et
270 1656 419 1730 Eltholod,
443 1665 472 1715 et
491 1657 553 1715 Xiil
577 1663 606 1715 et
629 1659 748 1733 Harma,
772 1661 884 1736 Siceleg
907 1667 936 1718 et
988 1679 1054 1719 rum
1069 1664 1192 1738 ioseph,
1209 1666 1244 1721 ab
1268 1665 1398 1722 iordane
1422 1669 1524 1722 contra
1546 1666 1661 1724 Jericho
1680 1672 1709 1725 ot
1723 1686 1817 1742 aquas

130 1744 280 1807 hiedamena
291 1752 494 1815 etSencenna,
509 1749 638 1808 Lebeoth
655 1755 684 1808 et
698 1751 780 1809 Siiim
791 1757 819 1809 et
835 1757 894 1809 Aen
907 1757 935 1810 et
948 1774 973 1841 B
987 1752 1053 1824 ejus
1073 1752 1251 1811 oboriente:
1268 1752 1397 1811 solitudo
1413 1771 1478 1826 quaa
1501 1755 1634 1812 ascendit
1648 1757 1683 1814 de
1696 1758 1816 1817 iericho

133 1838 261 1895 hennon.
277 1838 387 1897 Omnes
403 1838 535 1896 civitates
553 1839 656 1912 viginti
676 1842 799 1899 novem¹
814 1847 842 1900 et
856 1841 930 1899 villa
986 1840 1023 1896 ad
1040 1845 1180 1898 montana
1197 1842 1285 1914 [Vutp.
1303 1843 1443 1915 montem]
1461 1843 1583 1900 Beth-El
1599 1861 1606 1899 :
1623 1849 1651 1902 et
1666 1846 1816 1919 egreditur

136 1941 223 1983 aarum
238 1927 280 1998 [C.
297 1925 417 2002 exiiii]
441 1927 474 1984 In
496 1928 710 2002 campestribus
723 1946 792 1987 vero
807 1948 815 1988 t
832 1930 929 1988 Estaol
984 1930 1020 1987 de
1034 1929 1163 2000 Beth-El,
1188 1931 1316 1987 Lunam:
1342 1931 1506 2004 transitque
1530 1933 1691 1990 terminum
1706 1934 1806 1993 Archi-

137 2021 239 2074 etteras
261 2021 296 2073 et‘
310 2020 417 2088 Asana,
432 2021 461 2074 et
484 2018 578 2076 Zauoe
598 2023 627 2075 et
641 2020 856 2091 Aen-Gannim,
871 2022 930 2077 Ta·
984 2018 1115 2074 Ataroth.
1131 2019 1167 2075 111
1180 2019 1333 2077 deseendit
1347 2020 1383 2075 ad
1411 2019 1592 2077 occidentem
1604 2023 1690 2095 Juxta
1703 2025 1806 2081 termi-

139 2102 231 2176 phphna
242 2109 272 2163 et
287 2106 402 2174 iinaim,
415 2109 445 2161 st
458 2106 618 2176 Jarimuth,
633 2107 769 2178 adulam,
780 2107 891 2166 soccho
901 2113 931 2165 et
984 2122 1056 2163 num
1066 2105 1204 2181 Jephieti,
1222 2123 1316 2180 usque
1331 2108 1367 2164 ad
1378 2108 1434 2181 [b]
1447 2110 1608 2167 terminum
1621 2111 1807 2171 Beth-Horou

141 2192 202 2249 traca
220 2199 248 2250 st
274 2193 382 2265 sarim,
408 2193 557 2250 Adithaim
581 2199 610 2252 ct
634 2195 745 2253 Gedera
767 2203 796 2254 et
810 2198 929 2254 Gidero·
984 2194 1144 2264 inferioris,
1174 2200 1203 2253 et
1227 2197 1342 2254 Gezer:
1370 2197 1573 2272 finiunturque
1595 2201 1728 2273 regiones
1742 2203 1808 2274 eius

141 2281 223 2343 thau:
237 2289 267 2343 et
282 2285 370 2342 urbes
382 2286 615 2359 quatuordeeim,
627 2290 656 2344 et
671 2287 743 2344 ville
753 2304 865 2346 earum.
877 2290 929 2346 Sa·
985 2284 1058 2340 mari
1074 2288 1188 2357 Magno.
1206 2287 1246 2359 [G.
1264 2284 1398 2360 cxxvi]
1420 2288 1674 2360 possederuntque
1689 2289 1742 2347 tilii
1756 2291 1810 2350 Jo-

142 2388 180 2431 nru
190 2382 214 2434 et
226 2378 337 2435 Adesse
351 2381 380 2436 et
394 2376 600 2452 tingentem,
614 2378 718 2436 pelean
733 2385 762 2436 et
771 2381 891 2454 Mospha
901 2386 931 2437 et
983 2373 1056 2446 seph
1070 2377 1205 2431 Manasse
1224 2379 1253 2432 et
1268 2375 1416 2448 iiphralm.
1441 2376 1477 2433 ut
1493 2377 1586 2435 iactus
1601 2382 1647 2436 est
1661 2381 1809 2440 terminus

139 2458 232 2533 iethet,
254 2465 361 2523 Lacinia
386 2470 414 2522 et
437 2466 547 2536 iissem,
571 2472 600 2523 et
623 2466 727 2541 Agiou,
750 2469 886 2526 chebbon
901 2473 931 2526 ct
984 2460 1110 2519 filiorum
1135 2463 1272 2537 Ephraim
1296 2480 1348 2536 per
1371 2465 1560 2538 cognationes
1585 2484 1655 2524 euos
1671 2484 1679 2524 :
1695 2473 1725 2526 et
1739 2486 1809 2542 pos·

136 2546 397 2613 Lgmchothj,
421 2553 571 2626 (3111qu
595 2555 761 2630 geppggon
781 2556 931 2614 ,trimme
983 2551 1077 2608 sessio
1103 2568 1204 2608 corum
1242 2557 1344 2609 contra
1380 2553 1534 2623 orientem,
1571 2556 1810 2616 Ataroth-hddar

135 2643 287 2701 discede:
304 2642 434 2701 civitates
456 2643 596 2715 sedecim,
610 2649 639 2702 et
658 2643 730 2701 ville
746 2661 858 2704 earum.
873 2645 929 2702 La-
983 2656 1078 2711 usquo
1105 2640 1289 2698 Both-Horon
1318 2641 1510 2715 superiorem·
1552 2645 1809 2721 Egredienturqoe

131 2724 188 2788 hena
199 2738 227 2789 et
240 2732 329 2790 Ether
351 2736 380 2789 et
392 2736 482 2801 assu,
499 2732 628 2805 Jephtha
641 2737 670 2789 et
691 2733 769 2790 Esne
784 2738 813 2790 et
826 2733 928 2800 Nesib,
983 2729 1111 2787 confinia
1134 2729 1163 2786 in
1189 2745 1270 2786 mara
1286 2745 1293 2786 :
1310 2730 1525 2788 Mechmethath
1549 2748 1617 2789 vero
1637 2734 1807 2807 aquilonem
1909 2720 1913 2729 ¹

128 2822 228 2880 etCsiIa
241 2828 271 2881 et
293 2821 399 2880 dchzib
422 2825 451 2880 ct
475 2822 608 2879 Maresa:
634 2822 767 2881 civitates
782 2839 885 2880 novem
900 2828 930 2882 et
983 2818 1112 2892 respicit,
1128 2823 1157 2875 at
1180 2817 1316 2876 circumit
1339 2819 1394 2893 [b]
1417 2820 1577 2877 terminum
1593 2826 1695 2879 contra
1709 2825 1808 2882 orien-

125 2907 186 2967 vitta
196 2928 308 2970 earum.
322 2913 452 2969 Acoaron
463 2927 532 2968 oum
543 2910 617 2967 vicis
631 2915 661 2969 et
675 2909 786 2969 villulis
798 2912 871 2969 suis.
886 2913 929 2969 ab
982 2912 1040 2964 tem
1062 2907 1092 2963 in
1108 2906 1325 2965 'tanath-Solo:
1351 2913 1380 2965 et
1396 2909 1556 2982 pertransit
1578 2911 1615 2968 ab
1630 2912 1742 2971 oriente
1756 2914 1807 2971 Ja-

122 2994 236 3058 decsron
251 3017 344 3076 osque
367 3000 403 3057 ad
429 3015 528 3056 mare:
551 2999 652 3057 omnia
676 3017 738 3075 quc
752 3004 878 3073 vergunt
892 3002 928 3057 ad
982 3012 1047 3054 noe.
1073 2997 1289 3070 Descenditque
1313 2997 1349 3054 de
1370 2997 1464 3054 danos
1478 2997 1509 3055 in
1534 3000 1656 3057 ataroth
1672 3006 1702 3058 et
1716 3000 1808 3061 Nara-

122 3084 229 3147 eorum
239 3090 391 3148 stvicutos
402 3090 475 3161 ejus.
491 3093 600 3146 dectus
614 3105 681 3145 eum
694 3089 767 3146 vicis
777 3093 805 3146 et
818 3089 929 3147 villulis
984 3085 1053 3143 tha:
1069 3089 1098 3144 et
1112 3086 1244 3159 pervenit
1259 3086 1290 3143 in
1305 3086 1433 3155 iericho,
1448 3091 1478 3145 et
1492 3088 1642 3160 egreditur
1655 3090 1691 3147 ad
1705 3091 1809 3149 torda-

120 3180 339 3241 suisiiasacum
359 3180 464 3239 viculis
485 3180 926 3255 [Vatp.vieis]etviiluiissois,
984 3191 1062 3233 nem·
1092 3178 1132 3232 De
1157 3175 1319 3248 Taphphut
1349 3176 1509 3250 pertransit
1539 3183 1640 3236 contra
1668 3196 1749 3238 mare
1776 3182 1808 3239 in

120 3274 259 3345 usquead
284 3275 443 3328 torrentem
468 3269 596 3343 AEgypti,
625 3286 705 3327 mare
733 3270 871 3344 Magnum
899 3277 928 3329 ee
980 3264 1085 3321 vetlem
1097 3264 1282 3332 arundineti,
1299 3270 1429 3339 suntque
1445 3281 1582 3339 egressus
1601 3268 1807 3339 ejusinmare

124 3360 266 3419 warinum
291 3362 368 3434 ejus.
384 3361 420 3416 Et
447 3359 477 3415 in
494 3363 593 3416 monte
610 3373 618 3415 ι
633 3359 730 3416 Samir
746 3364 775 3416 et
789 3360 885 3417 iathir
899 3364 928 3418 et
981 3352 1386 3426 salsissimum[b.nonhohet
1397 3353 1619 3429 salsissimum].
1632 3356 1805 3434 [C.hXXV.]

123 3447 223 3520 who,
239 3456 268 3508 et
282 3454 386 3508 Danna
396 3447 675 3520 eteniam-senna,
688 3448 746 3504 hacc
759 3452 804 3505 est
819 3449 925 3517 Dahir3
981 3443 1047 3500 Hac
1059 3446 1103 3500 est
1124 3442 1273 3515 posseesio
1287 3443 1385 3500 tribus
1398 3443 1526 3500 tiliorum
1542 3445 1681 3518 Ephraim
1697 3464 1749 3519 per
1764 3449 1807 3506 t‘s·

130 3539 226 3598 tanat
241 3539 383 3608 isthemo,
399 3542 427 3593 et
444 3537 541 3605 anim,
557 3534 653 3594 Gosen
668 3541 698 3594 at
712 3536 786 3594 Oion
801 3542 829 3594 et
843 3537 925 3596 Gilo:
982 3530 1080 3589 milies
1095 3548 1175 3589 suas.
1187 3530 1338 3606 Urbesque
1350 3538 1491 3604 separata
1502 3539 1573 3590 sunt
1584 3533 1652 3591 flliis
1668 3535 1807 3608 Ephraim

131 3624 234 3687 striatas
257 3626 396 3684 undecim
411 3629 440 3683 et
453 3624 527 3683 vilice
548 3640 660 3682 earum.
675 3626 752 3683 Arab
767 3630 795 3684 et
810 3627 927 3682 Ruma⁸
981 3620 1011 3678 in
1029 3621 1126 3678 medio
1150 3621 1346 3694 possessionis
1370 3620 1500 3678 filiorum
1522 3620 1670 3695 Manssae,
1685 3629 1715 3681 et
1731 3625 1806 3683 viiie

133 3716 251 3783 abac,
263 3715 411 3774 ottanum
424 3714 739 3788 athath-Thapbphus
753 3718 783 3772 et
798 3715 925 3789 apheca,
981 3726 1092 3769 aarum.
1122 3709 1164 3783 [C.
1194 3709 1334 3782 dxxvi]
1362 3713 1395 3765 Et
1428 3726 1487 3767 non
1514 3708 1725 3770 interfecerunt
1751 3715 1805 3772 iiiii

135 3805 269 3864 tnawat
281 3801 504 3874 cariatharbe,
519 3802 581 3859 hmo
599 3806 645 3860 est
662 3802 778 3860 Hebron
795 3808 824 3859 et
842 3803 926 3860 Sior:
981 3798 1119 3874 Ephraim
1139 3797 1349 3867 chananeum,
1375 3799 1425 3871 qui
1453 3798 1605 3857 habitabat
1633 3800 1663 3858 in
1689 3802 1801 3860 Gezer:

71 3932 73 3937 '
133 3924 181 3995 tiro,
201 3927 280 4002 qnod
307 3930 410 3999 postea
438 3928 586 3981 mutatum
613 3928 668 3981 est.
683 3924 791 3983 Verum
805 3929 926 4052 preter·
1017 3924 1097 3980 ‘Pro
1112 3925 1211 3989 Romo,
1225 3924 1363 3980 Hebraeus
1377 3926 1406 3979 et
1420 3921 1573 3980 Chaldaeus
1588 3922 1689 3996 legunt
1702 3927 1803 3997 Domo,

133 4007 194 4065 tntu
227 4000 285 4058 nod
310 3998 460 4056 adulteras
487 4012 593 4052 manus
617 3997 746 4069 perpessi
770 4012 803 4054 co
827 3997 926 4055 ieiseo
981 3995 1337 4078 proptersimiiitndinem
1353 3995 1449 4060 Reach,
1465 3999 1494 4051 et
1510 3995 1619 4079 Dqtcth,
1636 4013 1701 4068 que
1717 4014 1805 4084 parvo

134 4018 927 4201 tilithititimtittiittdttit:
981 4067 1322 4210 titttttttttftt
1343 4065 1806 4210 titthtttittte‘ttt:

133 4156 513 4273 succludentu'icstris
542 4209 667 4292 Urbinas
683 4211 779 4283 habet,
796 4212 850 4280 Qui
863 4229 927 4269 com
980 4215 1026 4292 tes
1040 4209 1227 4294 prophetiam
1249 4213 1352 4265 contra
1378 4208 1541 4292 Romanurn
1566 4224 1688 4282 reguum
1705 4211 1805 4296 dirigi,

131 4281 621 4427 tt't‘tctmtutctttt.
637 4281 927 4421 tetemet
980 4281 1806 4437 111111131111111111113111111ῒῇ1111

131 4436 348 4502 vatemque
362 4443 420 4485 non
435 4429 566 4499 apparet,
590 4425 720 4497 sequiori
740 4442 829 4484 mauu
844 4427 926 4484 vide·
981 4424 1145 4482 Commeat.
1161 4428 1254 4481 sancti
1270 4424 1439 4496 Hieronymi
1454 4439 1484 4480 ru
1499 4426 1618 4507 Isaram.
1639 4425 1731 4483 Maur.

130 4498 162 4555 tor
170 4502 338 4561 substituta.
940 4511 964 4579 p
1016 4495 1163 4552 -Nostri
1179 4512 1235 4554 ms.
1251 4496 1337 4552 Romo
1358 4494 1460 4567 legunt
1480 4512 1543 4568 perr
1559 4512 1706 4554 consensu
1723 4515 1729 4554 :
1747 4500 1802 4555 lie·

151 4571 266 4631 ¹iitrius
289 4587 326 4628 uc
349 4574 425 4627 Aser
439 4565 574 4626 meminit
594 4571 715 4624 sanctus
729 4567 924 4639 Hieronymus
979 4569 1075 4626 brena
1099 4567 1186 4624 babet
1209 4569 1308 4624 mmo.
1330 4566 1444 4625 Confer.
1461 4572 1652 4626 commentar.
1676 4568 1706 4626 in
1721 4570 1803 4628 isaie

128 4632 311 4703 lhtodeiccrs
325 4639 492 4710 iiebmicis;
505 4655 539 4696 ao
548 4640 634 4710 Juxta
648 4644 821 4711 presentem
833 4641 925 4697 adno·
978 4654 1041 4747 cap.
1058 4654 1116 4723 aar:
1246 4708 1252 4722 .
1784 4713 1801 4725 ..

127 4714 244 4775 uanam
257 4714 399 4781 denonis,
415 4713 503 4769 istam
517 4715 592 4767 Asor
610 4727 716 4769 narrem
731 4710 761 4766 in
775 4711 927 4784 scriptura
1041 4711 1116 4767 Edrtr
1131 4725 1199 4767 cum
1214 4708 1328 4782 aliquot
1352 4725 1426 4766 mss.
1440 4708 1543 4783 legunt
1562 4709 1713 4769 Athmotto
1728 4728 1736 4768 ι
1753 4712 1803 4770 alu

300 4786 394 4843 tuisse
420 4784 502 4850 dicit,
528 4783 566 4838 ad
585 4782 805 4840 distinctionem
820 4783 926 4841 veteris
979 4784 1118 4850 Atmotho,
1134 4781 1178 4837 val
1200 4781 1347 4838 Admatha.
1371 4781 1470 4838 Canon
1497 4786 1593 4839 autern
1613 4784 1709 4842 Umoto
1724 4800 1804 4841 nunc

124 4858 178 4916 taor
223 4877 267 4918 usa
282 4856 340 4915 fuit
351 4856 455 4913 civitae
470 4852 552 4928 regni
566 4853 665 4910 iabin.
681 4853 774 4911 Mrar.
980 4853 1070 4912 hahet
1085 4870 1136 4926 pro
1159 4854 1288 4923 flamoso,
1314 4852 1375 4910 sive
1395 4852 1517 4910 {iterato
1537 4854 1678 4912 hodierno
1692 4859 1804 4913 Masso·

148 4902 187 4975 -⁹
212 4932 314 4989 rbinas
326 4944 395 4996 ms..
406 4926 511 5000 depost,
525 4928 554 4982 et
569 4940 635 4980 mox
650 4924 772 4997 Addcdn,
787 4929 816 4983 et
828 4926 926 4999 Aeiph,
981 4926 1143 4982 retharum.
1159 4924 1235 4981 iilud
1260 4929 1358 4981 temen
1385 4926 1482 4984 Umcto
1505 4925 1630 4983 derivari
1654 4928 1750 4998 potuit
1770 4943 1805 4983 ex

71 5008 73 5017 '
123 5001 243 5069 ritatem,
259 5000 388 5074 denique
410 5003 438 5057 et
461 4997 566 5054 iceret
589 4996 666 5052 Noto
683 5012 764 5065 coum
780 5000 857 5066 quod
873 5014 926 5055 no·
980 4994 1062 5070 eope
1077 4998 1154 5054 LXX
1170 4997 1374 5070 interpretum.
1389 4996 1530 5054 Primitus
1545 4997 1689 5069 seriptum
1704 4998 1760 5054 iuit
1773 4997 1803 5080 {¹¹

123 5084 173 5131 usn
187 5075 335 5147 serapio
358 5074 435 5129 Novo
458 5070 615 5141 repetitum
631 5073 739 5127 temere
754 5074 810 5127 est.
825 5070 927 5127 Plures
981 5073 1098 5127 canone
1121 5070 1252 5151 Amatne
1272 5069 1348 5140 quod
1368 5068 1562 5152 Hieronymus
1588 5069 1662 5141 legit
1675 5070 1705 5123 in
1722 5068 1806 5125 tibus

122 5150 201 5207 utem
212 5144 406 5221 cognomines
420 5146 496 5200 Asor
508 5140 596 5196 urbes
611 5139 641 5197 S.
657 5145 743 5198 Pater
756 5141 808 5200 tib.
824 5143 862 5199 dc
872 5142 927 5199 No·
982 5142 1114 5199 iocorum
1130 5145 1159 5197 et
1173 5155 1328 5196 nominum
1339 5139 1548 5198 Hebrmcorum
1561 5157 1568 5198 :
1581 5154 1723 5212 nusquam
1738 5153 1805 5195 vero

122 5215 235 5276 niuibus
248 5219 393 5276 manut-
982 5215 1105 5270 Remoto
1119 5210 1163 5267 vel
1181 5213 1288 5269 Umota.
1314 5211 1402 5267 Porro
1415 5211 1446 5268 in
1463 5212 1632 5269 nominibus
1646 5210 1807 5266 emendan-

147 5288 245 5348 'idsm
266 5305 337 5357 ma,
357 5285 483 5343 ciuitates
507 5281 624 5354 triginta
646 5298 755 5354 nocem,
770 5286 825 5340 etc.
841 5284 928 5353 Equi·
983 5285 1040 5351 dis,
1065 5300 1130 5356 qne
1145 5283 1176 5338 in
1201 5282 1307 5340 Grecis
1331 5286 1359 5339 et
1383 5282 1496 5339 Latinis
1520 5281 1680 5349 codicibus,
1702 5284 1808 5352 proter

121 5357 174 5419 iem
188 5362 213 5420 si
227 5361 323 5418 deseri
347 5365 444 5415 tarum
467 5354 586 5414 urbium
604 5368 759 5411 nonnarum
775 5372 829 5428 sup
852 5358 929 5423 ntes,
984 5372 1088 5429 panea,
1102 5355 1202 5413 omnia
1217 5359 1356 5425 corrupta
1369 5354 1565 5436 Hieronymus
1580 5357 1738 5424 repererat,
1749 5367 1806 5435 nos

123 5432 215 5491 mum
229 5432 334 5507 viginti
346 5426 542 5503 nosem,quod
553 5372 917 5499 pectoreimpressafaceo
984 5442 1101 5499 quoqne
1126 5426 1168 5482 ita
1192 5426 1376 5509 sudavimus,
1401 5434 1432 5509 ut
1456 5423 1563 5507 millies
1586 5423 1705 5480 tederet
1718 5428 1806 5495 caepta

170 5506 292 5635 Ἥω
305 5502 438 5577 quinque
453 5498 591 5574 reperias,
605 5496 714 5570 quibus
729 5498 755 5554 si
771 5499 862 5555 addas
877 5498 931 5554 He·
984 5498 1093 5554 laboris
1107 5514 1141 5554 ao
1156 5497 1280 5569 hujusce
1296 5501 1499 5554 restitutionis.
1515 5499 1608 5552 Maur.

184 5618 193 5647 1

122 5504 183 5634 mn
269 5577 296 5634 it
314 5580 346 5635 at
366 5572 482 5633 &deth
497 5569 693 5644 sophoniam
709 5569 931 5644 erunttriginta
1018 5568 1191 5626 -Palatin
1216 5585 1302 5640 msa,
1323 5570 1424 5628 Arma:
1448 5565 1584 5633 Urbinas,
1603 5565 1807 5628 Amathalte·

121 5652 184 5710 aab.
982 5642 1248 5709 braioeestrmm
