3878 6150
106 259 161 315 oto
630 250 660 303 S·
681 248 885 305 munuum
903 251 1032 306 mmuh
1051 248 1301 308 ammoniaca.
1359 303 1361 307 ,
1764 253 1816 311 ull

37 414 49 451 ¹.
143 382 212 456 quia
226 377 412 507 prophetavit
425 375 567 432 adversus
581 371 728 457 civitatem
743 374 842 442 istam,
948 380 976 443 ii
1061 375 1210 432 Sedeciam
1226 392 1323 450 regem
1339 378 1424 436 luda.

143 457 220 513 siout
234 468 272 509 au
295 451 361 506 istis
377 450 499 505 aurihus
513 451 627 502 vestris.
989 446 1025 502 ut
1039 447 1190 520 precipias
1204 448 1247 504 eis
1264 453 1295 504 ut
1310 449 1346 505 ad
1363 450 1500 509 dominos
1515 467 1584 511 suos
1598 451 1762 523 loquantur
1775 467 1783 508 ι

108 534 144 587 Et
158 528 199 583 sit
212 521 353 581 ieremias
368 520 404 576 ad
421 534 524 575 omnes
538 516 695 600 principes,
990 520 1054 574 llao
1069 519 1142 574 dicit
1157 519 1300 576 Dominus
1315 523 1496 580 exercituum
1513 528 1592 582 Deus
1607 522 1698 581 lsrael
1716 542 1723 580 ι

144 605 173 655 et
188 598 223 653 ad
240 596 409 650 universum
425 592 578 662 populum,
595 590 696 644 diceus
714 605 721 644 z
989 596 1056 647 Hae
1073 591 1176 646 dicetis
1191 592 1226 646 ad
1243 593 1378 650 dominos
1394 603 1529 653 vestros:

3 748 6 753 .
111 671 255 730 Dominus
271 666 342 722 nisit
357 680 413 728 ma,
430 669 462 717 ut
478 661 685 734 prophetarem
700 660 734 715 ad
752 660 872 716 domum
992 663 1049 735 Ego
1067 663 1119 717 l'eci
1133 668 1252 730 terram,
1269 669 1298 720 et
1312 663 1459 734 homines,
1476 673 1505 724 et
1516 669 1743 738 jumenta,an
1756 670 1815 722 snut

181 743 281 805 istam,
297 744 326 792 et
338 737 375 791 ad
389 732 639 814 civitatemhano,
1062 750 1151 805 super
1165 734 1269 790 taciem
1288 740 1381 803 terrm,
1397 737 1426 793 iu
1442 739 1615 796 fortitudine
1628 755 1811 809 marmagne,

147 812 246 870 omnia
259 808 348 865 verba
362 822 426 880 qua
442 805 581 861 audistis.
1028 809 1057 859 ot
1071 805 1100 859 in
1116 805 1236 861 brachio
1253 823 1317 863 meo
1331 812 1447 864 extento
1466 830 1473 867 :

111 887 195 945 Nune
205 897 274 953 ergo
285 881 378 937 bouus
389 877 473 933 tacite
483 878 545 958 vias
554 877 712 957 vestrumst
721 873 822 930 studia
831 878 938 946 vestra,
1027 882 1056 932 et
1071 877 1137 931 dedi
1151 892 1215 932 eam
1226 876 1263 945 ei,
1276 877 1390 950 qui(1ll.
1408 880 1453 937 cui
1469 880 1578 953 placuit
1589 881 1620 936 in
1634 879 1728 937 oculis
1740 881 1809 937 meis.

149 963 179 1013 et
194 954 293 1010 audite
309 950 407 1007 uocem
425 954 538 1004 Domini
555 953 605 1001 Dor
619 950 710 1001 vestri
729 961 735 1000 :
993 948 1028 1003 Et
1040 964 1118 1002 nuno
1129 949 1229 1020 itaque
1239 965 1292 1021 ego
1304 952 1369 1006 dedi
1382 967 1485 1008 omnes
1497 960 1590 1008 terras
1603 952 1721 1009 istacin
1734 969 1807 1009 meno

150 1034 179 1086 et
194 1024 345 1097 poenitebit
360 1022 515 1077 Dominum
533 1018 602 1074 mali
618 1018 695 1088 quod
711 1015 827 1073 locutus
842 1021 886 1074 est
1064 1019 1333 1077 Nabuchodonosor
1347 1024 1425 1094 regis
1440 1024 1596 1096 Babylonis
1613 1023 1692 1080 servi
1706 1025 1762 1080 mei

187 1101 343 1152 adversum
360 1110 420 1150 vos.
501 1162 506 1172 .
664 1159 669 1170 .
1030 1090 1152 1163 insopor
1165 1096 1194 1146 st
1209 1092 1319 1149 hostias
1334 1095 1474 1166 agridedi
1491 1101 1523 1152 ut
1536 1095 1668 1152 serviant
1683 1094 1739 1151 illi.

116 1173 175 1244 ligo
190 1175 288 1224 autem
304 1181 369 1221 ecce
384 1165 413 1219 in
430 1162 567 1218 manibus
582 1165 688 1215 vastus
700 1175 788 1216 sum:
995 1168 1027 1218 ut
1043 1163 1170 1218 servient
1183 1164 1209 1219 ei
1225 1180 1328 1221 omnes
1344 1170 1454 1238 gentes,
1471 1173 1500 1223 et
1514 1167 1575 1224 lilio
1591 1169 1671 1240 ejus.
1686 1171 1717 1223 et
1730 1166 1781 1222 tilio

152 1240 239 1298 tacite
254 1237 325 1293 mihi
341 1236 419 1308 quod
435 1236 545 1290 bonum
562 1237 590 1287 et
603 1237 714 1287 rectum
730 1236 775 1287 est
789 1231 817 1286 in
835 1229 928 1287 oculis
1067 1233 1118 1288 otti
1132 1236 1197 1305 ejus
1214 1251 1220 1289 :

187 1309 292 1367 vestris
307 1325 315 1363 :
634 1373 640 1385 ¹
1031 1306 1123 1361 donec
1137 1306 1234 1361 veniat
1248 1311 1366 1378 tempus
1381 1310 1464 1363 terra
1479 1309 1544 1379 ejus
1556 1313 1586 1364 et
1600 1309 1698 1382 ipsius
1714 1325 1722 1365 ι

116 1385 327 1441 Verumtamen
343 1378 447 1435 scitoto
463 1377 685 1456 mungumerie,
779 1439 784 1447 ‚
878 1427 883 1439 ,
1033 1381 1061 1431 et
1077 1378 1205 1432 servient
1220 1377 1244 1432 ei
1261 1385 1365 1449 gentes
1381 1379 1491 1447 multa,
1506 1385 1534 1435 et
1549 1397 1634 1452 reges
1650 1380 1757 1453 magui.

153 1453 271 1529 quodsi
287 1449 450 1508 occideritis
463 1463 518 1513 me,
534 1462 708 1518 sangumem
722 1444 906 1501 innocentem
997 1449 1073 1504 Gens
1089 1453 1184 1503 autem
1201 1453 1230 1503 et
1245 1465 1380 1521 regnum,
1397 1452 1473 1520 quod
1491 1468 1548 1508 non
1570 1453 1706 1509 servierit
1727 1452 1801 1508 Nahu-

188 1524 310 1582 trndetis
326 1533 428 1578 contra
441 1519 647 1589 vosmetipsos,
701 1587 707 1598 .
1068 1520 1253 1576 chodonosor
1268 1522 1328 1593 regi
1344 1522 1511 1594 Babylonis,

153 1602 182 1655 et
198 1601 301 1652 contra
316 1594 464 1648 civitatem
479 1591 578 1656 istam,
595 1593 624 1643 et
635 1588 819 1670 ¹habitatores
832 1590 907 1660 ejus.
1034 1591 1247 1664 etquicunque
1263 1609 1321 1648 non
1337 1594 1499 1650 curvaverit
1520 1592 1631 1650 collum
1657 1611 1742 1650 suum
1762 1594 1800 1649 suh
1844 1606 1846 1621 ¹

118 1672 151 1728 ln
167 1669 289 1726 veritate
306 1665 384 1722 euim
401 1664 482 1719 misit
497 1678 543 1716 me
560 1663 701 1716 Dominus
717 1660 752 1715 ad
768 1676 830 1727 vos,
1065 1663 1139 1733 jugo
1155 1664 1232 1734 regis
1248 1663 1402 1736 Babylonis
1418 1680 1425 1720 τ

156 1746 189 1797 ut
204 1743 340 1812 loquerer
354 1737 384 1791 in
400 1735 523 1790 auribus
538 1733 643 1788 vestris
658 1732 757 1787 omnia
771 1733 858 1788 verha
873 1729 944 1786 hac:
960 1742 984 1807 Β
1000 1734 1032 1791 ln
1050 1736 1157 1806 gladio,
1173 1741 1202 1790 et
1218 1735 1246 1789 iu
1264 1736 1350 1800 lauro,
1365 1741 1394 1792 et
1407 1736 1437 1791 in
1451 1739 1533 1808 peste
1547 1736 1676 1795 visitabo
1691 1753 1768 1809 super

156 1815 191 1869 Et
206 1812 345 1867 dixerunt
360 1807 518 1878 principes,
534 1810 563 1860 et
576 1804 673 1860 omnis
689 1803 824 1876 populus,
1070 1813 1186 1877 gentem
1204 1804 1295 1877 illam,
1312 1807 1353 1862 ait
1367 1808 1519 1873 Dominus,

157 1885 193 1940 ad
209 1883 376 1939 sacerdotes
390 1884 418 1935 ct
433 1877 592 1949 prophotas
608 1893 614 1930 :
1035 1877 1126 1932 donec
1142 1893 1315 1933 consumam
1330 1894 1380 1935 eos
1396 1879 1424 1934 in
1441 1896 1529 1934 mauu
1546 1880 1622 1950 ejus.

122 1958 185 2014 Nou
202 1963 246 2010 est
258 1955 321 2009 viro
333 1950 481 2022 judicium
498 1948 600 2003 mortis
617 1963 624 2002 :
999 1949 1057 2004 Vos
1072 1964 1138 2020 ergo
1154 1948 1244 2004 nolite
1258 1950 1360 2004 audire
1377 1950 1536 2022 prophotas
1563 1956 1678 2007 vestros
1700 1957 1729 2007 ot
1748 1950 1800 2004 diri·

158 2027 226 2098 quia
242 2026 271 2080 in
288 2023 406 2079 nomine
417 2020 534 2077 Domini
545 2019 594 2074 Dei
611 2018 702 2074 nostri
719 2018 833 2072 locutus
850 2020 895 2073 cst
909 2017 945 2072 ad
1036 2037 1100 2089 uos,
1116 2025 1145 2075 et
1159 2021 1361 2088 somniatores,
1378 2029 1406 2077 et
1421 2039 1559 2093 augures,
1577 2028 1607 2078 et
1621 2023 1768 2090 maleficos,

194 2113 259 2153 uos.
1001 2094 1055 2159 Qui
1072 2093 1174 2146 dicunt
1189 2092 1270 2147 vohis
1288 2110 1293 2146 :
1311 2093 1373 2148 Non
1391 2095 1521 2150 servietis
1538 2094 1601 2178 regi
1618 2095 1772 2167 Babylonis.

14 2236 18 2245 Ι
123 2169 320 2226 Surroxorunt
332 2179 401 2236 ergo
415 2161 469 2216 viri
485 2162 520 2216 de
536 2160 704 2217 senioribus
718 2162 801 2214 terra
819 2175 826 2214 z
1037 2164 1111 2230 Quia
1125 2164 1311 2219 mendacium
1329 2164 1505 2235 prophetant
1519 2165 1603 2221 vohis
1620 2182 1626 2222 :

159 2247 188 2296 et
202 2240 340 2294 dixerunt
354 2235 389 2290 ud
405 2248 522 2290 omnem
538 2237 646 2288 costum
659 2230 770 2316 populi,
782 2229 946 2312 loquentes:
1037 2239 1070 2291 ut
1082 2234 1168 2305 longe
1184 2234 1292 2291 iaciunt
1307 2253 1357 2291 vos
1374 2236 1409 2291 de
1424 2242 1501 2292 terra
1515 2242 1624 2309 vestra,

121 2312 231 2367 Michas
247 2311 282 2365 de
295 2305 434 2362 llorasthi
447 2304 503 2359 luit
513 2302 653 2376 propheta
664 2320 692 2359 m
705 2303 809 2358 diebus
821 2301 947 2357 Ezeohuu
1038 2313 1066 2363 et
1080 2305 1201 2376 ejiciant
1215 2323 1276 2373 vus,
1288 2311 1317 2361 et
1331 2308 1467 2378 pereatis.

194 2379 375 2453 regulum,
729 2443 734 2456 ¹
1003 2383 1092 2437 Porro
1105 2393 1178 2449 gens
1216 2395 1257 2432 uro
1274 2379 1432 2450 subjecerit
1444 2379 1587 2436 cervicem
1599 2379 1804 2450 suomsuhjugo

162 2459 190 2509 et
202 2453 245 2509 ait
259 2452 295 2507 ad
311 2463 428 2507 omnem
444 2445 586 2518 populum
602 2444 690 2514 luda,
707 2444 807 2500 dicens
825 2461 832 2500 t
1076 2449 1152 2520 regis
1166 2449 1205 2504 Ba
1228 2448 1335 2520 pionis,
1351 2455 1379 2506 et
1395 2450 1528 2506 servierit
1539 2451 1566 2507 ei
1585 2468 1593 2506 ι

125 2527 190 2582 Hac
207 2523 278 2581 dicit
292 2522 436 2579 Dominus
451 2517 631 2575 exercituum
648 2533 655 2573 :
1040 2520 1186 2575 dimittam
1204 2536 1268 2576 eam
1285 2522 1314 2577 in
1331 2526 1406 2577 terra
1422 2538 1486 2589 sua,
1503 2523 1576 2578 dicit
1590 2522 1752 2579 Dominus:

125 2598 195 2655 Sion
212 2595 298 2668 quasi
314 2608 383 2666 ager
398 2590 528 2646 arnhitur
545 2606 551 2645 :
632 2659 637 2671 Ι
761 2659 766 2671 ¹
1039 2598 1068 2648 et
1083 2591 1158 2646 colet
1174 2606 1250 2658 eam,
1267 2598 1295 2647 ct
1310 2592 1456 2649 habitabit
1472 2595 1500 2649 in
1517 2611 1561 2649 ea.

162 2674 191 2724 et
202 2665 366 2724 Jerusalem
383 2664 412 2717 ln
429 2677 564 2716 ooorvnm
580 2659 712 2731 lopldum
727 2664 782 2712 ent
799 2675 805 2712 :
1007 2665 1037 2720 ur
1054 2664 1087 2719 ad
1100 2662 1249 2718 sedeciam
1264 2679 1361 2736 regom
1374 2666 1450 2720 luda
1460 2664 1579 2722 locutus
1591 2681 1659 2722 sum
1671 2663 1804 2722 secundun

162 2744 192 2798 et
208 2754 292 2794 mons
305 2738 412 2792 domus
426 2733 457 2790 in
471 2732 586 2788 excelsa
600 2732 754 2787 silvarum.
1076 2734 1176 2788 omnia
1190 2734 1362 2803 vercaiter,
1380 2736 1481 2792 diceus
1498 2752 1505 2793 :

126 2810 266 2883 uunquid
283 2811 376 2864 morlo
391 2804 678 2861 00ndemssnvlt01¹m
694 2801 831 2858 Ezechias
845 2816 895 2855 lex
1005 2805 1147 2877 subjicite
1163 2804 1237 2860 colla
1253 2812 1350 2862 vestra
1362 2800 1417 2863 sub
1429 2810 1503 2881 jugo
1520 2808 1598 2880 regis
1614 2804 1771 2881 Babylonis,

199 2883 286 2949 luda,
301 2885 329 2937 et
345 2876 442 2934 omnis
457 2875 553 2932 luda‘l
945 2941 950 2952 Ι
1042 2882 1071 2932 et
1086 2876 1190 2932 servite
1202 2877 1239 2948 oi,
1256 2882 1285 2934 ot
1300 2878 1407 2950 populo
1422 2881 1498 2951 ejus,

164 2952 298 3023 nunquid
315 2967 373 3006 non
388 2949 551 3004 timuerunt
566 2945 734 3012 Dominum,
751 2946 780 2999 et
805 2943 952 3014 deprecati
1041 2954 1071 3005 ei
1080 2947 1193 3003 vivetis,

203 3027 273 3080 sunt
288 3022 390 3078 taciem
406 3019 522 3075 Domini
540 3035 546 3075 :
1007 3023 1102 3087 Quare
1119 3019 1285 3075 moriemini
1303 3024 1346 3091 tu,
1364 3018 1492 3093 populus
1504 3020 1703 3094 tuus,gladio,
1718 3019 1808 3086 ismael

132 3098 166 3153 lit
181 3094 318 3169 poenituit
333 3093 475 3147 Dominus
490 3089 559 3145 mali
575 3087 653 3160 quod
679 3087 796 3142 locutus
819 3088 881 3141 erat
901 3085 951 3140 arl-
970 3111 992 3178 C
1082 3095 1173 3163 peste,

201 3181 318 3223 versum
333 3163 405 3220 eos‘l
883 3227 887 3237 Ι
1047 3164 1124 3219 siout
1138 3162 1255 3217 locutus
1271 3165 1315 3217 est
1329 3160 1472 3219 Dominus
1487 3163 1522 3219 ad
1547 3166 1667 3237 gentem
1690 3178 1749 3235 que
1769 3175 1807 3216 ser·

132 3243 235 3311 ltaque
251 3253 305 3291 nos
320 3234 443 3291 iacimus
460 3231 571 3287 malum
586 3230 698 3304 grande
713 3233 816 3285 contra
841 3242 957 3282 animas
1083 3234 1142 3289 vire
1158 3233 1286 3289 noluerit
1301 3235 1358 3306 regi
1374 3234 1553 3307 Babylonis?

202 3313 330 3364 nostras.
862 3369 868 3381 ,
893 3369 900 3382 ·
1012 3305 1109 3361 Nolite
1123 3305 1224 3360 audire
1239 3305 1327 3360 verba
1343 3306 1552 3377 prophetarum
1567 3304 1728 3361 dicentium
1741 3299 1806 3358 volit:

134 3378 202 3437 uuit
219 3392 338 3451 quoque
352 3375 397 3431 rir
412 3373 592 3446 prophetans
609 3371 771 3455 innomine
786 3370 912 3437 Donum,
1048 3377 1110 3433 Non
1126 3375 1258 3432 servietis
1272 3376 1326 3447 (lt.
1342 3377 1436 3433 Nolite
1452 3378 1570 3448 servire)
1586 3393 1617 3432 rc
1640 3376 1646 3389 '
1673 3371 1805 3449 Babylonii,

205 3449 291 3507 Ueien
307 3448 385 3504 fliius
401 3446 498 3502 Semel
514 3446 550 3500 do
565 3442 782 3527 Cariath-lamm
800 3459 807 3497 ι
1049 3449 1118 3520 quia
1133 3448 1318 3504 mendacium
1335 3448 1389 3521 ipsi
1406 3448 1569 3520 loquuntur
1582 3464 1619 3505 vo
1643 3448 1679 3505 is.

170 3527 198 3578 et
214 3519 397 3594 prophetavit
411 3518 552 3572 adversus
567 3519 714 3571 civitatem
730 3519 829 3581 istam,
854 3516 883 3568 et
906 3512 959 3567 ad·
1014 3520 1087 3585 Quia
1102 3536 1160 3574 nen
1177 3519 1243 3574 miei
1261 3536 1321 3588 ees,
1337 3520 1378 3576 eit
1393 3521 1536 3576 Dominus
1553 3537 1560 3574 :

208 3609 311 3649 versus
327 3597 436 3647 terram
452 3589 539 3657 hono,
552 3588 638 3658 juxto
653 3586 752 3643 omnin
766 3585 854 3640 verba
876 3583 960 3640 lero·
1050 3591 1150 3662 stipsi
1166 3591 1384 3662 prophetantia
1400 3593 1519 3648 nomine
1534 3605 1601 3647 meo
1617 3590 1791 3647 mendaciter:

209 3664 285 3721 mim.
915 3725 922 3740 ,
1015 3663 1053 3719 Ut
1067 3663 1185 3733 ejiciant
1198 3679 1259 3729 voa,
1275 3668 1304 3718 ct
1318 3664 1454 3734 pereatis,
1779 3724 1784 3734 ,

138 3738 172 3795 lit
187 3736 300 3794 audivit
312 3749 360 3790 rex
372 3731 494 3799 lomim,
511 3733 539 3787 et
554 3746 656 3786 omues
672 3731 817 3802 potentes,
832 3731 862 3784 et
880 3743 960 3800 pran-
1051 3739 1110 3790 iem
1129 3749 1282 3805 nosquam
1300 3735 1447 3808 prophete
1463 3734 1513 3806 qui
1528 3733 1727 3789 veiieineniue
1739 3727 1799 3783 vehis.

210 3809 290 3880 cipes
305 3807 380 3877 ejus,
396 3805 483 3860 verbo
498 3802 559 3859 bno
575 3819 582 3856 τ
1016 3807 1049 3862 nt
1060 3807 1095 3863 ad
1108 3807 1314 3874 sacerdotes,et
1324 3808 1358 3861 ad
1373 3806 1513 3879 populum
1526 3806 1618 3862 istum
1631 3805 1738 3862 locutus
1750 3811 1799 3859 run.

175 3883 205 3936 et
219 3878 352 3951 quesivit
367 3893 416 3932 rex
429 3875 592 3932 interlicere
608 3888 686 3928 eum.
1087 3877 1188 3932 diceus
1203 3894 1209 3932 :

140 3953 175 4009 lot
189 3951 302 4006 audivit
316 3949 411 4015 Urias,
427 3952 456 4003 et
470 3946 580 4010 timuit,
1016 3949 1081 4005 Hac
1096 3948 1167 4004 dicit
1181 3946 1325 4004 Dominus
1341 3965 1347 4004 :

177 4024 309 4096 fugitque
324 4025 353 4076 et
368 4021 519 4102 ingressus
533 4021 578 4100 est
592 4016 624 4070 AE
665 4018 758 4087 ptum·
1016 4019 1111 4076 Nolite
1124 4020 1225 4076 audire
1239 4020 1328 4074 verba
1343 4019 1553 4147 prophetarum
1569 4021 1737 4083 vestrorum,

140 4095 175 4150 Et
190 4094 271 4151 misit
282 4109 332 4148 rex
346 4091 458 4148 Joacim
468 4106 546 4145 viros
558 4105 587 4143 m
637 4092 769 4160 gyptum
833 4156 839 4168 ¹
1052 4093 1102 4163 qui
1119 4091 1297 4164 prophetant
1310 4107 1344 4146 vo
1367 4091 1392 4147 is
1407 4090 1537 4147 diceutes
1555 4107 1561 4146 :

137 4166 283 4223 Elnathan
300 4164 393 4219 ulium
410 4161 555 4230 achobor,
570 4164 599 4216 et
612 4160 690 4215 viros
703 4173 770 4214 eum
784 4173 817 4215 eo
831 4173 861 4211 m
877 4155 962 4228 AEgy·
1017 4165 1088 4220 iieee
1102 4180 1171 4218 vase
1185 4162 1301 4219 Domini
1319 4167 1501 4220 revertentur
1515 4163 1551 4218 de
1566 4160 1711 4233 Babylone
1722 4166 1778 4214 nunc

135 4313 173 4366 ut
186 4243 351 4366 efficat
364 4304 463 4362 Uriam
480 4304 516 4358 do
531 4303 651 4375 AEgypto
669 4318 675 4355 τ
715 4371 721 4384 ⁸
1053 4238 1236 4388 mguttloacium
1251 4303 1328 4386 enim
1344 4304 1521 4378 prophetant
1535 4304 1629 4360 vobis.

174 4386 203 4437 ot
216 4381 381 4436 eduxerunt
396 4375 513 4431 eumad
530 4390 627 4447 regem
642 4376 767 4440 Joaurm,
1017 4375 1112 4434 Nolite
1126 4392 1195 4448 ergo
1211 4376 1312 4431 audire
1326 4391 1387 4439 eos,

174 4458 204 4509 et
217 4451 364 4525 percussit
376 4463 443 4504 eum
459 4445 582 4528 glodioq
851 4513 884 4525 Η
979 4480 1000 4544 D
1052 4448 1102 4504 sed
1120 4447 1226 4503 servite
1242 4447 1300 4518 regi
1316 4445 1483 4518 Babylonis,
1499 4449 1532 4500 ut
1546 4444 1672 4500 vivatis:

174 4527 204 4580 et
219 4523 343 4595 proiecit
357 4521 482 4577 cadaver
496 4519 560 4590 ejus
575 4533 605 4572 ru
621 4515 765 4589 sepulcris
780 4513 857 4585 vulgi
877 4529 961 4586 iguo·
1017 4521 1111 4585 Quare
1126 4520 1213 4574 cietur
1228 4517 1289 4573 hec
1305 4518 1405 4574 civite·
1421 4519 1451 4574 in
1467 4515 1682 4574 solitudinem?
1775 4577 1780 4590 .

206 4593 289 4650 hilis.
869 4656 875 4668 .
1016 4591 1089 4647 Etsi
1107 4590 1253 4662 prophetae
1269 4594 1348 4656 sunt,
1365 4596 1393 4645 et
1405 4594 1450 4645 est
1463 4589 1585 4643 verbum
1605 4586 1717 4645 Domini
1731 4585 1754 4641 in
1764 4589 1802 4635 ⁸1⁸²

145 4664 243 4738 Igitur
255 4666 309 4737 [lt.
327 4661 544 4733 Verumtamen]
560 4676 666 4716 manus
688 4658 811 4716 ahicam
836 4656 888 4712 tihi
910 4659 964 4712 Sa·
1051 4667 1209 4720 eeeuerent
1222 4662 1346 4717 Domine
1362 4661 1556 4727 exercituum,

210 4737 289 4810 phau
306 4735 361 4791 luit
375 4751 442 4790 cum
457 4732 601 4800 Jcromia;
818 4800 823 4811 Ι
1051 4741 1083 4791 ut
1099 4751 1156 4789 uon
1171 4732 1287 4789 veniant
1302 4750 1380 4803 vasa,
1396 4750 1459 4805 qua
1473 4731 1615 4788 derelicta
1630 4726 1773 4788 lucrantia

170 4813 270 4864 utnon
288 4807 454 4864 traderetur
469 4805 499 4861 iu
515 4819 623 4861 manus
638 4801 749 4876 populi,
764 4805 793 4858 et
816 4800 962 4856 rntorllco·
1086 4805 1173 4861 deme
1187 4805 1303 4861 Domini
1321 4821 1328 4860 :

206 4884 274 4937 rent
288 4896 368 4935 eum.
1050 4880 1079 4933 el
1093 4876 1122 4932 in
1139 4878 1227 4933 domo
1244 4875 1321 4950 regis
1337 4874 1459 4944 Juda,et
1474 4874 1502 4929 iu
1518 4872 1696 4942 Jerusalem,
1706 4865 1808 4934 inhabi·

133 4950 213 5024 (Cup.
232 4943 962 5036 llllVll).luprincipioreguiJoacimfilii-iosias
1060 4948 1232 5032 'tenerem
1337 5016 1344 5029 .
1506 5015 1512 5028 .

168 5039 285 5153 turilegos
296 5023 478 5150 gadgerhum
491 5090 571 5146 istud
583 5090 617 5145 ad
630 5089 787 5146 leromiam
799 5084 960 5155 aDomino,
1013 5016 1602 5155 omelioemafflgnetngdnhtdlsgsffmffltuum
1617 5016 1654 5073 ad
1679 5016 1809 5158 mmmm?

204 5166 331 5226 diceus:
1049 5165 1078 5217 et
1091 5163 1127 5218 ad
1144 5162 1259 5233 reliqua
1272 5176 1410 5217 vasorum
1426 5172 1489 5232 quae
1511 5161 1720 5216 remanserunt
1741 5157 1764 5213 iu
1782 5163 1810 5205 o·

133 5239 198 5295 ileo
215 5241 288 5296 dicit
301 5235 444 5293 Dominus
457 5233 493 5288 ad
509 5248 557 5287 me
573 5248 580 5287 ι
1084 5235 1171 5290 vitate
1187 5233 1242 5288 hac
1259 5248 1265 5288 :

132 5309 188 5367 Fac
204 5311 257 5367 tihi
272 5307 390 5366 vinnula
404 5311 434 5363 ot
448 5308 566 5367 colonos
583 5320 589 5358 τ
1047 5321 1112 5376 qua
1129 5322 1185 5362 uon
1200 5303 1269 5360 tulit
1283 5302 1553 5373 Nabuchodonosor
1566 5319 1619 5359 rex
1632 5297 1785 5373 Babylonio.

166 5388 196 5440 et
211 5399 304 5455 pones
319 5396 370 5436 eas
384 5379 413 5434 in
432 5376 505 5432 colla
519 5381 579 5431 tuo.
1048 5393 1114 5432 cum
1144 5376 1318 5432 transferret
1344 5372 1516 5430 Jechoniam
1540 5372 1637 5430 lilium
1660 5372 1765 5431 Joneim
1783 5375 1810 5419 t*

132 5453 168 5509 lit
182 5455 281 5510 mittes
297 5468 348 5509 eno
363 5450 398 5506 od
416 5463 514 5521 regom
530 5446 631 5512 Ed0¹1h
1085 5464 1150 5522 gem
1168 5447 1244 5503 luda
1260 5448 1295 5503 de
1307 5445 1470 5502 Jerusalem
1482 5445 1513 5501 in
1529 5444 1721 5518 Babylonem,

166 5531 194 5582 et
209 5527 244 5582 ad
263 5539 361 5598 regem
377 5520 472 5590 Moab,
1047 5523 1076 5575 st
1091 5535 1193 5576 omnes
1209 5516 1367 5590 optimates
1379 5516 1455 5574 Juds
1467 5521 1496 5572 et
1510 5516 1690 5575 Jerusalem.

166 5600 196 5651 et
210 5597 246 5653 ad
262 5610 361 5668 regom
377 5592 507 5648 llliomm
521 5591 660 5661 Ammon,
1011 5591 1084 5657 Quia
1095 5591 1158 5648 hac
1173 5591 1247 5648 dicit
1261 5588 1404 5646 Dominus
1417 5586 1603 5646 exercituum
1612 5568 1810 5647 unusual&

160 5670 191 5722 et
204 5669 245 5725 ad
259 5681 360 5741 regem
376 5663 451 5751 Tyri,
754 5676 756 5680 ’
1080 5679 1160 5734 vasa,

150 5743 183 5794 et
195 5740 237 5796 cd
251 5756 354 5816 regem
371 5735 513 5802 Sidonisc
549 5794 553 5802 ,
1046 5733 1263 5805 quadorelicta
1277 5729 1392 5789 suntin
1407 5731 1494 5789 domo
1506 5729 1639 5802 Domlm,
1654 5733 1685 5789 at
1696 5730 1725 5787 ln
1745 5724 1809 5783 iens

135 5807 171 5866 iu
185 5827 284 5872 manu
303 5815 498 5889 nuntiorum,
515 5811 569 5891 qui
584 5812 733 5873 venerunt
744 5801 913 5869 Jerusalem
925 5803 965 5862 ah
1084 5805 1164 5881 regis
1176 5805 1252 5863 luda
1264 5807 1295 5861 at
1306 5801 1473 5862 ierusalem
1488 5816 1497 5860 t
