3870 6120
104 356 164 418 105
482 352 486 357 '
813 345 1119 407 Pantauchum.
1761 350 1821 412 too

106 488 285 550 Danielem.
305 485 444 547 Audinnt
460 503 523 564 qva
551 488 683 563 propter
710 479 1093 557 obtrectatoresAvulgo
1110 477 1211 539 dictus
1238 481 1337 540 codex
1371 483 1403 541 S.
1434 481 1544 560 hlauri,
1573 489 1702 544 notatus
1730 502 1821 545 num.

105 586 152 648 illi
167 585 389 647 doctissimum
403 583 508 644 viram
536 582 568 642 in
597 599 725 642 causam
754 598 845 640 suem
875 580 940 639 ele·
997 579 1380 650 adcretecxr11‚rarinet
1407 578 1574 657 diligenter
1588 580 1819 642 omniaisthaec
1898 592 1900 598 '

109 691 221 762 genter
249 682 495 744 descendentem
526 677 766 759 prooemioJam
796 676 942 738 laudato·
995 675 1086 752 signa
1123 674 1287 736 obelorum
1330 693 1366 736 ac
1409 678 1566 754 Hymnum
1597 678 1691 738 trium
1743 696 1820 758 pue·

108 801 175 843 rum
209 781 519 843 Commentariorum
546 799 553 839 :
588 775 678 838 Unde
719 782 748 836 et
775 795 833 836 nos
870 778 942 833 ante
996 773 1150 834 rorumin
1179 756 1317 834 Danielis
1332 773 1502 835 volumine.
1532 774 1683 836 Similiter
1710 774 1817 854 splen·

111 899 210 939 annos
239 877 404 959 plurimos
445 896 514 936 cum
552 881 738 936 verteremus
773 870 939 933 Danielem
995 868 1192 928 didiscimum
1208 868 1372 948 exemplar
1399 869 1586 931 Colbortinae
1615 869 1818 932 bibliotheca
1889 874 1892 879 ’

109 976 164 1037 lias
194 975 335 1036 visiones
362 973 449 1035 obelo
456 973 718 1056 praenotavimus,
743 970 939 1051 significan·
993 983 1081 1025 num.
1115 969 1143 1040 t,
1169 966 1255 1045 quod
1283 965 1396 1027 Carolo
1426 966 1521 1027 Calvo
1549 967 1709 1029 donarunt
1736 966 1815 1028 olim

110 1080 152 1135 tes
181 1094 237 1134 eos
280 1093 342 1134 non
384 1070 495 1132 haberi
536 1071 569 1131 in
595 1068 765 1130 Hebraico.
798 1067 843 1129 et
876 1066 937 1127 mi·
995 1063 1144 1125 monachi
1171 1068 1203 1125 S.
1233 1065 1364 1126 Martini
1391 1066 1592 1138 Turonensis,
1623 1065 1816 1146 habetprae·

110 1194 162 1233 eor
199 1171 357 1252 quosdam
386 1166 593 1242 μεμψιμοίρους
620 1166 800 1248 indignari,
845 1163 936 1242 milri,
994 1168 1119 1223 notatas
1146 1162 1217 1223 illas
1233 1162 1371 1242 virgulas
1386 1163 1496 1223 eodem
1523 1162 1662 1224 Danielis
1678 1162 1760 1238 loco,
1786 1169 1817 1223 et

109 1270 203 1351 quasi
244 1290 305 1350 ego
332 1266 560 1330 decurtaverim
599 1264 729 1338 librum,
758 1271 818 1326 eto.
854 1267 937 1342 Ergo
993 1260 1053 1322 hoc
1069 1261 1197 1341 quidem
1221 1261 1260 1322 ad
1276 1260 1529 1340 caputomnium
1556 1260 1724 1321 linearum.
1741 1263 1816 1322 Non

111 1384 287 1429 nnnccnm
302 1364 429 1428 Amasio
457 1382 515 1425 suo
544 1360 843 1442 Rufinumprobent
865 1357 936 1439 qni·
991 1358 1035 1420 sia
1060 1359 1263 1441 Exemplaria
1289 1359 1426 1420 Cononis
1466 1358 1628 1420 Hebraico
1660 1357 1840 1429 veritatis.

109 1464 178 1526 dom
225 1467 415 1543 μεμψίμοιροι
457 1460 613 1523 abcissam
651 1465 682 1521 et
722 1456 936 1538 posthabitam
991 1456 1045 1517 ubi
1061 1457 1261 1518 librariorum
1290 1464 1321 1519 ot
1335 1456 1529 1518 notariorum
1554 1455 1678 1517 incuria
1706 1453 1816 1535 hujus·

109 1581 172 1624 esse
187 1559 359 1622 historiam
374 1562 527 1620 Susannae
548 1558 589 1620 ah
616 1557 823 1637 Hieronymo,
847 1553 934 1616 ideo·
991 1554 1076 1615 modi
1104 1554 1195 1633 signa
1231 1554 1444 1635 pretermissa
1472 1559 1557 1615 sunt.
1585 1552 1840 1633 Excipiendnm·
1909 1627 1914 1637 ,

108 1657 228 1739 qnoilli
259 1657 346 1719 malo
375 1655 548 1718 Ecclesiam
588 1654 703 1717 Christi
731 1653 933 1728 succurrisse,
989 1656 1096 1713 tamen
1110 1652 1245 1732 Regium
1260 1652 1432 1732 exemplar,
1448 1657 1591 1714 notatum
1607 1653 1696 1727 3564,
1728 1649 1816 1730 quod

108 1754 425 1836 qnandoangalam
448 1755 594 1817 heduam
622 1753 773 1816 utendam
804 1750 934 1814 tradidit
989 1768 1053 1811 non
1078 1751 1186 1811 omnia
1213 1751 1377 1812 obelorum
1406 1749 1496 1829 signa
1525 1767 1653 1830 prorsus
1683 1748 1812 1828 abjecit,

110 1855 271 1916 fidelibus.
314 1853 409 1933 Apud
435 1853 505 1933 pios
526 1869 601 1914 vcro
631 1869 669 1914 ac
688 1850 769 1913 bene
795 1848 1126 1930 cruditoquuatuor
1153 1851 1248 1924 onim,
1280 1850 1326 1912 vel
1353 1849 1493 1929 quinque
1521 1848 1618 1911 hahet
1649 1846 1811 1927 adscripta

107 1951 183 2014 illud
200 1953 409 2014 observatum
432 1951 537 2024 vatim,
560 1949 715 2029 hymnum
740 1947 835 2009 trium
863 1965 937 2026 pue·
990 1945 1022 2007 in
1059 1947 1174 2027 capite,
1208 1946 1311 2008 medio
1340 1950 1372 2008 et
1398 1946 1461 2008 line
1488 1944 1720 2018 columnarum,
1750 1943 1810 2004 sub
1905 2012 1914 2029 ,

107 2069 230 2128 rorum,
249 2048 418 2109 historiam
441 2051 604 2119 Susannae,
634 2050 666 2109 et
692 2045 826 2107 alteram
852 2044 936 2106 Bolis
989 2043 1104 2123 quihus
1134 2044 1360 2126 comprehendi
1396 2043 1498 2105 voluit
1535 2043 1635 2105 hocas
1669 2041 1811 2121 singulas

108 2148 270 2218 draconis,
306 2151 468 2224 sumptam
496 2144 591 2206 tuisse
619 2162 684 2205 non
712 2161 751 2205 ex
778 2143 857 2205 Lxx
884 2142 935 2202 lu·
989 2143 1103 2206 harum
1120 2145 1257 2225 partium
1285 2143 1433 2205 Danielis.
1449 2143 1539 2212 Quod
1566 2147 1689 2223 spectat
1714 2140 1812 2203 histo·

109 2242 386 2325 terpretibnslqui
408 2249 494 2303 recto
518 2240 641 2320 judicio
668 2239 813 2302 Ecclesia
841 2257 934 2320 repu-
989 2243 1069 2304 riam
1084 2245 1237 2306 Susannae
1252 2242 1351 2323 (Dan.
1368 2240 1423 2323 xli)
1451 2247 1484 2304 et
1510 2242 1592 2303 Bolis
1606 2241 1704 2321 (ibid.
1728 2240 1808 2320 xlv),

109 2344 186 2405 diali
200 2348 280 2404 sant
306 2340 340 2401 in
368 2344 436 2402 toto
450 2339 590 2401 Danielis
615 2338 798 2417 volumine),
828 2336 936 2399 sodex
989 2340 1112 2403 nullum
1129 2342 1275 2421 usquein
1304 2358 1441 2420 praesens
1469 2338 1610 2402 codicem
1639 2358 1696 2399 ms.
1726 2338 1812 2399 inve·

109 2439 344 2512 theodotione,
374 2437 448 2499 licet
473 2437 620 2499 Chionitu
647 2442 680 2499 et
709 2435 933 2508 semi-tudae,
990 2441 1059 2503 nire
1087 2443 1187 2521 potui,
1215 2442 1247 2503 in
1277 2459 1340 2520 quo
1369 2441 1462 2520 signa
1487 2439 1814 2502 obelorumnonlua·

111 2536 300 2619 qniabojns
328 2534 492 2598 translatio
508 2534 632 2596 veritati
659 2540 936 2613 consonareperta
992 2538 1056 2599 rint
1079 2538 1206 2611 omissa,
1234 2538 1381 2618 quamvis
1422 2538 1631 2617 Hieronymus
1667 2553 1813 2615 expresso

110 2643 168 2710 est,
198 2654 273 2697 curn
303 2633 360 2694 illa
400 2651 471 2712 quae
499 2631 779 2694 circumferebatur
812 2632 939 2692 nomine
992 2640 1125 2697 testatus
1160 2636 1212 2710 ait,
1242 2633 1299 2695 hes
1328 2635 1464 2696 visiones
1493 2633 1591 2695 obelis
1621 2638 1815 2714 praenotatas
1928 2660 1932 2665 ·

110 2736 189 2796 LXX
219 2731 475 2803 translatorum,
500 2728 634 2791 multum
664 2729 838 2790 aventato
880 2729 938 2790 dis·
992 2753 1070 2807 esse,
1088 2735 1263 2795 utlectoris
1292 2732 1517 2795 admoneretur
1544 2732 1690 2805 intentio,
1715 2730 1814 2794 oasin

110 2831 272 2893 cordaret.
304 2831 409 2905 thue
437 2845 622 2908 persuasum
651 2826 789 2888 habeant
828 2843 940 2887 omnes
993 2833 1151 2895 Hebraico
1182 2851 1247 2894 non
1276 2830 1398 2893 haberi.
1428 2832 1530 2903 Quare
1560 2830 1696 2892 visiones
1722 2830 1813 2891 dictae

114 2928 288 2990 Ecclesiam
316 2925 504 2987 catholicam
547 2943 604 3005 per
632 2925 741 2986 omnia
776 2922 939 2984 adherere
991 2930 1055 2991 sint
1081 2948 1101 2991 a
1127 2929 1285 2991 veteribus
1313 2927 1520 3008 scriptoribus
1545 2927 1609 2989 illae
1644 2927 1812 3000 sectiones,

112 3026 311 3103 Hieronymo
326 3022 359 3082 in
386 3022 501 3084 Latina
527 3021 665 3083 Danielis
684 3021 832 3094 editione,
862 3037 938 3081 con·
993 3049 1064 3109 quae
1100 3031 1185 3108 apud
1226 3047 1283 3090 110,
1324 3028 1419 3090 hodie
1451 3026 1567 3109 Capita
1596 3026 1813 3099 nominantur,

111 3124 193 3184 letti
218 3121 278 3201 qul
317 3118 462 3189 voluerii,
495 3119 579 3198 &pud
609 3121 724 3180 Citium
762 3117 936 3195 ihelogtlm,
993 3126 1191 3188 commodius
1204 3126 1287 3186 infra
1301 3124 1492 3187 declaratur,

112 3222 272 3282 variantes
301 3216 453 3278 lectiones
467 3216 581 3278 cantici
604 3215 724 3277 Azaries
749 3234 769 3276 a
794 3233 885 3276 versu
900 3216 976 3288 260
1035 3223 1218 3284 Notandum
1260 3228 1309 3283 eat
1348 3220 1487 3284 secundo
1529 3221 1719 3301 inaequalem
1747 3238 1815 3282 (μω

114 3319 151 3379 sd
169 3333 298 3377 venum
313 3319 351 3375 ⁴5
367 3321 450 3395 imp·
478 3312 536 3392 11¹),
566 3312 735 3374 ubimulta
763 3311 940 3391 (1191111111-
994 3321 1158 3382 obelorum
1186 3321 1319 3381 formam
1350 3337 1414 3380 non
1428 3319 1460 3380 iu
1475 3319 1606 3381 diversis
1620 3319 1735 3393 solum,
1760 3319 1816 3381 sed

115 3419 167 3479 det
193 3417 325 3478 diversa
353 3414 386 3476 in
416 3413 555 3476 editione
583 3413 693 3486 aeteri,
722 3412 762 3474 ab
803 3413 841 3473 iis
870 3431 941 3492 quae
993 3418 1027 3478 in
1054 3416 1165 3478 iisdem
1193 3416 1288 3477 etiam
1305 3432 1379 3475 mss.
1396 3413 1570 3476 codicibus.
1587 3414 1637 3475 Sic
1666 3413 1817 3476 laudatus

115 3513 266 3594 leguntur
279 3511 313 3572 in
328 3510 475 3590 Vulgata,
504 3527 541 3570 ac
569 3509 600 3570 in
629 3510 756 3570 Canone
779 3508 941 3571 Hebraicis
993 3511 1552 3595 supramanuscriptusColhertinus
1567 3511 1658 3591 signa
1685 3509 1755 3574 haee
1783 3512 1817 3573 in

115 3611 267 3682 veritatis,
298 3626 320 3669 a
346 3606 438 3668 nohis
464 3607 561 3668 edito.
592 3606 940 3667 Praetereainsertaein
994 3616 1061 3674 tolo
1076 3611 1259 3691 Hieronymi
1285 3610 1440 3672 Psalterio
1468 3609 1586 3690 scripta
1610 3607 1726 3671 retinet
1740 3627 1814 3671 cum

114 3718 162 3770 tra
176 3715 285 3770 textus
312 3703 450 3766 Danielis
464 3702 734 3766 adnotatiuncula
758 3701 942 3782 Hieronymi
995 3712 1118 3773 duobus
1147 3710 1282 3790 punctis,
1313 3729 1377 3771 uno
1406 3709 1571 3789 superiori,
1615 3713 1647 3770 et
1673 3708 1816 3773 inferiori

116 3801 408 3865 mnifoeflfflmum
444 3800 589 3879 Ptaebessi
616 3807 851 3878 11811101111111,
881 3803 940 3861 ΕΟ·
995 3810 1107 3880 altero,
1132 3808 1283 3869 adislum
1309 3805 1436 3868 modum
1474 3807 1573 3881 ÷;in
1588 3805 1814 3867 additamentis

119 3902 250 3964 ciceiam
289 3904 469 3961 Romanam
498 3918 560 3959 11011
590 3897 798 3977 1111111111ϋὶ
824 3898 942 3959 verSlO·
995 3913 1101 3968 autem
1121 3905 1258 3967 Danielis
1271 3913 1303 3967 et
1317 3907 1441 3975 Esther,
1466 3905 1610 3966 eamdem
1641 3922 1816 3984 repracsen-

119 4019 188 4061 nem
218 3999 254 4059 in
280 3996 362 4058 libro
385 3995 534 4069 Danielis,
564 4013 660 4074 quam
688 3994 776 4056 illam
794 3995 944 4076 Hierony·
995 4009 1044 4066 tat
1057 4004 1212 4083 virgulam
1236 4007 1277 4078 4,
1294 4008 1518 4072 transversam,
1534 4000 1588 4062 aad
1601 4000 1722 4080 absque
1748 3999 1815 4062 ullo

120 4094 643 4169 mianamtumexHobraeo,tum
672 4093 943 4156 exTheodotione
996 4110 1125 4182 puncto.
1144 4101 1501 4179 Regiusqaoqucnum.
1532 4101 1609 4160 3561
1640 4100 1673 4160 in
1700 4098 1815 4160 Danie-

119 4216 317 4279 expressam.
996 4196 1313 4278 lisHymnoobelum
1341 4195 1439 4257 habet
1463 4194 1750 4274 panotisornatnm
1775 4199 1817 4269 ἦ,

160 4301 258 4359 Nunc
281 4296 374 4374 sigua
400 4292 566 4356 obelorum
589 4291 704 4372 quibus
733 4311 842 4354 omnes
873 4292 945 4354 illas
998 4295 1079 4356 atiu
1103 4295 1166 4356 fine
1180 4293 1320 4355 listhcris
1334 4293 1435 4355 solam
1451 4292 1580 4355 exhibet
1594 4293 1751 4373 virgulam
1767 4293 1819 4374 ja·

125 4404 227 4475 partes
243 4390 548 4455 denterocanonicas
574 4391 764 4470 prenotavit
790 4391 944 4472 Hierony·
999 4399 1121 4454 centem
1144 4393 1255 4465 ÷sine
1294 4397 1483 4472 punctorum
1525 4392 1689 4466 comitatu,
1735 4390 1821 4471 quod

124 4511 189 4554 mna
202 4491 378 4570 diligenter
419 4487 650 4550 consideranda
664 4494 737 4548 sunt
752 4486 784 4549 in
807 4488 946 4550 Danielis
999 4491 1142 4553 imitatur
1156 4488 1352 4551 corbeiensis
1367 4507 1441 4550 mss.
1457 4489 1558 4551 codex
1573 4507 1649 4550 num
1666 4494 1695 4551 l.
1712 4487 1824 4551 Caetori

123 4589 295 4651 solamine.
326 4588 404 4649 Nam
435 4585 538 4666 primo
566 4585 739 4656 sciendum,
768 4584 824 4647 illa
856 4587 1303 4666 signamen-Carmonenses
1331 4588 1432 4649 nostri
1458 4594 1490 4650 et
1530 4588 1741 4649 Memmianns
1768 4589 1824 4648 Ca-

122 4687 383 4767 perscripturum
400 4683 625 4763 negligentiam
654 4701 671 4744 e
695 4681 840 4761 pluribus
868 4702 943 4744 mss.
999 4688 1187 4766 nonpartes'
1211 4685 1350 4748 Estheris
1373 4685 1502 4747 ultimas
1532 4683 1632 4746 obelis
1661 4689 1826 4763 panotant

123 4782 208 4845 libris
236 4800 306 4844 esve
328 4781 502 4843 subtracta·
531 4783 606 4848 Quae
634 4779 829 4842 notariorum
857 4781 946 4842 incn-
1000 4802 1074 4846 curu
1111 4783 1230 4865 duplici
1268 4790 1385 4864 puncto
1409 4801 1558 4862 supremo
1587 4792 1619 4844 ct
1646 4782 1756 4844 infimo
1782 4787 1824 4854 ἐ,

124 4882 167 4944 ria
193 4886 290 4943 vetas
317 4879 397 4941 adeo
411 4883 468 4952 est,
486 4875 622 4938 atillam
639 4877 788 4940 histerve
806 4898 947 4960 conque·
1001 4882 1117 4947 Eadem
1141 4881 1231 4960 signa
1252 4881 1416 4943 obelorum
1445 4880 1527 4942 binis
1553 4880 1679 4959 punctis
1703 4881 1822 4942 instru-

124 4988 209 5042 ratnr
243 4977 454 5056 Hieronymus
482 4973 573 5054 epist.
605 4976 662 5036 tta
690 4991 698 5035 :
731 4974 810 5052 Quae
837 4976 945 5058 signa,
1002 4987 1125 5043 ciorum
1154 4980 1298 5042 visuntur
1324 4982 1356 5041 in
1385 4980 1522 5043 editione
1550 4980 1716 5060 Origonioa
1753 4979 1827 5041 libri

124 5077 240 5156 inquit,
270 5073 348 5134 dum
372 5080 429 5155 per
456 5069 645 5152 scriptorum
674 5071 948 5153 negligentiaeve
1001 5079 1127 5151 Esther,
1142 5097 1181 5140 cx
1195 5076 1421 5139 Aruadelliana
1449 5076 1641 5140 bibliotheca
1670 5075 1826 5158 producti.

119 5174 284 5255 plerisque
297 5170 391 5253 quasi
418 5167 582 5250 superflua
609 5167 844 5249 relinquuntur,
883 5193 948 5233 ma·
1003 5177 1120 5238 Caveat
1148 5181 1252 5238 antem
1281 5177 1421 5256 prudens
1448 5175 1561 5248 lector,
1603 5195 1642 5238 no
1685 5173 1828 5235 notulam

124 5292 206 5353 gnus
239 5270 274 5330 in
303 5266 439 5349 legendo
465 5285 554 5325 error
582 5265 734 5327 exoritur.
775 5271 952 5349 Supersunt
1004 5274 1274 5354 compendiariam
1298 5275 1331 5335 in
1357 5293 1430 5335 mas.
1464 5272 1552 5334 libris
1582 5273 1729 5336 usitatam
1757 5287 1834 5329 con-

126 5376 231 5431 tamcn
261 5365 387 5446 aliquot
413 5362 548 5438 codices,
579 5362 633 5441 qni
671 5363 780 5426 obelos
817 5367 953 5429 retinent
1007 5372 1118 5434 tundat
1145 5390 1217 5433 eum
1258 5372 1348 5450 signo
1390 5371 1486 5445 obeli,
1532 5377 1663 5450 propter
1690 5367 1835 5428 eamdem

129 5473 325 5548 praenotatos
353 5471 418 5526 tam
460 5461 492 5522 in
534 5460 691 5540 prioribus
729 5463 953 5529 additamentis
1007 5470 1137 5532 omnino
1161 5470 1296 5549 figuram
1321 5469 1485 5547 utriusqus
1514 5467 1720 5545 assignatam.
1751 5467 1850 5535 Nam,

128 5565 278 5640 Danielis,
315 5581 412 5644 qaam
453 5558 487 5621 in
529 5559 758 5640 appendicibus
798 5564 951 5627 hlotheris.
1007 5568 1132 5632 librarii
1145 5575 1177 5631 et
1191 5569 1360 5649 scriptores
1375 5566 1498 5644 antiqui
1515 5571 1647 5626 utuntur
1675 5565 1737 5628 hoc
1759 5563 1838 5625 cha-

131 5663 367 5744 llannscriptus
407 5656 526 5737 Regius
567 5657 742 5722 Bibliorum
779 5679 952 5739 mororum,
1010 5673 1132 5729 rectore
1168 5675 1198 5737 ν’,-
1213 5685 1270 5747 pro
1284 5664 1394 5736 verbo,
1422 5668 1481 5739 est,
1497 5661 1590 5724 tertia
1612 5681 1749 5744 persona
1773 5661 1839 5721 sin·

292 5802 424 5868 Piraei..
447 5805 582 5869 xxvltl.
1657 5806 1677 5862 t
