3870 6120
108 222 182 280 1105
708 230 817 289 matta
835 232 991 289 MlCHAEAE
1012 230 1221 290 PROPERTAE.
1751 230 1824 291 tmc

189 349 280 408 lsrael
297 350 320 410 ¹.
958 359 985 426 Α
1073 355 1214 414 uiculosi

109 424 145 481 tit
160 423 252 481 stabit
280 427 309 480 et
324 426 427 496 pascet
442 423 471 479 in
485 423 657 482 tortitudine
671 427 800 497 Domini,
1000 427 1141 499 Nunquid
1158 428 1267 503 placari
1282 432 1380 502 potest
1394 429 1539 487 Dominus
1553 429 1584 486 in
1599 428 1733 488 millibus
1748 430 1824 490 arie·

145 493 176 550 in
192 467 376 551 sublimitate
394 496 524 553 nominis
536 498 656 554 Domini
670 498 721 557 Dei
736 499 783 556 sui
800 516 808 558 z
1068 504 1143 568 tum,

107 570 143 623 Et
157 571 378 635 convertentur,
1033 574 1084 626 unt
1099 571 1129 626 in
1145 570 1248 628 multis
1259 571 1392 628 millibus
1407 571 1556 629 hircorum
1572 571 1751 646 pinguium?

108 638 941 766 thuiuuiitncmagnificabituiusqueudtcrminosterra
995 640 1137 714 Nunquid
1159 643 1234 701 daho
1259 643 1486 717 primogenitum
1512 661 1609 702 meniu
1635 660 1687 717 pro
1712 644 1822 703 scelera

158 720 211 766 erit
230 726 285 766 ise
321 727 384 766 ux:
1068 730 1131 771 nico

107 782 251 854 Assyrius
263 728 332 837 cuin
346 781 459 838 venerit
475 781 504 837 iu
521 785 629 838 terrani
647 788 792 852 nostram,
1030 755 1159 841 fructum
1174 784 1285 841 ventiis
1301 782 1426 858 mei'pro
1442 788 1559 857 peccato
1575 785 1680 843 anima
1697 787 1795 843 meai

144 858 173 909 ot
186 854 307 926 quaudo
324 852 482 910 calcaverit
496 853 525 909 in
541 853 679 911 domibus
696 856 806 912 nostris
824 872 831 912 :
995 857 1134 913 iudicabo
1149 855 1212 926 tibi,
1229 857 1358 928 ohomo,
1373 857 1424 930 qui
1439 859 1479 914 sit
1493 858 1615 929 bouum,

105 926 142 982 m
156 925 371 982 suscitabimus
386 942 418 980 su
444 941 475 981 er
490 941 558 981 eum
575 932 689 1000 septem
706 932 852 1001 pastores,
1029 932 1057 983 ct
1072 927 1142 1002 quid
1162 928 1302 984 Dominus
1318 933 1461 1001 quarata
1476 933 1523 985 te:

143 1001 173 1052 et
189 1001 255 1052 octo
271 996 411 1069 primates
424 942 572 1053 homines.
994 997 1100 1072 Utique
1116 999 1209 1055 iacere
1221 999 1381 1070 judicium,
1396 1005 1426 1056 et
1439 998 1490 1055 dili
1513 998 1817 1072 eremisericordiam,

107 1068 141 1125 lit
158 1073 281 1140 pascent
296 1075 402 1123 terram
416 1071 510 1124 Assur
525 1068 554 1123 in
570 1067 678 1141 gladio,
1028 1076 1057 1127 et
1072 1069 1232 1127 sollicitum
1248 1071 1400 1127 ambulare
1415 1015 1520 1126 cumh

143 1147 173 1196 ot
189 1145 298 1195 terram
315 1140 439 1195 Ncmrod
455 1140 485 1194 in
499 1137 610 1196 lanceis
625 1143 690 1211 ejus
707 1157 715 1197 :
991 1140 1053 1198 Vox
1068 1141 1183 1198 Domini
1199 1142 1234 1197 ed
1251 1142 1396 1199 civitatem
1412 1141 1532 1208 clamat,

104 1210 328 1267 Dtliberabitub
339 1212 664 1268 Assurcumveneritin
675 1217 782 1268 terram
792 1214 936 1285 nostram,
1027 1218 1056 1269 et
1070 1213 1153 1270 sulus
1167 1213 1223 1269 erit
1237 1214 1407 1271 timentibus
1418 1229 1525 1272 nomen
1540 1216 1624 1269 tunm
1639 1228 1646 1271 :

143 1288 173 1339 et
188 1299 254 1338 cuin
270 1282 426 1338 calcaverit
438 1281 590 1339 infinibus
606 1283 729 1341 nostris.
990 1285 1109 1354 Audite,
1126 1284 1234 1353 trihus,

105 1354 239 1411 liberunt
254 1353 385 1426 reliquia
399 1353 487 1409 Jacob
504 1354 533 1409 in
549 1355 647 1411 medio
664 1353 840 1428 populorum
858 1353 936 1412 mul·
1026 1360 1054 1413 et
1069 1355 1137 1428 quis
1152 1355 1329 1428 approbabit
1343 1355 1415 1413 illud
1430 1357 1441 1411 l

180 1430 288 1552 ωηιξη,
301 1425 390 1553 lquasi
411 1442 460 1482 ros
474 1441 490 1481 a
505 1425 641 1494 Domino,
654 1433 683 1484 ct
697 1425 781 1498 quasi
792 1425 936 1484 stillasse·
989 1428 1092 1513 adhuc
1108 1427 1232 1572 igntistin)
1245 1427 1332 1484 domo
1348 1426 1431 1500 impii
1446 1425 1802 1502 thesauriiniquitatislt.

201 1513 232 1553 er
268 1513 300 1552 er
322 1513 381 1563 uin,
1059 1515 1100 1554 im
1125 1515 1243 1556 ienis.

142 1514 208 1640 quge
224 1585 282 1624 non
298 1571 448 1640 exspectat
462 1567 569 1639 uirum,
586 1572 615 1625 et
626 1585 684 1625 nou
700 1567 885 1642 prastolulur
899 1569 935 1624 a·
1024 1574 1053 1626 et
1069 1516 1209 1626 mgnsura
1225 1569 1325 1626 minor
1339 1568 1390 1626 irie
1405 1568 1502 1642 plena.

179 1639 236 1696 lios
250 1639 417 1695 hominum.
987 1641 1126 1714 Nunquid
1142 1641 1310 1711 justificabo
1326 1646 1469 1698 stateram
1484 1639 1619 1714 impiam,

105 1711 141 1767 Et
155 1716 243 1768 erunt
263 1711 392 1783 reliquia
407 1710 497 1767 Jacob
513 1710 693 1785 ingentibus
709 1711 738 1768 in
756 1711 850 1768 medio
879 1729 971 1799 po·3
1023 1718 1051 1770 et
1063 1714 1161 1769 sacelli
1178 1713 1308 1797 pondera
1323 1711 1454 1769 dolosai

179 1783 316 1855 polorum
331 1782 501 1851 multorum,
989 1786 1021 1841 ln
1037 1783 1146 1857 quibus
1160 1783 1264 1841 divites
1274 1785 1339 1856 ejus
1353 1783 1456 1856 repleti
1471 1787 1543 1840 suut
1556 1781 1722 1855 iniquitate,

140 1855 227 1925 quasi
245 1853 290 1910 leo
306 1854 336 1909 in
348 1855 494 1924 jumentis
508 1852 660 1921 silvarum,
711 1901 716 1906 .
1022 1863 1051 1913 et
1065 1854 1234 1912 habitantes
1248 1854 1278 1910 in
1294 1872 1328 1912 ea
1343 1855 1540 1927 loquebantur
1553 1853 1751 1925 mendacium,

141 1930 172 1982 et
187 1927 274 1997 quasi
290 1925 406 1982 catulos
426 1925 520 1982 leonis
549 1925 580 1981 in
630 1925 748 1998 regibus
772 1941 909 1997 pocoiuin
925 1943 932 1983 ε
1023 1933 1052 1985 et
1066 1926 1167 2000 lingua
1181 1943 1283 1984 eorum
1299 1927 1487 1984 fraudulenta
1501 1927 1531 1982 in
1547 1941 1598 1982 oie
1615 1925 1760 1998 ipsorum.

141 1999 194 2069 qui
211 2014 277 2053 eum
291 1997 452 2080 transierit,
469 2001 498 2054 et
511 1943 738 2065 coneuiraverit,
755 2001 784 2054 et
812 1997 932 2070 coperit,
988 2000 1023 2056 m
1037 2014 1091 2071 ego
1104 1999 1263 2082 ergocoepi
1276 2003 1463 2072 percuterete
1477 1997 1641 2071 perditione
1650 2014 1739 2070 super
1747 2013 1814 2071 pec·

180 2085 239 2125 non
255 2072 365 2140 estqui
382 2072 474 2125 eruat.
1059 2074 1133 2126 catis
1148 2073 1219 2126 tuis.

107 2138 291 2196 Dialtahitur
307 2155 411 2196 munus
426 2144 575 2210 tuasuper
590 2138 689 2196 hostes
700 2144 777 2208 tuos,
988 2143 1032 2199 'l'u
1047 2142 1194 2208 comedes,
1209 2144 1239 2197 et
1253 2156 1310 2196 nou
1328 2140 1519 2197 saturaberis.

144 2217 288 2269 etomnes
303 2210 414 2269 inimici
429 2212 473 2268 tui
488 2210 660 2268 interibunt.
1023 2218 1052 2270 et
1066 2212 1232 2270 humiliatio
1247 2215 1297 2268 tua
1307 2211 1338 2268 in
1352 2211 1453 2269 niedio
1467 2211 1511 2267 tui
1528 2228 1535 2268 ε

108 2286 144 2338 Et
160 2285 217 2340 erit
232 2283 261 2339 in
276 2281 324 2339 die
339 2282 400 2351 illa,
415 2283 486 2339 dicit
497 2283 639 2340 Dominus
656 2299 663 2338 :
989 2288 1023 2341 et
1035 2284 1250 2358 apprehendes,
1265 2289 1294 2339 et
1308 2300 1366 2340 nou
1378 2282 1505 2340 salvabis
1521 2301 1528 2339 :

143 2356 286 2411 Aufeiam
297 2370 388 2427 equos
403 2359 471 2411 tuos
484 2355 519 2411 de
536 2354 633 2410 medio
648 2354 703 2422 tui,
1023 2361 1053 2413 et
1068 2372 1142 2429 quos
1157 2354 1324 2424 salvaveris,
1341 2355 1371 2412 iii
1381 2354 1513 2428 gladium
1527 2352 1612 2411 dabo.

144 2431 175 2482 et
185 2427 353 2498 disperdam
366 2426 526 2498 quadrigae
540 2431 619 2484 tuos.
989 2429 1032 2486 Tu
1048 2427 1222 2498 seminabis,
1236 2431 1264 2484 el
1279 2444 1337 2483 uon
1354 2431 1446 2484 metes
1463 2444 1471 2487 t

108 2498 145 2555 m
163 2499 284 2571 perdam
297 2497 428 2554 civitates
444 2503 527 2555 terras
543 2503 610 2569 tuas,
624 2505 651 2553 at
666 2497 817 2554 destruam
832 2512 936 2554 omues
1025 2508 1057 2557 tu
1072 2496 1198 2556 calcabis
1214 2498 1333 2565 olivam,
1349 2502 1379 2555 et
1393 2513 1451 2555 non
1467 2498 1587 2568 ungeris
1602 2496 1665 2556 olco
1680 2513 1689 2556 t

185 2569 364 2626 munitiones
379 2575 457 2637 tuas,
1025 2574 1054 2628 et
1069 2576 1211 2638 mustum,
1223 2574 1253 2626 et
1266 2586 1324 2625 non
1339 2569 1421 2625 bibes
1435 2569 1547 2625 vinum.

146 2644 177 2698 et
191 2643 323 2698 aiteram
336 2640 485 2767 maleficiat
493 2639 530 2695 dc
546 2656 635 2696 manu
652 2643 713 2708 tua,
730 2646 758 2696 et
779 2638 935 2697 divinatio·
989 2646 1024 2699 ct
1043 2641 1197 2768 oushtogieti
1214 2644 1356 2715 praecepta
1372 2640 1465 2709 amri,
1477 2645 1505 2696 et
1516 2655 1604 2697 omne
1619 2655 1693 2713 opus
1707 2640 1815 2700 domus

184 2711 458 2769 nosnoueruntin
486 2727 511 2766 e.
958 2720 961 2726 '
1060 2718 1122 2769 Aa
1161 2728 1168 2768 ε

108 2784 146 2841 tat
163 2787 259 2857 perire
273 2782 378 2841 luciam
389 2782 540 2857 sculptilia
554 2785 607 2839 tua
627 2786 657 2838 et
671 2785 785 2840 statuas
808 2786 877 2839 tuas
898 2782 935 2839 de
988 2784 1023 2841 tii
1037 2782 1196 2841 ambulasti
1210 2781 1241 2839 iu
1256 2781 1458 2838 voluntatibus
1483 2795 1598 2850 eorum,
1613 2785 1646 2838 ut
1667 2782 1767 2841 darom
1783 2786 1813 2841 te

184 2856 362 2912 mediotui:
1059 2857 1090 2912 in
1126 2854 1312 2924 auditionem,

143 2931 175 2984 et
199 2945 257 2984 uon
281 2926 415 2983 adorabis
440 2926 517 2981 ultra
531 2941 619 2998 opera
643 2941 787 2982 manuum
803 2929 933 2982 tuarum.
1023 2942 1053 2983 ei
1067 2872 1234 2983 hahitautes
1250 2925 1278 2981 iu
1293 2941 1327 2981 ea
1341 2925 1370 2980 in
1387 2923 1519 2993 sibilum,

108 3002 145 3055 at
162 2999 283 3055 evellam
301 2998 383 3054 lucos
398 3003 463 3053 tuos
477 2997 512 3052 do
529 2997 624 3053 medio
640 2997 682 3052 tui
699 3013 707 3053 :
1024 3003 1053 3055 et
1067 3015 1103 3069 op
1127 2998 1258 3054 robrium
1294 2995 1372 3069 opuli
1389 2995 1446 3052 mei
1461 2992 1627 3067 portabitis.

142 3070 587 3152 etconteramcivitatesutuas..
665 3137 671 3149 Ι
791 3138 797 3150 ⁸
947 3016 1124 3169 ctdcmllf
1273 3014 1295 3125 h
1510 3137 1515 3149 Ι
1610 3137 1617 3151 .

106 3147 146 3201 itt
163 3141 268 3198 liciam
285 3142 314 3197 in
332 3143 427 3198 lurore
441 3145 469 3196 et
484 3157 512 3196 in
527 3140 730 3213 indignatione
744 3138 885 3195 ultionem
1058 3140 1124 3213 ligit
1138 3141 1168 3196 iu
1184 3144 1327 3197 autumno
1343 3154 1475 3195 racemos
1488 3138 1642 3195 vindemia
1658 3154 1666 3194 :

143 3214 173 3268 in
191 3214 331 3270 omnibus
346 3213 493 3296 gentibus,
511 3228 575 3283 qua
591 3228 648 3266 uoii
665 3209 832 3266 audierunt.
1022 3228 1080 3268 uon
1093 3214 1138 3269 est
1152 3211 1254 3269 botius
1268 3212 1303 3268 ad
1319 3211 1544 3279 comedendum,

103 3285 188 3357 idop.
207 3285 266 3356 Vl.)
281 3286 386 3340 audite
400 3301 464 3355 qua
480 3282 623 3338 Dominus
639 3281 771 3354 loquitur
786 3298 792 3336 :
1023 3300 1194 3357 pracoquas
1211 3285 1284 3340 licus
1298 3284 1309 3318 ⁸
1324 3281 1499 3338 desideravit
1515 3281 1616 3338 anima
1631 3297 1707 3340 mea.

106 3358 214 3430 Surge,
231 3357 374 3412 contendo
385 3354 497 3425 judicio
512 3357 667 3410 adversum
682 3357 808 3424 montes,
988 3355 1078 3411 Periit
1093 3360 1214 3411 sanctus
1233 3355 1269 3411 de
1284 3358 1374 3423 terra,

144 3434 174 3483 et
186 3428 293 3483 auiliun
309 3426 409 3483 toolles
424 3443 522 3482 vocem
539 3431 630 3482 tuam.
1024 3431 1053 3482 ct
1067 3431 1165 3483 rectus
1181 3427 1210 3483 iii
1227 3424 1396 3483 hominibus
1412 3440 1470 3480 nou
1482 3428 1528 3482 est
1545 3440 1552 3479 :

109 3501 243 3556 audiant
256 3499 311 3572 (at.
328 3499 440 3569 audite)
455 3502 569 3554 montes
587 3496 735 3569 judiciuin
762 3495 891 3563 Domini,
906 3499 935 3551 et
989 3499 1097 3555 Omnes
1111 3497 1139 3553 in
1156 3495 1500 3572 sauguinoiusidiantur,

184 3570 271 3628 lortia
284 3571 476 3626 fundamenta
491 3572 590 3636 terrim
1024 3570 1068 3625 vir
1085 3569 1202 3626 lintrem
1218 3585 1305 3626 suum
1322 3573 1444 3625 venatur
1459 3568 1495 3625 ud
1525 3566 1580 3637 (at.
1609 3565 1651 3639 in)
1678 3570 1816 3625 moriem.

147 3642 373 3714 quiajuiliciiim
392 3639 506 3697 lloiiiini
524 3658 591 3697 oum
613 3639 721 3712 populo
745 3655 799 3696 suo
824 3642 935 3695 etcum
990 3641 1100 3697 Malum
1117 3658 1259 3697 manuum
1276 3657 1398 3697 suarum
1411 3640 1515 3695 dicunt
1530 3640 1639 3695 bouum
1658 3654 1665 3694 :

189 3713 279 3771 lsrael
295 3712 515 3784 dijudicabitur.
1028 3711 1162 3784 princeps
1177 3710 1319 3784 postulat,
1331 3719 1358 3767 et
1368 3712 1459 3782 judei
1477 3710 1507 3765 iii
1523 3709 1672 3766 reddendo
1688 3712 1757 3767 est:

109 3785 221 3859 Populo
237 3802 331 3852 meus,
342 3784 413 3857 quid
429 3783 483 3840 ieci
500 3782 572 3853 tibi,
591 3785 620 3839 ot
643 3781 714 3854 quid
731 3780 874 3838 molestus
895 3780 937 3836 lui
991 3784 1027 3840 Et
1042 3799 1168 3855 magnus
1185 3784 1355 3838 locutuseet
1368 3780 1550 3838 desidorium
1567 3779 1672 3837 anima
1687 3796 1761 3850 susa,

184 3856 268 3913 tilii‘l
1027 3858 1056 3910 et
1070 3854 1316 3910 conturbaverunt
1329 3868 1405 3908 eum.

1522 1087 1555 1128 oo
1570 1075 1642 1128 tuo:

147 3929 294 4000 responde
309 3926 392 3983 inihi.
993 3925 1047 3990 Oui
1062 3924 1192 3997 optimus
1206 3924 1235 3980 iii
1250 3924 1294 3980 eis
1306 3927 1362 3993 est,
1377 3920 1461 3995 quasi
1478 3920 1629 3993 paliurus:

107 3999 185 4066 Quia
199 3999 284 4056 eduxi
301 4007 327 4055 te
342 4000 378 4055 de
392 4000 471 4053 terra
483 3994 609 4122 AEgypti,
1028 4002 1058 4052 et
1073 3997 1122 4068 qui
1139 3999 1247 4061 reolus,
1263 3993 1346 4066 quasi
1362 3994 1448 4068 spina
1461 3993 1498 4075 dc
1513 4007 1593 4066 sepe.

147 4077 176 4128 et
192 4071 229 4127 de
245 4071 331 4125 domo
347 4068 536 4126 servientium
564 4065 672 4122 iberavi
684 4066 734 4122 lo’
751 4081 758 4123 :
992 4066 1060 4125 Dies
1077 4066 1288 4140 speculationis
1302 4070 1370 4136 tue,
1387 4064 1516 4122 visitatio
1530 4068 1583 4121 tua
1596 4061 1701 4124 venltt

110 4143 145 4199 Et
163 4142 231 4198 misi
244 4150 311 4199 ante
326 4140 430 4198 iaciein
446 4144 530 4197 tuam
547 4138 658 4209 Mosen,
898 4153 903 4161 ·
1031 4156 1109 4195 nuno
1123 4139 1179 4195 erit
1194 4140 1316 4195 vastitas
1330 4153 1442 4194 eorum.

148 4220 178 4270 et
192 4216 299 4284 Aaron,
315 4218 345 4269 et
361 4210 513 4268 Mariam?
790 4276 794 4281 ¹
994 4209 1088 4268 Nolite
1100 4211 1217 4267 credero
1233 4210 1327 4266 amico
1342 4225 1349 4263 :

111 4284 224 4358 Populo
241 4301 335 4350 meus,
352 4287 511 4351 memento,
527 4296 637 4354 quaeso,
653 4278 724 4353 quid
746 4277 940 4349 cogitaverit³
1030 4286 1058 4338 ot
1075 4281 1166 4339 nolite
1181 4280 1328 4337 confidere
1344 4279 1373 4335 in
1390 4278 1487 4335 duce:

188 4356 275 4413 Balac
290 4372 340 4411 rex
354 4354 452 4425 Moab,
996 4353 1036 4409 ab
1051 4369 1084 4410 ea
1099 4371 1163 4425 quie
1179 4351 1288 4409 dormit
1303 4351 1332 4408 in
1348 4351 1415 4407 sinu
1431 4353 1494 4420 tuo,

150 4431 180 4484 et
196 4427 267 4499 quid
284 4425 470 4500 responderit
485 4422 509 4479 ei
522 4422 639 4479 Balaam
653 4421 732 4478 filius
747 4422 829 4490 Dcoi,
1031 4425 1145 4481 custodi
1156 4423 1285 4481 claustra
1299 4423 1360 4481 oris
1375 4420 1429 4478 tui.

151 4499 188 4555 de
200 4499 302 4556 settim
320 4496 464 4570 usquead
481 4492 645 4567 Galgalam,
956 4472 1068 4561 Deua
1085 4496 1163 4552 illius
1177 4493 1388 4552 contumeliam
1405 4490 1476 4547 iacit
1492 4489 1585 4561 patii;

152 4577 186 4627 nt
201 4585 395 4644 cognosceres
411 4565 565 4639 ‘justitias
580 4563 706 4622 Domini.
1029 4566 1089 4623 lilia
1104 4567 1257 4640 consurgit
1278 4567 1420 4623 adversus
1435 4564 1561 4618 matrem
1576 4578 1662 4621 suain
1679 4574 1687 4620 t

113 4642 191 4708 Quid
206 4644 330 4713 dignuin
347 4640 466 4695 ollarum
483 4636 633 4693 Domino?
1029 4655 1122 4695 nurus
1137 4642 1241 4695 contra
1256 4652 1373 4694 socrum
1390 4649 1479 4690 suum
1494 4648 1502 4689 i

112 4714 244 4772 curvabo
258 4730 335 4797 genu
351 4712 410 4767 Deo
425 4708 562 4766 excelso?
1028 4709 1140 4766 inimici
1156 4709 1288 4766 hominis
1302 4704 1459 4765 domestici
1466 4705 1549 4788 'elus

150 4785 286 4858 nunquid
303 4784 423 4841 oliorum
439 4781 465 4837 ei
477 4780 723 4850 holocautomata,
734 4776 881 4835 etvitulos
892 4793 941 4833 an·
991 4784 1050 4853 ligo
1065 4785 1164 4839 autem
1181 4781 1218 4837 sd
1234 4780 1394 4845 Dominum
1410 4790 1565 4849 aspiciam,

149 5003 157 5037 ¹
175 5002 214 5055 Ut
229 5003 261 5054 ut
276 4998 340 5070 ipse
361 4997 403 5052 ita
418 4995 495 5067 legat
508 4994 536 5050 S.
561 4996 645 5048 Pater
673 4992 703 5048 in
732 4996 940 5062 Commentis,
992 4995 1129 5067 estquod
1144 4994 1174 5050 in
1190 4990 1526 5067 ilebraicorespondeat,

113 5069 285 5145 Symmachi
297 5068 386 5125 aliani
398 5065 668 5138 interpretationem
678 5065 942 5138 videturprohaeso
1027 5068 1088 5123 ‘ln
1102 5067 1203 5123 eodem
1220 5067 1337 5123 Cauone
1365 5063 1452 5121 tertia
1477 5078 1606 5135 persona
1633 5063 1821 5137 exprimitur,

114 5143 223 5215 magis.
241 5164 255 5192 a
273 5145 304 5197 Dt
319 5143 521 5205 ooiiverteutur,
539 5134 645 5208 inquit,
662 5136 770 5203 sivo,ut
784 5137 942 5194 meliueiu-
993 5146 1023 5195 iit
1037 5141 1220 5209 cognosceret,
1235 5142 1313 5204 otc.;
1329 5141 1359 5194 at
1382 5133 1540 5193 maniissto
1565 5133 1752 5207 exscriptoris
1774 5151 1821 5196 aa·

114 5216 300 5287 terprelutus
319 5215 364 5269 est
391 5208 598 5283 Symmachus,
623 5206 800 5264 habitabant.
827 5208 941 5266 Jusubu
995 5213 1182 5267 rorabitur.
1616 5274 1622 5287 1
1658 5277 1664 5288 ι

113 5286 197 5343 euim
212 5284 334 5342 verbum
351 5280 526 5338 hebraicum
538 5283 696 5349 utrumque
710 5278 867 5351 significet.
884 5285 942 5338 Ba·
1029 5273 1822 5347 ⁸Ecclesiacaroaeaoueusis&conlegitimmotarei
1869 5300 1874 5307 ·

115 5357 257 5415 bilebuct
272 5359 370 5412 autem
386 5352 416 5409 in
433 5351 562 5408 Ecclesia
577 5349 707 5419 Domini,
723 5356 779 5407 eto.
993 5353 1070 5423 ficus.
1086 5354 1117 5409 ln
1133 5356 1214 5409 textu
1239 5355 1339 5408 autem
1367 5345 1652 5406 Commentariorum
1677 5348 1821 5421 scriptum

154 5430 167 5464 ¹
182 5428 281 5484 Canon
297 5430 325 5482 8,
341 5422 478 5482 Germani
494 5426 523 5479 ot
537 5437 593 5477 ms.
610 5437 692 5477 num.
709 5421 737 5487 3,
761 5430 787 5478 et
810 5420 844 5478 dc
865 5422 944 5480 domo
996 5423 1123 5495 legimns
1138 5422 1300 5495 primitivos
1314 5417 1542 5501 ficus,deindeiu
1554 5416 1822 5492 explanationibus,

113 5500 271 5568 seruitutis,
286 5499 365 5571 quod
379 5495 409 5552 in
424 5491 651 5553 Commentariis
670 5492 777 5550 retinet
800 5494 829 5551 S.
841 5495 943 5553 Hiero·
995 5497 1159 5552 immoturus
1178 5494 1258 5578 icus.
1275 5495 1401 5576 Frustra,
1417 5491 1513 5561 iuquit
1523 5487 1717 5561 Hieronymus
1727 5490 1822 5575 disse·

119 5569 362 5698 ny⁸mh¹ii⁸dukhiiiiii
377 5637 444 5694 libri
459 5640 554 5694 contro
569 5638 606 5701 te,
618 5636 866 5707 quemadmodum
881 5636 945 5710 ipse
995 5566 1101 5695 misici
1118 5566 1233 5695 :ghuhit'
1241 5567 1823 5701 lqoqqzisqxgrceffiesdaqegunqssqqqeffliffi,

118 5716 211 5772 etiarn
229 5711 359 5788 praelegit
372 5711 569 5767 commentar.
586 5707 615 5765 S.
632 5706 726 5764 Pater.
742 5709 816 5765 Sunt
828 5725 896 5766 voro
910 5726 945 5768 aa
996 5712 1130 5766 maturas
1144 5710 1229 5778 flens,
1267 5724 1318 5763 uiis
1329 5704 1439 5787 ltebrai
1463 5717 1608 5759 eaccuoaa
1627 5712 1820 5784 nini-emt,

113 5787 206 5845 verba
231 5802 267 5843 ex
294 5784 393 5842 (irsoo
421 5780 489 5835 aurii
505 5776 552 5834 eci
573 5778 712 5851 derivata,
738 5780 848 5852 quibua
871 5779 945 5839 nihil
996 5782 1025 5839 id
1041 5786 1097 5855 est,
1112 5797 1230 5855 grossos
1244 5725 1378 5849 icarum,
1395 5775 1459 5833 cibo
1475 5789 1603 5833 sumere.
1618 5774 1710 5838 asir.

1121 3070 1155 3140 l.)
1170 3069 1218 3125 Va
1235 3069 1273 3125 mi
1298 3068 1318 3136 i,
1330 3066 1399 3141 quia
1410 3068 1583 3124 iactussum
1594 3065 1732 3139 sicutqui
1748 3067 1808 3125 col·
1915 3082 1918 3087 ·
