3870 6120
131 394 187 455 3⁴7
648 404 679 457 S.
699 401 905 457 timaeum
925 400 1052 456 intutae
1069 398 1320 456 ammomum
1781 397 1841 453 348

132 526 360 599 superaltarein
374 528 723 599 circuitu.adipceautem
742 526 834 593 bovis,
853 530 955 581 etcae-
972 529 998 596 Α
1014 521 1082 580 liliie
1099 523 1159 580 tois
1173 524 1209 579 de
1219 521 1417 580 oblationibus
1432 522 1559 589 Domini,
1576 521 1838 597 sicutpreceptum

134 615 201 671 dam
217 617 319 673 arietia
330 617 371 690 (b.
388 617 507 688 Adipem
523 621 623 672 autem
640 615 722 671 bovis
743 620 773 670 et
786 613 898 683 arietis,
928 617 957 669 et
1009 610 1596 684 eetmihi.Pactueculumquoquequcd
1616 610 1749 669 oblatum
1779 616 1835 680 eal,

131 704 256 761 caudam
272 705 381 775 arietis)
396 704 633 775 renunculosque
650 719 717 760 cum
734 703 870 774 adipibus
880 703 955 773 auis,
1010 705 1167 757 alermum
1183 699 1234 772 qui
1249 704 1402 772 separatus
1416 706 1472 767 eet,
1487 701 1579 757 edetis
1594 701 1624 757 in
1649 700 1712 758 loco
1739 717 1830 759 mun·

133 789 955 864 straticulumjecorispcsueruuteuperpectoralium·
1010 788 1363 856 dieeimotuclfiliitui,
1388 805 1422 846 ac
1449 789 1516 845 ulia
1545 793 1602 846 tue
1626 794 1736 847 tecum.
1766 790 1833 847 Tibi

132 894 189 951 que
204 882 324 936 cremati
339 888 440 938 essent
454 882 555 953 adipes
563 881 593 936 in
605 879 702 951 alteri,
712 884 829 953 pectora
840 894 954 947 eorum,
1009 878 1087 934 enim
1104 895 1136 935 ee
1152 878 1253 935 liberie
1269 878 1328 934 tuis
1344 878 1470 950 reposita
1486 883 1557 934 sunt
1570 879 1607 935 dc
1625 878 1730 935 hostiis
1752 879 1833 935 aalu·

129 975 269 1026 alermus
284 972 401 1028 dextros
416 972 563 1044 aeparavit
585 973 689 1037 Aaron,
716 970 832 1027 elevans
856 985 953 1026 coram
1009 967 1123 1023 tariboe
1139 966 1266 1023 liliorum
1279 966 1369 1023 lsrael
1387 983 1438 1024 :eu
1453 968 1530 1039 quod
1546 983 1660 1024 armum
1676 972 1704 1024 et
1719 972 1832 1040 pectus,

19 1118 23 1127 ,
131 1058 264 1126 Domino,
281 1059 673 1133 sicutpreccpcretlloaes.
690 1059 859 1115 littendene
887 1074 954 1113 ma-
1008 1062 1037 1111 ct
1059 1056 1159 1127 adipes
1188 1056 1238 1128 qui
1268 1061 1436 1112 cremantur
1465 1056 1495 1112 in
1524 1056 1622 1126 elteri,
1648 1054 1834 1113 elevaverunt

130 1162 200 1202 num
216 1153 318 1204 contra
333 1150 475 1221 populum
491 1152 512 1216 ¹,
529 1149 678 1205 benedixit
692 1148 728 1204 ei.
746 1148 852 1220 Sicque
874 1163 954 1203 com·
1008 1160 1106 1200 coram
1122 1144 1302 1212 Domino,et
1326 1145 1491 1216 pertineant
1519 1146 1555 1202 ad
1580 1150 1664 1215 te,ct
1694 1146 1730 1201 ed
1753 1144 1831 1203 tilica

129 1234 215 1307 pletis
227 1235 334 1293 hostiis
349 1254 401 1310 pro
413 1242 541 1309 peccalo,
557 1243 586 1293 et
601 1236 793 1305 holocaustis,
810 1242 840 1292 et
854 1235 954 1307 pacili·
1006 1236 1086 1300 tuoe,
1101 1233 1165 1305 lege
1180 1239 1329 1306 perpetua,
1345 1233 1423 1289 sicut
1438 1234 1735 1306 precepitDcminue.
1750 1239 1832 1292 Inter

129 1323 183 1393 cis,
201 1325 776 1398 descenditlogreasiautemetldceee
805 1329 834 1380 et
856 1331 952 1380 Aaron
1007 1322 1210 1392 bechircum,
1227 1321 1586 1396 quioblatuslueratpro
1602 1327 1732 1396 peccato,
1761 1339 1830 1380 cum

26 1472 29 1477 ,
127 1413 350 1469 tabernaculum
362 1413 535 1480 testimonii,
552 1419 581 1471 et
596 1414 737 1485 deinceps
756 1414 878 1487 egresei,
907 1413 954 1469 be·
1007 1416 1149 1484 quereret
1163 1411 1269 1478 Museo,
1282 1416 1418 1468 exuetum
1434 1412 1551 1484 reperit,
1567 1413 1832 1484 iratusqueccnlre

127 1502 304 1558 nedixerunt
319 1504 437 1576 populo.
453 1504 497 1571 (Β.
513 1504 560 1574 V.)
576 1503 777 1575 apparuitque
791 1502 883 1575 gloria
898 1501 952 1557 De·
1006 1501 1124 1556 Eleazar
1136 1505 1165 1556 et
1179 1500 1319 1567 Ithemon,
1335 1499 1411 1557 tilios
1425 1503 1532 1570 Aaron,
1548 1500 1598 1572 qui
1614 1508 1829 1570 remanserant,

130 1588 952 1664 miniomnimultitudini,ctcccecgreeausignieaDo·
1005 1588 1206 1660 ait:Cur[uon
1223 1588 1392 1645 comedistis
1414 1589 1540 1646 bostiam
1569 1607 1621 1663 pro
1650 1595 1768 1663 peccalo
1798 1591 1828 1646 in

33 1740 39 1747 ,
129 1678 220 1747 minc,
234 1681 379 1738 devoravit
393 1680 611 1747 holocaustum,
628 1688 657 1736 et
673 1681 774 1753 adipes
794 1680 844 1752 qui
868 1684 952 1737 erent
1005 1676 1192 1743 locosancto,
1211 1694 1275 1749 que
1295 1683 1397 1734 sancta
1418 1683 1588 1735 sanctorum
1617 1684 1674 1748 eet,
1700 1684 1729 1734 et
1757 1680 1829 1736 date

29 1764 33 1769 '
128 1782 218 1839 super
232 1768 333 1824 altare.
351 1769 433 1833 Quod
449 1786 516 1825 cum
527 1769 671 1826 uidissent
691 1770 794 1835 turbe,
814 1769 951 1825 laudavc·
1003 1766 1085 1821 vobis
1101 1771 1134 1821 ut
1147 1767 1269 1838 portetis
1283 1764 1469 1838 iniquitatem
1481 1765 1693 1837 multitudinis,
1704 1771 1733 1823 et
1747 1784 1829 1837 roge·

128 1861 199 1911 runt
214 1856 383 1928 Dominum,
398 1862 517 1914 ruentes
527 1859 557 1913 in
573 1857 663 1915 iacies
674 1874 753 1914 suae.
1003 1854 1041 1911 tie
1056 1871 1108 1926 pro
1123 1870 1157 1911 ea
1172 1855 1202 1910 in
1218 1861 1376 1927 couepectu
1395 1856 1520 1925 Domini,
1537 1856 1701 1929 presertim
1715 1858 1828 1912 cumde

164 1943 204 2011 (G.
220 1946 286 2002 ΧΗ.
305 1948 368 2016 dap.
385 1944 638 2019 X.)Arreptisquc
648 1945 750 2003 Nadab
765 1950 794 2003 et
807 1946 882 2003 Abiu
897 1944 949 2001 lilii
1004 1942 1148 2015 sauguine
1170 1942 1251 2000 illius
1275 1961 1333 1999 ncn
1359 1945 1398 2000 eit
1421 1943 1536 2001 illatum
1563 1948 1641 2002 intra
1661 1951 1772 2015 saneta,
1798 1949 1828 2001 et

129 2035 222 2089 Aaron
230 2034 402 2099 thuribulis,
425 2035 692 2108 poaucruntignem
703 2034 892 2091 etincaneum
903 2034 951 2089 de·
1002 2031 1154 2087 comedere
1168 2046 1233 2087 eam
1249 2032 1419 2089 debueritne
1434 2032 1466 2088 iu
1477 2033 1655 2101 sanctuario,
1669 2033 1746 2090 sicut
1757 2050 1829 2106 pre·

25 2192 28 2197 Ι
127 2125 509 2195 euper,ollerenteacoram
530 2126 655 2181 Domino
677 2123 777 2196 ignem
798 2123 949 2179 alienum:
1001 2124 1119 2192 ceptum
1134 2125 1180 2176 eet
1195 2119 1292 2176 mihil
1321 2119 1479 2193 Respondit
1505 2124 1621 2178 Aaron:
1650 2120 1755 2179 Oblata
1780 2128 1829 2179 est

127 2212 204 2283 quod
220 2211 451 2285 cisprraceptum
470 2230 528 2270 non
541 2218 613 2270 crat.
630 2213 828 2283 ligreesusquc
844 2210 950 2282 igniac
1001 2208 1087 2266 hodie
1102 2208 1220 2266 victima
1235 2226 1286 2282 pro
1303 2215 1431 2281 peccato,
1448 2215 1477 2266 et
1497 2210 1700 2267 holocaustum
1725 2227 1827 2267 eoram

127 2299 866 2368 Dominc,dcvoravitaos,etmortuisuntccram
894 2306 948 2355 tic·
1000 2297 1141 2355 Domino:
1160 2297 1346 2355 mibiactem
1372 2299 1489 2364 accidit,
1519 2300 1596 2370 quod
1626 2299 1718 2357 vides.
1749 2302 1827 2366 Quo·

126 2385 218 2444 minc.
229 2389 308 2444 Dixit
321 2389 417 2446 Muses
431 2393 468 2446 ad
483 2393 577 2447 Aaron
590 2382 673 2446 illoc
687 2395 733 2446 est
747 2387 949 2460 qucdlocutue
1000 2388 1087 2443 modo
1103 2388 1184 2458 potui
1199 2389 1350 2443 comedere
1373 2404 1450 2452 eam,
1480 2394 1532 2444 aut
1559 2386 1673 2462 placere
1702 2388 1826 2446 Domino

21 2508 24 2513 ·
125 2477 314 2533 eelDominue
329 2479 552 2536 :sanctificabor
566 2479 596 2535 in
607 2477 948 2550 iisquiapprcpinquant
999 2474 1031 2531 in
1045 2475 1237 2542 ceremoniis,
1250 2481 1348 2533 mente
1361 2475 1505 2549 lugubri‘l
1519 2478 1601 2543 Quod
1611 2494 1678 2534 cum
1690 2478 1827 2536 audisset

55 2552 61 2563 ’
125 2565 209 2634 mihi,
226 2568 475 2640 atinccnspectu
499 2567 597 2623 omnis
621 2566 721 2640 populi
750 2565 946 2638 gloritlcabor.
999 2562 1105 2632 Maece,
1122 2564 1481 2636 recepiteetieiactioncm.

124 2653 206 2718 Quod
219 2655 446 2713 audienetacuit
460 2655 701 2714 Aaronvocetis
733 2662 829 2710 autem
853 2657 947 2711 Mosae
1033 2653 1184 2723 (uvae.
1214 2652 1274 2719 XV,
1291 2655 1361 2726 cop.
1378 2653 1441 2723 Xl.)
1458 2655 1586 2711 Locutus
1602 2660 1647 2711 eet
1675 2655 1824 2714 Dominus

124 2740 629 2815 bliscetoetelsapbao,ulitoztet,
647 2742 744 2814 patrui
767 2749 875 2807 Aaron,
906 2740 948 2796 alt
998 2742 1197 2800 adMoecnet
1218 2743 1313 2799 Aaron
1344 2743 1460 2799 dicens:
1488 2744 1581 2801 Dicite
1609 2743 1679 2800 tiliis
1707 2744 1822 2802 lsrael:

127 2831 162 2886 ad
173 2846 243 2888 ece:
261 2832 303 2887 lte
317 2841 345 2888 et
363 2832 457 2889 tollite
476 2835 580 2889 iratres
604 2837 715 2888 veetrca
737 2831 773 2887 de
787 2834 945 2901 conspectu
998 2830 1063 2887 llec
1076 2839 1145 2888 sunt
1159 2830 1299 2888 animalia
1313 2849 1378 2903 qua
1394 2834 1545 2889 comedere
1560 2832 1673 2890 debetis
1695 2835 1731 2890 de
1747 2851 1825 2890 cun·

124 2919 297 2991 sanctuarii,
311 2926 340 2977 et
354 2927 503 2993 aepcrlate
517 2926 598 2977 extra
607 2925 713 2977 caetra.
728 2919 947 2989 Confestimque
997 2920 1052 2976 ctis
1067 2920 1269 2977 animantibus
1283 2920 1325 2992 (h.
1343 2921 1597 2995 quadrupedibus)
1612 2930 1712 2978 terrae:
1730 2922 1827 2980 Omne

122 3015 287 3081 pergentes,
313 3009 446 3066 tulerunt
471 3027 521 3067 ecs
549 3012 627 3066 sicut
646 3009 793 3079 jacebant,
823 3009 945 3064 vestitos
998 3007 1074 3078 quod
1091 3006 1181 3063 habet
1196 3007 1320 3063 divisam
1338 3007 1491 3078 ungulam,
1507 3009 1677 3067 etrumiuet
1691 3011 1720 3065 iu
1737 3028 1825 3083 peco-

122 3096 209 3152 lineie
221 3097 341 3162 tunicie,
353 3103 382 3153 et
397 3099 543 3168 ejecerunt
556 3099 634 3154 forae
661 3097 703 3168 (h.
733 3096 945 3167 confestimque
997 3094 1088 3164 ribus,
1105 3095 1275 3152 comedatis.
1286 3095 1433 3168 Quidquid
1445 3097 1825 3172 autemruminatquidem,

121 3190 276 3257 pergentee
292 3185 422 3242 tulerunt
433 3203 483 3242 eoa
499 3187 529 3241 in
540 3186 651 3242 tunicis
666 3186 739 3250 ouis,
755 3190 785 3240 et
797 3186 946 3256 ejecerunt
996 3184 1124 3240 ethabet
1140 3183 1294 3257 ungulam,
1310 3185 1361 3241 sed
1378 3201 1435 3241 non
1451 3184 1556 3241 dividit
1570 3201 1645 3254 eam,
1667 3186 1744 3243 sicut
1770 3205 1824 3246 ca·

119 3257 1134 3347 iores),uteibilueratimperatum.Dtdixitlloeeaedssmeluset
1162 3277 1276 3341 cetera,
1306 3290 1364 3329 non
1393 3274 1552 3331 comedetis
1579 3274 1664 3343 illud,
1692 3280 1721 3332 et
1745 3277 1825 3333 inter

117 3366 215 3417 Aaron
229 3371 257 3418 et
272 3364 307 3419 od
324 3363 450 3431 Eleazar,
476 3368 565 3435 atque
593 3362 732 3428 ithamar,
761 3362 837 3419 illice
863 3363 938 3432 cjue,
992 3361 1146 3418 immunda
1161 3361 1347 3433 reputabitis.
1364 3362 1591 3437 Choercgrylliue
1607 3364 1658 3436 qui
1675 3365 1822 3436 ruminat,

117 3449 218 3521 Capite
240 3455 336 3506 vestra
351 3448 441 3506 nolite
457 3451 579 3520 nudare,
595 3456 624 3505 et
647 3451 823 3506 vestimenta
851 3450 938 3506 nolite
991 3450 1193 3524 ungulamque
1210 3467 1267 3507 nun
1293 3450 1408 3519 dividit,
1432 3452 1604 3509 immundae
1628 3457 1697 3509 cet:
1729 3452 1819 3528 lepus

115 3538 259 3604 scindere,
281 3554 317 3594 ne
336 3539 410 3595 torte
439 3539 620 3603 moriamini,
649 3545 678 3595 et
707 3555 795 3611 super
820 3555 939 3595 omnem
991 3556 1117 3612 quoque,
1134 3556 1201 3595 nam
1218 3540 1326 3611 etipse
1349 3540 1488 3608 ruminat,
1513 3541 1564 3597 sed
1590 3541 1731 3615 ungulam
1755 3560 1815 3600 non

116 3630 225 3682 caetum
236 3626 348 3683 oriatur
362 3627 538 3700 indignatio.
554 3628 672 3683 Fratres
693 3643 810 3699 quoque
838 3629 938 3696 vestri,
990 3628 1103 3684 dividit.
1121 3633 1153 3683 et
1168 3645 1230 3697 eus,
1246 3629 1294 3699 qui
1312 3644 1378 3684 oum
1396 3629 1535 3702 ungulam
1551 3630 1671 3698 dividet,
1687 3648 1745 3687 non
1762 3649 1812 3688 ru·

118 3714 215 3772 omnis
230 3717 337 3772 domus
363 3718 463 3783 lerael,
493 3716 633 3788 plangant
660 3715 830 3772 incendium
861 3717 938 3788 quod
991 3718 1093 3774 minat.
1109 3717 1219 3773 Horum
1236 3717 1374 3774 carnibus
1390 3734 1447 3774 non
1460 3719 1630 3785 vescemini,
1647 3736 1700 3776 nec
1724 3721 1812 3777 cade·

117 3802 511 3862 Dominuseuecitavittvoe
532 3811 632 3861 aulem
661 3821 720 3861 ucn
749 3805 939 3876 egrediemini
991 3807 1625 3878 veraccntingetie,quieimmuudavcbis.
1655 3810 1695 3879 (C.
1726 3808 1813 3882 xvi.)

50 3902 54 3907 '
116 3892 939 3966 iorestabernuculi,alioquinperibitiezcleumquippe
989 3899 1057 3951 Haec
1085 3900 1156 3950 sunt
1182 3895 1270 3950 etiam
1299 3909 1363 3966 que
1400 3894 1564 3967 gignuntur
1591 3894 1621 3951 in
1649 3895 1744 3969 aquia,
1784 3902 1814 3954 ct

115 3985 222 4037 sancte
239 3983 387 4039 unctionis
401 3987 446 4038 eet
460 3998 621 4054 supervos.
644 3982 695 4046 Oui
721 3981 850 4037 iecerunt
872 3998 935 4038 om·
990 3983 1067 4039 sceui
1082 3982 1195 4039 licitum
1211 3987 1267 4039 est.
1283 3983 1376 4039 Omne
1397 3984 1475 4054 quod
1500 3982 1589 4040 habet
1618 3983 1757 4057 pinnulae
1786 3990 1815 4042 et

115 4068 256 4141 uiaJuxta
273 4076 449 4142 preceptum
463 4071 545 4127 blosi.
562 4070 605 4140 (l.
630 4070 678 4127 Vl.
704 4072 734 4126 u.
757 4070 843 4142 Xlll.)
855 4070 933 4126 Dixit
991 4086 1142 4144 squamae,
1159 4076 1219 4126 lem
1236 4070 1355 4126 inmari
1372 4087 1461 4144 quam
1475 4072 1505 4126 in
1520 4071 1695 4130 fluminibus
1710 4078 1738 4129 et
1754 4081 1814 4130 sta·

41 4200 45 4207 .
116 4173 233 4230 queque
249 4158 393 4215 Dominus
409 4158 445 4214 ed
466 4161 581 4215 Aaron:
607 4159 715 4214 Vinum
742 4174 830 4214 omne
858 4158 936 4230 quod
989 4159 1056 4233 gnis
1067 4158 1109 4231 (h.
1122 4176 1179 4217 non
1191 4159 1288 4228 hebet,
1299 4164 1328 4217 et
1342 4161 1813 4234 stagnis),comedetis,0uidquid

116 4245 262 4303 inebriare
277 4252 382 4316 poteet,
399 4264 457 4303 non
474 4248 581 4303 bibetis
596 4251 626 4302 tu
643 4252 673 4303 ct
687 4246 739 4303 lllil
751 4247 805 4318 tui,
822 4248 937 4319 quando
990 4253 1089 4305 autem
1109 4249 1248 4322 pinnulas
1275 4253 1304 4305 et
1332 4265 1473 4322 squamas
1499 4267 1556 4307 uon
1583 4250 1669 4307 hahet
1698 4269 1813 4318 eorum,

115 4331 231 4390 intretis
244 4335 273 4390 iu
285 4335 507 4392 tabernaculum
521 4336 692 4405 teetimonil,
704 4335 936 4405 ucmcrianlmi;
991 4337 1099 4409 quein
1123 4338 1209 4409 aquis
1239 4343 1393 4395 moventur
1420 4343 1449 4395 et
1476 4338 1586 4407 vivunt,
1617 4340 1815 4398 abominabile

116 4425 187 4494 quic
198 4423 241 4492 (h.
259 4424 425 4489 nonhabet)
437 4430 613 4497 preceptum
628 4425 939 4497 sempiternumeeliu
990 4423 1072 4480 vobie
1087 4430 1116 4481 et
1131 4427 1339 4482 exsecrandum
1355 4425 1420 4495 erit,
1437 4443 1539 4485 cernes
1557 4444 1658 4485 eorum
1681 4446 1741 4486 noc
1770 4447 1815 4487 co·

116 4512 321 4585 generationes
335 4519 457 4571 vestrae.
474 4514 510 4570 ut
525 4513 699 4569 uthabcatis
715 4514 868 4569 scientiam
881 4514 938 4570 dis·
991 4512 1125 4580 medatis,
1142 4518 1171 4570 et
1195 4514 1350 4571 morticina
1378 4515 1515 4572 vitabitis.
1546 4516 1732 4588 Cunctaque
1755 4535 1814 4575 ncn

111 4598 249 4656 cernendi
265 4601 936 4674 intersanetumetproianum‚interpoliutum
955 4626 977 4691 υ
993 4601 1103 4658 habent
1128 4601 1265 4674 pinnulae
1292 4609 1321 4659 ct
1344 4620 1486 4676 squamas
1513 4604 1542 4659 in
1573 4605 1671 4677 aquis,
1701 4607 1815 4679 polluta

109 4689 937 4764 etmundum,docealiequeillioalsraelcmnialcgitima
992 4695 1088 4747 erunt.
1128 4690 1170 4763 (G.
1214 4693 1314 4764 livill
1349 4697 1415 4748 Hac
1451 4696 1521 4749 suut
1555 4709 1619 4766 que
1647 4694 1683 4749 de
1710 4696 1814 4752 avibus

110 4793 177 4834 maa
199 4794 265 4850 ques
279 4777 396 4836 locutus
411 4785 456 4836 eat
470 4781 613 4836 Dominus
629 4781 665 4836 ad
682 4796 732 4838 eos
748 4798 799 4852 par
814 4796 934 4837 manum
990 4780 1144 4836 comedere
1158 4796 1214 4836 non
1230 4781 1352 4848 debetis,
1369 4785 1398 4836 et
1412 4781 1698 4840 vitandesuntvcbis
1710 4799 1717 4839 ε
1731 4786 1813 4857 aqui·

111 4867 623 4942 tlost.(c.lt1v.)toculoeqaeeet
646 4875 742 4928 Moses
768 4873 803 4926 ad
827 4878 934 4939 Aaron,
989 4867 1303 4942 lemetgryphcm‚et
1328 4869 1505 4939 haliaetum,
1535 4870 1656 4927 milvum
1687 4888 1719 4928 ac
1748 4872 1814 4928 vul-

110 4961 140 5015 et
154 4960 189 5013 ad
205 4957 334 5029 Eleazar,
350 4964 380 5014 et
391 4959 533 5015 -lthamer
561 4959 637 5016 filios
663 4960 728 5030 ejus
758 4959 808 5031 qui
825 4959 935 5016 residui
989 4960 1084 5012 turem
1096 4958 1183 5028 juxte
1196 4974 1290 5031 genus
1305 4975 1405 5030 suurn,
1421 4964 1449 5015 et
1463 4975 1550 5016 omne
1565 4960 1673 5017 corvini
1694 4961 1814 5033 generis

108 5051 212 5103 erent:
229 5046 333 5103 Tollite
349 5048 538 5114 sacrificium,
549 5049 627 5119 quod
640 5048 782 5104 remansit
794 5049 830 5104 de
854 5047 934 5104 obla·
988 5044 1018 5101 in
1034 5045 1258 5104 similitudinem
1275 5064 1370 5116 suam,
1395 5048 1575 5117 strutionum,
1600 5052 1638 5120 let
1661 5055 1812 5119 noctuam,

107 5135 189 5191 tione
204 5136 333 5205 Domini,
348 5141 377 5193 et
391 5137 532 5194 comedite
550 5136 622 5192 illud
652 5137 764 5208 absque
791 5136 934 5194 fermento
989 5138 1018 5190 et
1031 5133 1139 5206 larum,
1155 5141 1184 5192 et
1198 5136 1368 5208 accipitrem
1380 5139 1467 5207 juxta
1481 5153 1573 5210 genus
1589 5154 1679 5194 auum
1693 5155 1700 5192 :
1715 5137 1812 5197 bubo·

104 5224 189 5295 juxta
201 5224 305 5289 altare,
323 5225 393 5296 quie
409 5228 545 5281 canatum
562 5230 732 5283 sauctorum
756 5230 810 5280 cat.
830 5228 933 5282 Come·
990 5223 1812 5298 nem,etmergulum,etibiu,cygnum,etonocrotalum,

106 5310 183 5367 delia
199 5316 297 5367 autem
313 5311 343 5367 in
358 5311 421 5368 loco
437 5316 552 5380 saneto,
562 5311 639 5382 quod
655 5311 818 5368 detumeat
836 5312 935 5370 tibist
988 5315 1017 5366 et
1032 5312 1267 5384 porphyrionem,
1284 5313 1472 5369 herodionem
1487 5319 1516 5370 et
1531 5313 1704 5371 charadrion
1725 5317 1815 5389 juxta

144 5470 296 5527 ¹Diversa)
312 5475 471 5527 occurrunt
486 5470 596 5527 voculae
608 5470 662 5529 hoc
677 5469 740 5527 loco
756 5471 786 5527 in
815 5471 933 5530 Hebreo
1022 5470 1380 5530 -UrbinasctPalaliu
1399 5490 1482 5531 mss..
1499 5474 1666 5532 extendent:
1684 5477 1813 5537 tumille

107 5557 335 5614 etSamaritano
363 5564 454 5615 textu
485 5559 624 5614 Hebraeae
646 5559 718 5631 legit
745 5570 809 5625 nult
833 5546 882 5631 Se,
908 5563 933 5618 el
986 5559 1074 5688 gaulo
1089 5562 1220 5631 pressius
1235 5562 1365 5634 Hebraeo,
1382 5564 1421 5619 ott
1442 5565 1585 5636 populum,
1612 5575 1677 5631 nun
1702 5550 1752 5636 See,
1781 5574 1814 5625 et

108 5641 201 5713 houm,
218 5647 247 5700 id
262 5650 307 5700 eet
321 5646 357 5700 cd
369 5646 504 5716 populum
519 5662 526 5702 :
541 5647 746 5703 Samaritanus
757 5658 821 5714 nen
837 5634 883 5718 hp,
903 5651 931 5706 al
1003 5630 1129 5688 mediet!
1143 5634 1179 5699 ei,
1196 5650 1247 5705 pro
1261 5636 1311 5690 ει).

20 5790 23 5795 ¹
107 5713 202 5787 haam,
217 5731 301 5789 snper
312 5716 359 5772 vel
373 5722 471 5775 contro
483 5718 628 5790 populum.
644 5722 735 5774 Mser.
1021 5720 1032 5755 ¹
1047 5719 1145 5777 Nostri
1161 5736 1231 5790 me„
1247 5723 1279 5779 ει
1292 5722 1394 5794 omnig,
1409 5726 1465 5780 ew,
