<?xml version="1.0" encoding="UTF-8"?>
<!DOCTYPE html PUBLIC "-//W3C//DTD XHTML 1.0 Transitional//EN"
    "http://www.w3.org/TR/xhtml1/DTD/xhtml1-transitional.dtd">
<html xmlns="http://www.w3.org/1999/xhtml" xml:lang="en" lang="en">
 <head>
  <title>
</title>
<meta http-equiv="Content-Type" content="text/html;charset=utf-8" />
  <meta name='ocr-system' content='tesseract 3.04.00' />
  <meta name='ocr-capabilities' content='ocr_page ocr_carea ocr_par ocr_line ocrx_word'/>
</head>
<body>
  <div class='ocr_page' id='page_1' title='image "./patrologiaecurs13goog_0508.png"; bbox 0 0 3878 6150; ppageno 0'>
   <div class='ocr_carea' id='block_1_1' title="bbox 486 231 1055 287">
    <p class='ocr_par' dir='ltr' id='par_1_1' title="bbox 486 231 1055 287">
     <span class='ocr_line' id='line_1_1' title="bbox 486 231 1055 287; baseline 0.002 -3"><span class='ocrx_word' id='word_1_1' title='bbox 486 231 595 287; x_wconf 73' lang='lat' dir='ltr'><strong>blatta</strong></span> <span class='ocrx_word' id='word_1_2' title='bbox 613 231 824 286; x_wconf 75' lang='lat' dir='ltr'><strong>uzacflmtts</strong></span> <span class='ocrx_word' id='word_1_3' title='bbox 845 231 1055 287; x_wconf 77' lang='lat' dir='ltr'><strong>PROPHETAE.</strong></span> 
     </span>
    </p>
   </div>
   <div class='ocr_carea' id='block_1_2' title="bbox 81 348 1622 4207">
    <p class='ocr_par' dir='ltr' id='par_1_2' title="bbox 81 348 1622 3764">
     <span class='ocr_line' id='line_1_2' title="bbox 82 348 1076 423; baseline 0.007 -21"><span class='ocrx_word' id='word_1_4' title='bbox 82 348 232 404; x_wconf 84' lang='lat' dir='ltr'><strong>nationem</strong></span> <span class='ocrx_word' id='word_1_5' title='bbox 250 354 281 405; x_wconf 94' lang='lat' dir='ltr'><strong>tu</strong></span> <span class='ocrx_word' id='word_1_6' title='bbox 297 350 368 407; x_wconf 86' lang='lat' dir='ltr'><strong>iacis</strong></span> <span class='ocrx_word' id='word_1_7' title='bbox 385 352 578 423; x_wconf 90' lang='lat' dir='ltr'><strong>reliquiarum</strong></span> <span class='ocrx_word' id='word_1_8' title='bbox 597 354 697 411; x_wconf 88' lang='lat' dir='ltr'><strong>Israel.</strong></span> <span class='ocrx_word' id='word_1_9' title='bbox 760 360 787 422; x_wconf 76' lang='grc' dir='ltr'>Α</span> <span class='ocrx_word' id='word_1_10' title='bbox 876 370 944 411; x_wconf 80' lang='lat' dir='ltr'><strong>cans</strong></span> <span class='ocrx_word' id='word_1_11' title='bbox 968 370 1076 411; x_wconf 87' lang='lat' dir='ltr'><strong>arans:</strong></span> 
     </span>
     <span class='ocr_line' id='line_1_3' title="bbox 83 371 1036 502; baseline 0.006 -28"><span class='ocrx_word' id='word_1_12' title='bbox 83 423 137 502; x_wconf 35' lang='lat' dir='ltr'><strong>&#39;est</strong></span> <span class='ocrx_word' id='word_1_13' title='bbox 150 420 272 476; x_wconf 81' lang='lat' dir='ltr'><strong>verbum</strong></span> <span class='ocrx_word' id='word_1_14' title='bbox 290 424 405 480; x_wconf 84' lang='lat' dir='ltr'><strong>Domini</strong></span> <span class='ocrx_word' id='word_1_15' title='bbox 422 429 457 480; x_wconf 90' lang='lat' dir='ltr'><strong>ad</strong></span> <span class='ocrx_word' id='word_1_16' title='bbox 475 425 671 495; x_wconf 68' lang='lat' dir='ltr'><strong>medicans:</strong></span> <span class='ocrx_word' id='word_1_17' title='bbox 802 424 876 488; x_wconf 87' lang='lat' dir='ltr'>Ouid</span> <span class='ocrx_word' id='word_1_18' title='bbox 893 431 923 482; x_wconf 89' lang='lat' dir='ltr'><strong>tu</strong></span> <span class='ocrx_word' id='word_1_19' title='bbox 941 371 1036 483; x_wconf 56' lang='lat' dir='ltr'><strong>licis?</strong></span> 
     </span>
     <span class='ocr_line' id='line_1_4' title="bbox 81 497 990 555; baseline 0.012 -11"><span class='ocrx_word' id='word_1_20' title='bbox 81 507 148 546; x_wconf 80' lang='lat' dir='ltr'><strong>rnre.</strong></span> <span class='ocrx_word' id='word_1_21' title='bbox 799 497 850 552; x_wconf 92' lang='lat' dir='ltr'><strong>Dic</strong></span> <span class='ocrx_word' id='word_1_22' title='bbox 866 498 901 552; x_wconf 88' lang='lat' dir='ltr'><strong>ad</strong></span> <span class='ocrx_word' id='word_1_23' title='bbox 919 512 990 555; x_wconf 89' lang='lat' dir='ltr'><strong>eos:</strong></span> 
     </span>
     <span class='ocr_line' id='line_1_5' title="bbox 82 563 1224 631; baseline 0.004 -14"><span class='ocrx_word' id='word_1_24' title='bbox 82 563 121 627; x_wconf 92' lang='lat' dir='ltr'><strong>ui,</strong></span> <span class='ocrx_word' id='word_1_25' title='bbox 137 563 241 618; x_wconf 83' lang='lat' dir='ltr'><strong>tratres</strong></span> <span class='ocrx_word' id='word_1_26' title='bbox 257 564 312 631; x_wconf 91' lang='lat' dir='ltr'><strong>tui,</strong></span> <span class='ocrx_word' id='word_1_27' title='bbox 798 573 865 624; x_wconf 76' lang='lat' dir='ltr'><strong>Hrco</strong></span> <span class='ocrx_word' id='word_1_28' title='bbox 880 568 952 624; x_wconf 87' lang='lat' dir='ltr'><strong>dicit</strong></span> <span class='ocrx_word' id='word_1_29' title='bbox 965 568 1108 625; x_wconf 81' lang='lat' dir='ltr'><strong>Dominus</strong></span> <span class='ocrx_word' id='word_1_30' title='bbox 1123 571 1199 623; x_wconf 87' lang='lat' dir='ltr'><strong>Deus</strong></span> <span class='ocrx_word' id='word_1_31' title='bbox 1217 584 1224 622; x_wconf 93' lang='lat'>:</span> 
     </span>
     <span class='ocr_line' id='line_1_6' title="bbox 82 633 1571 712; baseline 0.007 -24"><span class='ocrx_word' id='word_1_32' title='bbox 82 633 176 705; x_wconf 83' lang='lat' dir='ltr'><strong>›inqui</strong></span> <span class='ocrx_word' id='word_1_33' title='bbox 192 634 244 703; x_wconf 92' lang='lat' dir='ltr'><strong>tui,</strong></span> <span class='ocrx_word' id='word_1_34' title='bbox 262 641 290 691; x_wconf 89' lang='lat' dir='ltr'><strong>et</strong></span> <span class='ocrx_word' id='word_1_35' title='bbox 305 637 402 694; x_wconf 90' lang='lat' dir='ltr'><strong>omnis</strong></span> <span class='ocrx_word' id='word_1_36' title='bbox 417 640 523 696; x_wconf 89' lang='lat' dir='ltr'><strong>domus</strong></span> <span class='ocrx_word' id='word_1_37' title='bbox 538 640 640 712; x_wconf 90' lang='lat' dir='ltr'><strong>lsrael,</strong></span> <span class='ocrx_word' id='word_1_38' title='bbox 676 640 743 697; x_wconf 90' lang='lat' dir='ltr'><strong>uni·</strong></span> <span class='ocrx_word' id='word_1_39' title='bbox 796 645 890 712; x_wconf 83' lang='lat' dir='ltr'><strong>Super</strong></span> <span class='ocrx_word' id='word_1_40' title='bbox 906 641 1010 697; x_wconf 90' lang='lat' dir='ltr'><strong>ducem</strong></span> <span class='ocrx_word' id='word_1_41' title='bbox 1027 657 1102 696; x_wconf 91' lang='lat' dir='ltr'><strong>onus</strong></span> <span class='ocrx_word' id='word_1_42' title='bbox 1118 639 1208 709; x_wconf 91' lang='lat' dir='ltr'><strong>istud,</strong></span> <span class='ocrx_word' id='word_1_43' title='bbox 1223 640 1274 711; x_wconf 90' lang='lat' dir='ltr'><strong>qui</strong></span> <span class='ocrx_word' id='word_1_44' title='bbox 1289 645 1332 696; x_wconf 87' lang='lat' dir='ltr'><strong>est</strong></span> <span class='ocrx_word' id='word_1_45' title='bbox 1348 639 1377 695; x_wconf 92' lang='lat' dir='ltr'><strong>in</strong></span> <span class='ocrx_word' id='word_1_46' title='bbox 1393 641 1571 711; x_wconf 77' lang='lat' dir='ltr'><strong>Jerusalem,</strong></span> 
     </span>
     <span class='ocr_line' id='line_1_7' title="bbox 93 710 1622 787; baseline 0.004 -21"><span class='ocrx_word' id='word_1_47' title='bbox 93 775 99 787; x_wconf 33' lang='grc' dir='ltr'>Ι</span> <span class='ocrx_word' id='word_1_48' title='bbox 831 717 860 768; x_wconf 90' lang='lat' dir='ltr'><strong>et</strong></span> <span class='ocrx_word' id='word_1_49' title='bbox 875 728 965 784; x_wconf 90' lang='lat' dir='ltr'><strong>super</strong></span> <span class='ocrx_word' id='word_1_50' title='bbox 978 728 1095 769; x_wconf 88' lang='lat' dir='ltr'><strong>omnem</strong></span> <span class='ocrx_word' id='word_1_51' title='bbox 1111 712 1232 767; x_wconf 91' lang='lat' dir='ltr'><strong>domum</strong></span> <span class='ocrx_word' id='word_1_52' title='bbox 1250 710 1413 783; x_wconf 83' lang='lat' dir='ltr'><strong>lsrael,qun</strong></span> <span class='ocrx_word' id='word_1_53' title='bbox 1428 718 1473 770; x_wconf 91' lang='lat' dir='ltr'><strong>est</strong></span> <span class='ocrx_word' id='word_1_54' title='bbox 1484 713 1513 770; x_wconf 89' lang='lat' dir='ltr'><strong>in</strong></span> <span class='ocrx_word' id='word_1_55' title='bbox 1525 713 1622 772; x_wconf 86' lang='lat' dir='ltr'><strong>medio</strong></span> 
     </span>
     <span class='ocr_line' id='line_1_8' title="bbox 82 776 980 839; baseline 0.009 -8"><span class='ocrx_word' id='word_1_56' title='bbox 82 776 209 833; x_wconf 85' lang='lat' dir='ltr'><strong>lrxerunt</strong></span> <span class='ocrx_word' id='word_1_57' title='bbox 224 777 403 837; x_wconf 69' lang='lat' dir='ltr'>habitatores</span> <span class='ocrx_word' id='word_1_58' title='bbox 419 781 583 839; x_wconf 81' lang='lat' dir='ltr'><strong>Jerusalem</strong></span> <span class='ocrx_word' id='word_1_59' title='bbox 601 800 608 839; x_wconf 92' lang='lat'>:</span> <span class='ocrx_word' id='word_1_60' title='bbox 867 799 980 839; x_wconf 90' lang='lat' dir='ltr'><strong>eorum.</strong></span> 
     </span>
     <span class='ocr_line' id='line_1_9' title="bbox 82 848 1299 927; baseline 0.002 -23"><span class='ocrx_word' id='word_1_61' title='bbox 82 848 150 904; x_wconf 72' lang='lat' dir='ltr'><strong>edite</strong></span> <span class='ocrx_word' id='word_1_62' title='bbox 165 849 328 918; x_wconf 89' lang='lat' dir='ltr'><strong>aDomino,</strong></span> <span class='ocrx_word' id='word_1_63' title='bbox 796 855 847 910; x_wconf 89' lang='lat' dir='ltr'><strong>Dic</strong></span> <span class='ocrx_word' id='word_1_64' title='bbox 863 869 870 912; x_wconf 91' lang='lat'>:</span> <span class='ocrx_word' id='word_1_65' title='bbox 886 854 945 927; x_wconf 79' lang='lat' dir='ltr'><strong>ligo</strong></span> <span class='ocrx_word' id='word_1_66' title='bbox 961 857 1129 926; x_wconf 80' lang='lat' dir='ltr'><strong>portentum</strong></span> <span class='ocrx_word' id='word_1_67' title='bbox 1145 857 1274 909; x_wconf 80' lang='lat' dir='ltr'><strong>restrum</strong></span> <span class='ocrx_word' id='word_1_68' title='bbox 1293 870 1299 907; x_wconf 94' lang='lat'>:</span> 
     </span>
     <span class='ocr_line' id='line_1_10' title="bbox 82 923 1215 998; baseline 0.004 -24"><span class='ocrx_word' id='word_1_69' title='bbox 82 924 120 975; x_wconf 78' lang='lat' dir='ltr'><strong>tta</strong></span> <span class='ocrx_word' id='word_1_70' title='bbox 134 928 177 975; x_wconf 89' lang='lat' dir='ltr'><strong>est</strong></span> <span class='ocrx_word' id='word_1_71' title='bbox 193 923 314 978; x_wconf 86' lang='lat' dir='ltr'><strong>terrain</strong></span> <span class='ocrx_word' id='word_1_72' title='bbox 331 924 561 995; x_wconf 81' lang='lat' dir='ltr'><strong>possessionem.</strong></span> <span class='ocrx_word' id='word_1_73' title='bbox 831 926 979 998; x_wconf 90' lang='lat' dir='ltr'><strong>quomodo</strong></span> <span class='ocrx_word' id='word_1_74' title='bbox 996 924 1060 991; x_wconf 87' lang='lat' dir='ltr'><strong>ieci,</strong></span> <span class='ocrx_word' id='word_1_75' title='bbox 1076 923 1119 979; x_wconf 90' lang='lat' dir='ltr'><strong>sio</strong></span> <span class='ocrx_word' id='word_1_76' title='bbox 1135 923 1215 980; x_wconf 91' lang='lat' dir='ltr'><strong>illis:</strong></span> 
     </span>
     <span class='ocr_line' id='line_1_11' title="bbox 84 992 1588 1070; baseline 0.005 -24"><span class='ocrx_word' id='word_1_77' title='bbox 84 992 146 1047; x_wconf 83' lang='lat' dir='ltr'><strong>baec</strong></span> <span class='ocrx_word' id='word_1_78' title='bbox 163 993 233 1048; x_wconf 80' lang='lat' dir='ltr'><strong>dicit</strong></span> <span class='ocrx_word' id='word_1_79' title='bbox 246 993 389 1051; x_wconf 80' lang='lat' dir='ltr'><strong>Dominus</strong></span> <span class='ocrx_word' id='word_1_80' title='bbox 405 995 493 1062; x_wconf 89' lang='lat' dir='ltr'><strong>Deus,</strong></span> <span class='ocrx_word' id='word_1_81' title='bbox 830 998 859 1052; x_wconf 92' lang='lat' dir='ltr'><strong>in</strong></span> <span class='ocrx_word' id='word_1_82' title='bbox 872 996 1173 1070; x_wconf 87' lang='lat' dir='ltr'><strong>transmigrationem,</strong></span> <span class='ocrx_word' id='word_1_83' title='bbox 1188 999 1217 1052; x_wconf 91' lang='lat' dir='ltr'><strong>et</strong></span> <span class='ocrx_word' id='word_1_84' title='bbox 1231 995 1261 1049; x_wconf 92' lang='lat' dir='ltr'><strong>ia</strong></span> <span class='ocrx_word' id='word_1_85' title='bbox 1277 994 1475 1068; x_wconf 85' lang='lat' dir='ltr'><strong>captivitatem</strong></span> <span class='ocrx_word' id='word_1_86' title='bbox 1492 998 1588 1054; x_wconf 88' lang='lat' dir='ltr'><strong>ibunt.</strong></span> 
     </span>
     <span class='ocr_line' id='line_1_12' title="bbox 83 1063 1620 1143; baseline 0.006 -26"><span class='ocrx_word' id='word_1_87' title='bbox 83 1079 118 1135; x_wconf 87' lang='lat' dir='ltr'><strong>ge</strong></span> <span class='ocrx_word' id='word_1_88' title='bbox 133 1063 186 1119; x_wconf 88' lang='lat' dir='ltr'><strong>laci</strong></span> <span class='ocrx_word' id='word_1_89' title='bbox 202 1081 252 1119; x_wconf 83' lang='lat' dir='ltr'><strong>eos</strong></span> <span class='ocrx_word' id='word_1_90' title='bbox 265 1065 293 1120; x_wconf 94' lang='lat' dir='ltr'><strong>in</strong></span> <span class='ocrx_word' id='word_1_91' title='bbox 307 1067 457 1137; x_wconf 82' lang='lat' dir='ltr'><strong>gentibus,</strong></span> <span class='ocrx_word' id='word_1_92' title='bbox 794 1068 829 1123; x_wconf 83' lang='lat' dir='ltr'><strong>Et</strong></span> <span class='ocrx_word' id='word_1_93' title='bbox 843 1068 968 1140; x_wconf 60' lang='lat' dir='ltr'><strong>numqui</strong></span> <span class='ocrx_word' id='word_1_94' title='bbox 983 1072 1029 1125; x_wconf 90' lang='lat' dir='ltr'><strong>est</strong></span> <span class='ocrx_word' id='word_1_95' title='bbox 1043 1069 1073 1123; x_wconf 92' lang='lat' dir='ltr'><strong>in</strong></span> <span class='ocrx_word' id='word_1_96' title='bbox 1090 1067 1186 1123; x_wconf 92' lang='lat' dir='ltr'><strong>medio</strong></span> <span class='ocrx_word' id='word_1_97' title='bbox 1202 1083 1316 1133; x_wconf 90' lang='lat' dir='ltr'><strong>corum,</strong></span> <span class='ocrx_word' id='word_1_98' title='bbox 1341 1065 1370 1122; x_wconf 93' lang='lat' dir='ltr'><strong>in</strong></span> <span class='ocrx_word' id='word_1_99' title='bbox 1396 1067 1529 1125; x_wconf 89' lang='lat' dir='ltr'><strong>humeris</strong></span> <span class='ocrx_word' id='word_1_100' title='bbox 1551 1086 1620 1143; x_wconf 92' lang='lat' dir='ltr'><strong>por·</strong></span> 
     </span>
     <span class='ocr_line' id='line_1_13' title="bbox 82 1135 987 1210; baseline 0.006 -21"><span class='ocrx_word' id='word_1_101' title='bbox 82 1135 200 1205; x_wconf 88' lang='lat' dir='ltr'><strong>lispersi</strong></span> <span class='ocrx_word' id='word_1_102' title='bbox 216 1136 268 1208; x_wconf 77' lang='lat' dir='ltr'><strong>(lt.</strong></span> <span class='ocrx_word' id='word_1_103' title='bbox 288 1137 439 1209; x_wconf 78' lang='lat' dir='ltr'><strong>dissipavi)</strong></span> <span class='ocrx_word' id='word_1_104' title='bbox 453 1154 502 1194; x_wconf 88' lang='lat' dir='ltr'><strong>eos</strong></span> <span class='ocrx_word' id='word_1_105' title='bbox 518 1138 547 1193; x_wconf 91' lang='lat' dir='ltr'><strong>in</strong></span> <span class='ocrx_word' id='word_1_106' title='bbox 564 1138 649 1194; x_wconf 86' lang='lat' dir='ltr'><strong>terris</strong></span> <span class='ocrx_word' id='word_1_107' title='bbox 667 1154 673 1194; x_wconf 95' lang='lat'><strong>:</strong></span> <span class='ocrx_word' id='word_1_108' title='bbox 864 1141 987 1210; x_wconf 88' lang='lat' dir='ltr'><strong>tabitur,</strong></span> 
     </span>
     <span class='ocr_line' id='line_1_14' title="bbox 84 1206 1204 1284; baseline 0.003 -23"><span class='ocrx_word' id='word_1_109' title='bbox 84 1206 345 1263; x_wconf 80' lang='lat' dir='ltr'><strong>sanctificationem</strong></span> <span class='ocrx_word' id='word_1_110' title='bbox 363 1210 506 1266; x_wconf 90' lang='lat' dir='ltr'><strong>modicam</strong></span> <span class='ocrx_word' id='word_1_111' title='bbox 523 1209 553 1265; x_wconf 95' lang='lat' dir='ltr'><strong>in</strong></span> <span class='ocrx_word' id='word_1_112' title='bbox 570 1211 668 1281; x_wconf 85' lang='lat' dir='ltr'><strong>terris,</strong></span> <span class='ocrx_word' id='word_1_113' title='bbox 684 1211 720 1266; x_wconf 92' lang='lat' dir='ltr'><strong>ad</strong></span> <span class='ocrx_word' id='word_1_114' title='bbox 828 1211 858 1266; x_wconf 93' lang='lat' dir='ltr'><strong>in</strong></span> <span class='ocrx_word' id='word_1_115' title='bbox 874 1210 1000 1284; x_wconf 85' lang='lat' dir='ltr'><strong>caligine</strong></span> <span class='ocrx_word' id='word_1_116' title='bbox 1014 1209 1182 1281; x_wconf 87' lang='lat' dir='ltr'><strong>egredietur</strong></span> <span class='ocrx_word' id='word_1_117' title='bbox 1198 1226 1204 1264; x_wconf 93' lang='lat'>:</span> 
     </span>
     <span class='ocr_line' id='line_1_15' title="bbox 82 1279 1405 1354; baseline 0.004 -22"><span class='ocrx_word' id='word_1_118' title='bbox 82 1284 212 1333; x_wconf 66' lang='lat' dir='ltr'><strong>renerunt</strong></span> <span class='ocrx_word' id='word_1_119' title='bbox 228 1279 282 1351; x_wconf 69' lang='lat' dir='ltr'><strong>(rit.</strong></span> <span class='ocrx_word' id='word_1_120' title='bbox 298 1281 451 1353; x_wconf 84' lang='lat' dir='ltr'><strong>venerint).</strong></span> <span class='ocrx_word' id='word_1_121' title='bbox 793 1280 934 1338; x_wconf 76' lang='lat' dir='ltr'><strong>Periclem</strong></span> <span class='ocrx_word' id='word_1_122' title='bbox 952 1281 1124 1354; x_wconf 75' lang='lat' dir='ltr'><strong>perfodient,</strong></span> <span class='ocrx_word' id='word_1_123' title='bbox 1142 1286 1174 1337; x_wconf 95' lang='lat' dir='ltr'><strong>ut</strong></span> <span class='ocrx_word' id='word_1_124' title='bbox 1186 1281 1313 1336; x_wconf 87' lang='lat' dir='ltr'><strong>educant</strong></span> <span class='ocrx_word' id='word_1_125' title='bbox 1327 1295 1405 1350; x_wconf 89' lang='lat' dir='ltr'><strong>eum,</strong></span> 
     </span>
     <span class='ocr_line' id='line_1_16' title="bbox 82 1348 1620 1426; baseline 0.005 -23"><span class='ocrx_word' id='word_1_126' title='bbox 82 1348 198 1420; x_wconf 87' lang='lat' dir='ltr'><strong>loquere</strong></span> <span class='ocrx_word' id='word_1_127' title='bbox 215 1366 221 1403; x_wconf 91' lang='lat'>:</span> <span class='ocrx_word' id='word_1_128' title='bbox 827 1354 915 1410; x_wconf 84' lang='lat' dir='ltr'><strong>lanies</strong></span> <span class='ocrx_word' id='word_1_129' title='bbox 932 1354 997 1424; x_wconf 85' lang='lat' dir='ltr'><strong>ejus</strong></span> <span class='ocrx_word' id='word_1_130' title='bbox 1010 1353 1207 1425; x_wconf 90' lang='lat' dir='ltr'><strong>operietur,ut</strong></span> <span class='ocrx_word' id='word_1_131' title='bbox 1222 1368 1279 1408; x_wconf 93' lang='lat' dir='ltr'><strong>non</strong></span> <span class='ocrx_word' id='word_1_132' title='bbox 1294 1352 1391 1408; x_wconf 84' lang='lat' dir='ltr'><strong>videat</strong></span> <span class='ocrx_word' id='word_1_133' title='bbox 1401 1351 1487 1410; x_wconf 89' lang='lat' dir='ltr'><strong>oculo</strong></span> <span class='ocrx_word' id='word_1_134' title='bbox 1498 1355 1620 1426; x_wconf 88' lang='lat' dir='ltr'><strong>terram,</strong></span> 
     </span>
     <span class='ocr_line' id='line_1_17' title="bbox 82 1421 1400 1496; baseline 0.003 -21"><span class='ocrx_word' id='word_1_135' title='bbox 82 1421 217 1476; x_wconf 74' lang='lat' dir='ltr'><strong>lominus</strong></span> <span class='ocrx_word' id='word_1_136' title='bbox 232 1427 310 1478; x_wconf 85' lang='lat' dir='ltr'><strong>Deus</strong></span> <span class='ocrx_word' id='word_1_137' title='bbox 324 1440 330 1478; x_wconf 94' lang='lat'>:</span> <span class='ocrx_word' id='word_1_138' title='bbox 791 1424 825 1479; x_wconf 81' lang='lat' dir='ltr'><strong>llt</strong></span> <span class='ocrx_word' id='word_1_139' title='bbox 840 1425 995 1481; x_wconf 82' lang='lat' dir='ltr'><strong>extendam</strong></span> <span class='ocrx_word' id='word_1_140' title='bbox 1009 1429 1070 1481; x_wconf 89' lang='lat' dir='ltr'><strong>rste</strong></span> <span class='ocrx_word' id='word_1_141' title='bbox 1084 1439 1184 1480; x_wconf 91' lang='lat' dir='ltr'><strong>meum</strong></span> <span class='ocrx_word' id='word_1_142' title='bbox 1200 1440 1291 1496; x_wconf 91' lang='lat' dir='ltr'><strong>super</strong></span> <span class='ocrx_word' id='word_1_143' title='bbox 1305 1422 1400 1493; x_wconf 91' lang='lat' dir='ltr'><strong>illum,</strong></span> 
     </span>
     <span class='ocr_line' id='line_1_18' title="bbox 82 1494 1280 1569; baseline 0.003 -22"><span class='ocrx_word' id='word_1_144' title='bbox 82 1508 163 1548; x_wconf 86' lang='lat' dir='ltr'><strong>avos</strong></span> <span class='ocrx_word' id='word_1_145' title='bbox 178 1494 214 1548; x_wconf 92' lang='lat' dir='ltr'><strong>dc</strong></span> <span class='ocrx_word' id='word_1_146' title='bbox 229 1495 356 1566; x_wconf 87' lang='lat' dir='ltr'><strong>populis,</strong></span> <span class='ocrx_word' id='word_1_147' title='bbox 827 1495 860 1551; x_wconf 80' lang='lat' dir='ltr'><strong>llt</strong></span> <span class='ocrx_word' id='word_1_148' title='bbox 875 1496 1008 1569; x_wconf 77' lang='lat' dir='ltr'><strong>capietur</strong></span> <span class='ocrx_word' id='word_1_149' title='bbox 1021 1494 1051 1551; x_wconf 91' lang='lat' dir='ltr'><strong>in</strong></span> <span class='ocrx_word' id='word_1_150' title='bbox 1068 1511 1177 1568; x_wconf 87' lang='lat' dir='ltr'><strong>sagena</strong></span> <span class='ocrx_word' id='word_1_151' title='bbox 1193 1510 1257 1551; x_wconf 90' lang='lat' dir='ltr'><strong>mea</strong></span> <span class='ocrx_word' id='word_1_152' title='bbox 1272 1511 1280 1551; x_wconf 77' lang='grc' dir='ltr'>ι</span> 
     </span>
     <span class='ocr_line' id='line_1_19' title="bbox 82 1563 1618 1636; baseline 0.004 -18"><span class='ocrx_word' id='word_1_153' title='bbox 82 1563 123 1619; x_wconf 83' lang='lat' dir='ltr'><strong>‚bo</strong></span> <span class='ocrx_word' id='word_1_154' title='bbox 138 1565 173 1619; x_wconf 87' lang='lat' dir='ltr'><strong>de</strong></span> <span class='ocrx_word' id='word_1_155' title='bbox 190 1565 274 1621; x_wconf 87' lang='lat' dir='ltr'><strong>terris</strong></span> <span class='ocrx_word' id='word_1_156' title='bbox 289 1565 318 1619; x_wconf 91' lang='lat' dir='ltr'><strong>in</strong></span> <span class='ocrx_word' id='word_1_157' title='bbox 335 1565 442 1636; x_wconf 90' lang='lat' dir='ltr'><strong>quihus</strong></span> <span class='ocrx_word' id='word_1_158' title='bbox 459 1564 583 1636; x_wconf 87' lang='lat' dir='ltr'><strong>dispersi</strong></span> <span class='ocrx_word' id='word_1_159' title='bbox 599 1564 682 1633; x_wconf 87' lang='lat' dir='ltr'><strong>estis,</strong></span> <span class='ocrx_word' id='word_1_160' title='bbox 790 1566 826 1624; x_wconf 83' lang='lat' dir='ltr'><strong>Et</strong></span> <span class='ocrx_word' id='word_1_161' title='bbox 840 1569 985 1625; x_wconf 90' lang='lat' dir='ltr'><strong>adducam</strong></span> <span class='ocrx_word' id='word_1_162' title='bbox 996 1583 1063 1623; x_wconf 86' lang='lat' dir='ltr'><strong>eum</strong></span> <span class='ocrx_word' id='word_1_163' title='bbox 1075 1566 1104 1622; x_wconf 94' lang='lat' dir='ltr'><strong>in</strong></span> <span class='ocrx_word' id='word_1_164' title='bbox 1117 1564 1293 1636; x_wconf 75' lang='lat' dir='ltr'><strong>Babylonem</strong></span> <span class='ocrx_word' id='word_1_165' title='bbox 1308 1566 1337 1622; x_wconf 91' lang='lat' dir='ltr'><strong>in</strong></span> <span class='ocrx_word' id='word_1_166' title='bbox 1348 1567 1457 1623; x_wconf 86' lang='lat' dir='ltr'><strong>terram</strong></span> <span class='ocrx_word' id='word_1_167' title='bbox 1468 1565 1618 1625; x_wconf 80' lang='lat' dir='ltr'><strong>Chaldaeo·</strong></span> 
     </span>
     <span class='ocr_line' id='line_1_20' title="bbox 93 1636 955 1695; baseline 0.006 -5"><span class='ocrx_word' id='word_1_168' title='bbox 93 1636 175 1690; x_wconf 84' lang='lat' dir='ltr'><strong>vohis</strong></span> <span class='ocrx_word' id='word_1_169' title='bbox 192 1636 315 1691; x_wconf 91' lang='lat' dir='ltr'><strong>humum</strong></span> <span class='ocrx_word' id='word_1_170' title='bbox 333 1636 432 1692; x_wconf 87' lang='lat' dir='ltr'><strong>lsrael.</strong></span> <span class='ocrx_word' id='word_1_171' title='bbox 863 1656 929 1695; x_wconf 91' lang='lat' dir='ltr'><strong>rum</strong></span> <span class='ocrx_word' id='word_1_172' title='bbox 947 1655 955 1695; x_wconf 74' lang='grc' dir='ltr'><strong>ε</strong></span> 
     </span>
     <span class='ocr_line' id='line_1_21' title="bbox 82 1707 1453 1793; baseline 0.001 -31"><span class='ocrx_word' id='word_1_173' title='bbox 82 1712 163 1762; x_wconf 88' lang='lat' dir='ltr'><strong>entur</strong></span> <span class='ocrx_word' id='word_1_174' title='bbox 178 1707 248 1764; x_wconf 88' lang='lat' dir='ltr'><strong>illue</strong></span> <span class='ocrx_word' id='word_1_175' title='bbox 265 1725 271 1763; x_wconf 94' lang='lat'><strong>:</strong></span> <span class='ocrx_word' id='word_1_176' title='bbox 751 1727 774 1793; x_wconf 77' lang='grc' dir='ltr'><strong>Β</strong></span> <span class='ocrx_word' id='word_1_177' title='bbox 825 1714 853 1766; x_wconf 92' lang='lat' dir='ltr'><strong>et</strong></span> <span class='ocrx_word' id='word_1_178' title='bbox 869 1711 963 1782; x_wconf 91' lang='lat' dir='ltr'><strong>ipsam</strong></span> <span class='ocrx_word' id='word_1_179' title='bbox 980 1727 1038 1766; x_wconf 91' lang='lat' dir='ltr'><strong>nun</strong></span> <span class='ocrx_word' id='word_1_180' title='bbox 1052 1708 1172 1775; x_wconf 87' lang='lat' dir='ltr'><strong>videbit,</strong></span> <span class='ocrx_word' id='word_1_181' title='bbox 1187 1709 1287 1779; x_wconf 84' lang='lat' dir='ltr'><strong>ibique</strong></span> <span class='ocrx_word' id='word_1_182' title='bbox 1302 1709 1453 1765; x_wconf 89' lang='lat' dir='ltr'><strong>morietur.</strong></span> 
     </span>
     <span class='ocr_line' id='line_1_22' title="bbox 85 1779 1617 1855; baseline 0.003 -22"><span class='ocrx_word' id='word_1_183' title='bbox 85 1782 227 1836; x_wconf 89' lang='lat' dir='ltr'><strong>ntumnes</strong></span> <span class='ocrx_word' id='word_1_184' title='bbox 239 1779 734 1852; x_wconf 80' lang='lat' dir='ltr'><strong>ostensiones,cunctasqneabomi-</strong></span> <span class='ocrx_word' id='word_1_185' title='bbox 788 1781 1006 1855; x_wconf 80' lang='lat' dir='ltr'><strong>Etomnesqui</strong></span> <span class='ocrx_word' id='word_1_186' title='bbox 1022 1779 1183 1837; x_wconf 88' lang='lat' dir='ltr'><strong>circaeam</strong></span> <span class='ocrx_word' id='word_1_187' title='bbox 1200 1785 1279 1843; x_wconf 87' lang='lat' dir='ltr'><strong>sunt,</strong></span> <span class='ocrx_word' id='word_1_188' title='bbox 1296 1781 1466 1852; x_wconf 81' lang='lat' dir='ltr'><strong>presidium</strong></span> <span class='ocrx_word' id='word_1_189' title='bbox 1488 1782 1564 1851; x_wconf 75' lang='lat' dir='ltr'><strong>eius,</strong></span> <span class='ocrx_word' id='word_1_190' title='bbox 1587 1786 1617 1838; x_wconf 91' lang='lat' dir='ltr'><strong>et</strong></span> 
     </span>
     <span class='ocr_line' id='line_1_23' title="bbox 84 1850 1593 1926; baseline 0.003 -21"><span class='ocrx_word' id='word_1_191' title='bbox 84 1865 114 1905; x_wconf 88' lang='lat' dir='ltr'><strong>es</strong></span> <span class='ocrx_word' id='word_1_192' title='bbox 130 1853 192 1920; x_wconf 84' lang='lat' dir='ltr'><strong>rjus</strong></span> <span class='ocrx_word' id='word_1_193' title='bbox 208 1851 261 1921; x_wconf 77' lang='lat' dir='ltr'><strong>(lt.</strong></span> <span class='ocrx_word' id='word_1_194' title='bbox 277 1856 347 1906; x_wconf 83' lang='lat' dir='ltr'><strong>taret</strong></span> <span class='ocrx_word' id='word_1_195' title='bbox 362 1851 436 1921; x_wconf 80' lang='lat' dir='ltr'><strong>ojus)</strong></span> <span class='ocrx_word' id='word_1_196' title='bbox 452 1852 486 1906; x_wconf 89' lang='lat' dir='ltr'><strong>de</strong></span> <span class='ocrx_word' id='word_1_197' title='bbox 502 1850 564 1907; x_wconf 89' lang='lat' dir='ltr'><strong>illa.</strong></span> <span class='ocrx_word' id='word_1_198' title='bbox 859 1853 979 1926; x_wconf 89' lang='lat' dir='ltr'><strong>agmina</strong></span> <span class='ocrx_word' id='word_1_199' title='bbox 992 1853 1069 1925; x_wconf 89' lang='lat' dir='ltr'><strong>ejus,</strong></span> <span class='ocrx_word' id='word_1_200' title='bbox 1084 1852 1130 1908; x_wconf 89' lang='lat' dir='ltr'><strong>dis</strong></span> <span class='ocrx_word' id='word_1_201' title='bbox 1153 1852 1254 1908; x_wconf 85' lang='lat' dir='ltr'><strong>erdem</strong></span> <span class='ocrx_word' id='word_1_202' title='bbox 1270 1851 1300 1906; x_wconf 87' lang='lat' dir='ltr'><strong>iu</strong></span> <span class='ocrx_word' id='word_1_203' title='bbox 1316 1867 1433 1909; x_wconf 84' lang='lat' dir='ltr'><strong>omnem</strong></span> <span class='ocrx_word' id='word_1_204' title='bbox 1449 1861 1568 1910; x_wconf 86' lang='lat' dir='ltr'><strong>ventum</strong></span> <span class='ocrx_word' id='word_1_205' title='bbox 1586 1870 1593 1909; x_wconf 91' lang='lat'>:</span> 
     </span>
     <span class='ocr_line' id='line_1_24' title="bbox 82 1869 1327 2008; baseline 0.001 -32"><span class='ocrx_word' id='word_1_206' title='bbox 82 1938 260 1977; x_wconf 81' lang='lat' dir='ltr'><strong>acorunum</strong></span> <span class='ocrx_word' id='word_1_207' title='bbox 293 1992 298 2004; x_wconf 31' lang='lat'><strong>¹</strong></span> <span class='ocrx_word' id='word_1_208' title='bbox 823 1928 852 1980; x_wconf 88' lang='lat' dir='ltr'><strong>et</strong></span> <span class='ocrx_word' id='word_1_209' title='bbox 866 1925 997 2008; x_wconf 86' lang='lat' dir='ltr'><strong>gladium</strong></span> <span class='ocrx_word' id='word_1_210' title='bbox 1013 1869 1174 1997; x_wconf 60' lang='lat' dir='ltr'><strong>evaginaio</strong></span> <span class='ocrx_word' id='word_1_211' title='bbox 1187 1926 1253 1996; x_wconf 87' lang='lat' dir='ltr'><strong>post</strong></span> <span class='ocrx_word' id='word_1_212' title='bbox 1267 1937 1327 1980; x_wconf 87' lang='lat' dir='ltr'><strong>eos.</strong></span> 
     </span>
     <span class='ocr_line' id='line_1_25' title="bbox 82 1992 1262 2069; baseline 0.002 -22"><span class='ocrx_word' id='word_1_213' title='bbox 82 2009 124 2048; x_wconf 84' lang='lat' dir='ltr'><strong>rm</strong></span> <span class='ocrx_word' id='word_1_214' title='bbox 141 2010 248 2049; x_wconf 85' lang='lat' dir='ltr'><strong>novum</strong></span> <span class='ocrx_word' id='word_1_215' title='bbox 265 1993 391 2049; x_wconf 78' lang='lat' dir='ltr'><strong>tribuam</strong></span> <span class='ocrx_word' id='word_1_216' title='bbox 403 1994 431 2048; x_wconf 91' lang='lat' dir='ltr'><strong>in</strong></span> <span class='ocrx_word' id='word_1_217' title='bbox 441 1992 604 2049; x_wconf 86' lang='lat' dir='ltr'><strong>visceribus</strong></span> <span class='ocrx_word' id='word_1_218' title='bbox 619 2008 732 2051; x_wconf 83' lang='lat' dir='ltr'><strong>eorum:</strong></span> <span class='ocrx_word' id='word_1_219' title='bbox 788 1997 823 2053; x_wconf 81' lang='lat' dir='ltr'><strong>Et</strong></span> <span class='ocrx_word' id='word_1_220' title='bbox 839 2001 932 2053; x_wconf 76' lang='lat' dir='ltr'><strong>soient</strong></span> <span class='ocrx_word' id='word_1_221' title='bbox 946 1994 1016 2069; x_wconf 88' lang='lat' dir='ltr'><strong>quia</strong></span> <span class='ocrx_word' id='word_1_222' title='bbox 1030 2011 1083 2068; x_wconf 92' lang='lat' dir='ltr'><strong>ego</strong></span> <span class='ocrx_word' id='word_1_223' title='bbox 1099 1995 1262 2051; x_wconf 89' lang='lat' dir='ltr'><strong>Dominus:</strong></span> 
     </span>
     <span class='ocr_line' id='line_1_26' title="bbox 82 2064 1615 2140; baseline 0.003 -21"><span class='ocrx_word' id='word_1_224' title='bbox 82 2081 89 2119; x_wconf 86' lang='lat' dir='ltr'><strong>r</strong></span> <span class='ocrx_word' id='word_1_225' title='bbox 106 2080 156 2120; x_wconf 91' lang='lat' dir='ltr'><strong>cor</strong></span> <span class='ocrx_word' id='word_1_226' title='bbox 170 2064 317 2137; x_wconf 88' lang='lat' dir='ltr'><strong>lapideum</strong></span> <span class='ocrx_word' id='word_1_227' title='bbox 334 2066 370 2120; x_wconf 87' lang='lat' dir='ltr'><strong>de</strong></span> <span class='ocrx_word' id='word_1_228' title='bbox 384 2080 471 2121; x_wconf 86' lang='lat' dir='ltr'><strong>carne</strong></span> <span class='ocrx_word' id='word_1_229' title='bbox 486 2080 599 2134; x_wconf 82' lang='lat' dir='ltr'><strong>rorum,</strong></span> <span class='ocrx_word' id='word_1_230' title='bbox 824 2068 941 2139; x_wconf 90' lang='lat' dir='ltr'><strong>quando</strong></span> <span class='ocrx_word' id='word_1_231' title='bbox 956 2067 1122 2140; x_wconf 80' lang='lat' dir='ltr'><strong>dispersero</strong></span> <span class='ocrx_word' id='word_1_232' title='bbox 1137 2064 1203 2122; x_wconf 92' lang='lat' dir='ltr'><strong>illos</strong></span> <span class='ocrx_word' id='word_1_233' title='bbox 1218 2065 1248 2121; x_wconf 93' lang='lat' dir='ltr'><strong>in</strong></span> <span class='ocrx_word' id='word_1_234' title='bbox 1263 2065 1412 2138; x_wconf 83' lang='lat' dir='ltr'><strong>gentibus,</strong></span> <span class='ocrx_word' id='word_1_235' title='bbox 1429 2068 1458 2121; x_wconf 88' lang='lat' dir='ltr'><strong>et</strong></span> <span class='ocrx_word' id='word_1_236' title='bbox 1473 2066 1615 2125; x_wconf 87' lang='lat' dir='ltr'><strong>dissemi-</strong></span> 
     </span>
     <span class='ocr_line' id='line_1_27' title="bbox 82 2136 1187 2195; baseline 0.001 -4"><span class='ocrx_word' id='word_1_237' title='bbox 82 2136 121 2192; x_wconf 85' lang='lat' dir='ltr'><strong>eis</strong></span> <span class='ocrx_word' id='word_1_238' title='bbox 136 2153 185 2192; x_wconf 88' lang='lat' dir='ltr'><strong>eor</strong></span> <span class='ocrx_word' id='word_1_239' title='bbox 201 2152 338 2192; x_wconf 91' lang='lat' dir='ltr'><strong>carneum</strong></span> <span class='ocrx_word' id='word_1_240' title='bbox 356 2153 363 2191; x_wconf 78' lang='lat' dir='ltr'><em>z</em></span> <span class='ocrx_word' id='word_1_241' title='bbox 859 2156 965 2195; x_wconf 83' lang='lat' dir='ltr'><strong>naveru</strong></span> <span class='ocrx_word' id='word_1_242' title='bbox 980 2153 1030 2194; x_wconf 87' lang='lat' dir='ltr'><strong>soa</strong></span> <span class='ocrx_word' id='word_1_243' title='bbox 1045 2139 1075 2193; x_wconf 90' lang='lat' dir='ltr'><strong>in</strong></span> <span class='ocrx_word' id='word_1_244' title='bbox 1090 2137 1187 2193; x_wconf 85' lang='lat' dir='ltr'><strong>larris.</strong></span> 
     </span>
     <span class='ocr_line' id='line_1_28' title="bbox 81 2205 1613 2284; baseline 0.001 -21"><span class='ocrx_word' id='word_1_245' title='bbox 81 2207 157 2280; x_wconf 91' lang='lat' dir='ltr'><strong>eptis</strong></span> <span class='ocrx_word' id='word_1_246' title='bbox 174 2209 247 2264; x_wconf 86' lang='lat' dir='ltr'><strong>mais</strong></span> <span class='ocrx_word' id='word_1_247' title='bbox 263 2208 425 2274; x_wconf 78' lang='lat' dir='ltr'><strong>ambulent,</strong></span> <span class='ocrx_word' id='word_1_248' title='bbox 788 2210 974 2284; x_wconf 81' lang='lat' dir='ltr'><strong>Dtreliquam</strong></span> <span class='ocrx_word' id='word_1_249' title='bbox 990 2225 1024 2266; x_wconf 83' lang='lat' dir='ltr'><strong>rx</strong></span> <span class='ocrx_word' id='word_1_250' title='bbox 1039 2210 1082 2265; x_wconf 88' lang='lat' dir='ltr'><strong>eis</strong></span> <span class='ocrx_word' id='word_1_251' title='bbox 1097 2209 1176 2265; x_wconf 87' lang='lat' dir='ltr'><strong>viros</strong></span> <span class='ocrx_word' id='word_1_252' title='bbox 1191 2222 1310 2280; x_wconf 87' lang='lat' dir='ltr'><strong>paucos,</strong></span> <span class='ocrx_word' id='word_1_253' title='bbox 1327 2205 1466 2282; x_wconf 86' lang='lat' dir='ltr'><strong>agladio,</strong></span> <span class='ocrx_word' id='word_1_254' title='bbox 1482 2211 1512 2265; x_wconf 86' lang='lat' dir='ltr'><strong>et</strong></span> <span class='ocrx_word' id='word_1_255' title='bbox 1525 2208 1613 2277; x_wconf 84' lang='lat' dir='ltr'><strong>tame,</strong></span> 
     </span>
     <span class='ocr_line' id='line_1_29' title="bbox 82 2279 1093 2354; baseline 0.004 -21"><span class='ocrx_word' id='word_1_256' title='bbox 82 2296 92 2333; x_wconf 83' lang='lat' dir='ltr'><strong>a</strong></span> <span class='ocrx_word' id='word_1_257' title='bbox 108 2296 173 2335; x_wconf 88' lang='lat' dir='ltr'><strong>rnen</strong></span> <span class='ocrx_word' id='word_1_258' title='bbox 188 2279 366 2351; x_wconf 89' lang='lat' dir='ltr'><strong>custodiant,</strong></span> <span class='ocrx_word' id='word_1_259' title='bbox 383 2279 548 2350; x_wconf 81' lang='lat' dir='ltr'><strong>faciantque</strong></span> <span class='ocrx_word' id='word_1_260' title='bbox 562 2293 607 2346; x_wconf 84' lang='lat' dir='ltr'><strong>aa,</strong></span> <span class='ocrx_word' id='word_1_261' title='bbox 858 2284 886 2339; x_wconf 91' lang='lat' dir='ltr'><strong>et</strong></span> <span class='ocrx_word' id='word_1_262' title='bbox 901 2279 1069 2354; x_wconf 89' lang='lat' dir='ltr'><strong>pestilentia</strong></span> <span class='ocrx_word' id='word_1_263' title='bbox 1086 2297 1093 2337; x_wconf 91' lang='lat'>:</span> 
     </span>
     <span class='ocr_line' id='line_1_30' title="bbox 82 2348 1610 2423; baseline 0.003 -19"><span class='ocrx_word' id='word_1_264' title='bbox 82 2351 105 2404; x_wconf 82' lang='lat' dir='ltr'><strong>ri</strong></span> <span class='ocrx_word' id='word_1_265' title='bbox 121 2351 150 2405; x_wconf 87' lang='lat' dir='ltr'><strong>in</strong></span> <span class='ocrx_word' id='word_1_266' title='bbox 168 2352 322 2423; x_wconf 91' lang='lat' dir='ltr'><strong>populum,</strong></span> <span class='ocrx_word' id='word_1_267' title='bbox 822 2358 855 2409; x_wconf 93' lang='lat' dir='ltr'><strong>ut</strong></span> <span class='ocrx_word' id='word_1_268' title='bbox 869 2357 1008 2410; x_wconf 83' lang='lat' dir='ltr'><strong>enarrent</strong></span> <span class='ocrx_word' id='word_1_269' title='bbox 1021 2351 1120 2407; x_wconf 88' lang='lat' dir='ltr'><strong>omnia</strong></span> <span class='ocrx_word' id='word_1_270' title='bbox 1133 2349 1244 2408; x_wconf 84' lang='lat' dir='ltr'><strong>seelera</strong></span> <span class='ocrx_word' id='word_1_271' title='bbox 1257 2364 1359 2406; x_wconf 84' lang='lat' dir='ltr'><strong>aarum</strong></span> <span class='ocrx_word' id='word_1_272' title='bbox 1376 2348 1406 2406; x_wconf 93' lang='lat' dir='ltr'><strong>in</strong></span> <span class='ocrx_word' id='word_1_273' title='bbox 1421 2349 1559 2423; x_wconf 84' lang='lat' dir='ltr'><strong>gentibus</strong></span> <span class='ocrx_word' id='word_1_274' title='bbox 1574 2352 1610 2410; x_wconf 85' lang='lat' dir='ltr'><strong>ad</strong></span> 
     </span>
     <span class='ocr_line' id='line_1_31' title="bbox 83 2422 1174 2498; baseline 0 -21"><span class='ocrx_word' id='word_1_275' title='bbox 83 2438 111 2477; x_wconf 93' lang='lat' dir='ltr'><strong>m</strong></span> <span class='ocrx_word' id='word_1_276' title='bbox 126 2422 168 2478; x_wconf 90' lang='lat' dir='ltr'><strong>eis</strong></span> <span class='ocrx_word' id='word_1_277' title='bbox 183 2424 212 2478; x_wconf 89' lang='lat' dir='ltr'><strong>in</strong></span> <span class='ocrx_word' id='word_1_278' title='bbox 229 2424 333 2479; x_wconf 89' lang='lat' dir='ltr'><strong>Deum.</strong></span> <span class='ocrx_word' id='word_1_279' title='bbox 858 2441 933 2496; x_wconf 89' lang='lat' dir='ltr'><strong>quas</strong></span> <span class='ocrx_word' id='word_1_280' title='bbox 947 2423 1152 2498; x_wconf 78' lang='lat' dir='ltr'><strong>ingredientur</strong></span> <span class='ocrx_word' id='word_1_281' title='bbox 1167 2438 1174 2477; x_wconf 73' lang='grc' dir='ltr'><strong><em>ε</em></strong></span> 
     </span>
     <span class='ocr_line' id='line_1_32' title="bbox 84 2492 1401 2575; baseline 0.002 -28"><span class='ocrx_word' id='word_1_282' title='bbox 84 2499 174 2566; x_wconf 89' lang='lat' dir='ltr'><strong>rpost</strong></span> <span class='ocrx_word' id='word_1_283' title='bbox 185 2492 359 2550; x_wconf 80' lang='lat' dir='ltr'><strong>offendicula</strong></span> <span class='ocrx_word' id='word_1_284' title='bbox 370 2496 399 2548; x_wconf 92' lang='lat' dir='ltr'><strong>et</strong></span> <span class='ocrx_word' id='word_1_285' title='bbox 412 2492 647 2548; x_wconf 88' lang='lat' dir='ltr'><strong>abominationes</strong></span> <span class='ocrx_word' id='word_1_286' title='bbox 662 2508 732 2548; x_wconf 89' lang='lat' dir='ltr'><strong>suas</strong></span> <span class='ocrx_word' id='word_1_287' title='bbox 823 2498 852 2551; x_wconf 88' lang='lat' dir='ltr'><strong>et</strong></span> <span class='ocrx_word' id='word_1_288' title='bbox 866 2497 959 2552; x_wconf 89' lang='lat' dir='ltr'><strong>scient</strong></span> <span class='ocrx_word' id='word_1_289' title='bbox 974 2496 1044 2568; x_wconf 89' lang='lat' dir='ltr'><strong>quia</strong></span> <span class='ocrx_word' id='word_1_290' title='bbox 1059 2509 1112 2567; x_wconf 89' lang='lat' dir='ltr'><strong>ego</strong></span> <span class='ocrx_word' id='word_1_291' title='bbox 1128 2493 1278 2549; x_wconf 90' lang='lat' dir='ltr'><strong>Dominus.</strong></span> <span class='ocrx_word' id='word_1_292' title='bbox 1396 2562 1401 2575; x_wconf 41' lang='grc' dir='ltr'>Ι</span> 
     </span>
     <span class='ocr_line' id='line_1_33' title="bbox 82 2563 1493 2633; baseline 0.001 -13"><span class='ocrx_word' id='word_1_293' title='bbox 82 2577 120 2633; x_wconf 85' lang='lat' dir='ltr'><strong>at,</strong></span> <span class='ocrx_word' id='word_1_294' title='bbox 787 2567 822 2622; x_wconf 85' lang='lat' dir='ltr'><strong>llt</strong></span> <span class='ocrx_word' id='word_1_295' title='bbox 837 2567 931 2624; x_wconf 83' lang='lat' dir='ltr'><strong>laetus</strong></span> <span class='ocrx_word' id='word_1_296' title='bbox 945 2571 991 2624; x_wconf 87' lang='lat' dir='ltr'><strong>est</strong></span> <span class='ocrx_word' id='word_1_297' title='bbox 1005 2582 1101 2625; x_wconf 83' lang='lat' dir='ltr'><strong>sermo</strong></span> <span class='ocrx_word' id='word_1_298' title='bbox 1116 2563 1232 2621; x_wconf 88' lang='lat' dir='ltr'><strong>Domini</strong></span> <span class='ocrx_word' id='word_1_299' title='bbox 1247 2564 1284 2620; x_wconf 88' lang='lat' dir='ltr'><strong>ad</strong></span> <span class='ocrx_word' id='word_1_300' title='bbox 1300 2577 1358 2632; x_wconf 86' lang='lat' dir='ltr'><strong>me,</strong></span> <span class='ocrx_word' id='word_1_301' title='bbox 1373 2564 1493 2621; x_wconf 76' lang='lat' dir='ltr'><strong>dicens:</strong></span> 
     </span>
     <span class='ocr_line' id='line_1_34' title="bbox 82 2636 996 2708; baseline 0.003 -17"><span class='ocrx_word' id='word_1_302' title='bbox 82 2636 185 2693; x_wconf 86' lang='lat' dir='ltr'><strong>iamin</strong></span> <span class='ocrx_word' id='word_1_303' title='bbox 202 2637 296 2708; x_wconf 89' lang='lat' dir='ltr'><strong>capite</strong></span> <span class='ocrx_word' id='word_1_304' title='bbox 312 2653 365 2693; x_wconf 92' lang='lat' dir='ltr'><strong>suo</strong></span> <span class='ocrx_word' id='word_1_305' title='bbox 381 2651 487 2708; x_wconf 88' lang='lat' dir='ltr'><strong>ponam</strong></span> <span class='ocrx_word' id='word_1_306' title='bbox 504 2651 513 2691; x_wconf 73' lang='grc' dir='ltr'><strong>ι</strong></span> <span class='ocrx_word' id='word_1_307' title='bbox 788 2639 841 2694; x_wconf 81' lang='lat' dir='ltr'><strong>Fili</strong></span> <span class='ocrx_word' id='word_1_308' title='bbox 858 2638 996 2695; x_wconf 87' lang='lat' dir='ltr'><strong>hominis.</strong></span> 
     </span>
     <span class='ocr_line' id='line_1_35' title="bbox 82 2705 1465 2784; baseline -0.001 -21"><span class='ocrx_word' id='word_1_309' title='bbox 82 2708 171 2764; x_wconf 88' lang='lat' dir='ltr'><strong>ninus</strong></span> <span class='ocrx_word' id='word_1_310' title='bbox 188 2713 273 2763; x_wconf 89' lang='lat' dir='ltr'><strong>Deus.</strong></span> <span class='ocrx_word' id='word_1_311' title='bbox 822 2726 928 2784; x_wconf 88' lang='lat' dir='ltr'><strong>panem</strong></span> <span class='ocrx_word' id='word_1_312' title='bbox 943 2714 1026 2766; x_wconf 89' lang='lat' dir='ltr'><strong>tuum</strong></span> <span class='ocrx_word' id='word_1_313' title='bbox 1040 2708 1070 2764; x_wconf 90' lang='lat' dir='ltr'><strong>ia</strong></span> <span class='ocrx_word' id='word_1_314' title='bbox 1086 2705 1309 2763; x_wconf 81' lang='lat' dir='ltr'><strong>conturbatione</strong></span> <span class='ocrx_word' id='word_1_315' title='bbox 1323 2705 1442 2762; x_wconf 86' lang='lat' dir='ltr'><strong>comede</strong></span> <span class='ocrx_word' id='word_1_316' title='bbox 1458 2722 1465 2762; x_wconf 94' lang='lat'>:</span> 
     </span>
     <span class='ocr_line' id='line_1_36' title="bbox 82 2776 1610 2854; baseline 0.001 -20"><span class='ocrx_word' id='word_1_317' title='bbox 82 2786 142 2836; x_wconf 87' lang='lat' dir='ltr'><strong>unt</strong></span> <span class='ocrx_word' id='word_1_318' title='bbox 158 2779 299 2836; x_wconf 85' lang='lat' dir='ltr'><strong>cherubin</strong></span> <span class='ocrx_word' id='word_1_319' title='bbox 315 2778 377 2834; x_wconf 88' lang='lat' dir='ltr'><strong>alas</strong></span> <span class='ocrx_word' id='word_1_320' title='bbox 392 2796 462 2835; x_wconf 89' lang='lat' dir='ltr'><strong>suas</strong></span> <span class='ocrx_word' id='word_1_321' title='bbox 472 2782 501 2833; x_wconf 87' lang='lat' dir='ltr'><strong>et</strong></span> <span class='ocrx_word' id='word_1_322' title='bbox 511 2779 579 2834; x_wconf 78' lang='lat' dir='ltr'><strong>rota</strong></span> <span class='ocrx_word' id='word_1_323' title='bbox 593 2792 660 2833; x_wconf 89' lang='lat' dir='ltr'><strong>cum</strong></span> <span class='ocrx_word' id='word_1_324' title='bbox 673 2777 731 2833; x_wconf 82' lang='lat' dir='ltr'><strong>eis:</strong></span> <span class='ocrx_word' id='word_1_325' title='bbox 822 2782 872 2840; x_wconf 79' lang='lat' dir='ltr'><strong>aad</strong></span> <span class='ocrx_word' id='word_1_326' title='bbox 889 2781 942 2854; x_wconf 81' lang='lat' dir='ltr'><strong>(At.</strong></span> <span class='ocrx_word' id='word_1_327' title='bbox 952 2785 1023 2837; x_wconf 84' lang='lat' dir='ltr'><strong>terat</strong></span> <span class='ocrx_word' id='word_1_328' title='bbox 1036 2779 1100 2847; x_wconf 85' lang='lat' dir='ltr'><strong>sed)</strong></span> <span class='ocrx_word' id='word_1_329' title='bbox 1117 2783 1146 2835; x_wconf 91' lang='lat' dir='ltr'><strong>et</strong></span> <span class='ocrx_word' id='word_1_330' title='bbox 1161 2793 1270 2851; x_wconf 88' lang='lat' dir='ltr'><strong>aquam</strong></span> <span class='ocrx_word' id='word_1_331' title='bbox 1286 2781 1367 2833; x_wconf 85' lang='lat' dir='ltr'><strong>tunm</strong></span> <span class='ocrx_word' id='word_1_332' title='bbox 1379 2776 1411 2833; x_wconf 89' lang='lat' dir='ltr'><strong>in</strong></span> <span class='ocrx_word' id='word_1_333' title='bbox 1425 2776 1610 2835; x_wconf 69' lang='lat' dir='ltr'><strong>{estiuutione</strong></span> 
     </span>
     <span class='ocr_line' id='line_1_37' title="bbox 95 2849 1115 2922; baseline -0.003 -15"><span class='ocrx_word' id='word_1_334' title='bbox 95 2851 145 2907; x_wconf 89' lang='lat' dir='ltr'><strong>Dei</strong></span> <span class='ocrx_word' id='word_1_335' title='bbox 161 2850 249 2908; x_wconf 86' lang='lat' dir='ltr'><strong>Israel</strong></span> <span class='ocrx_word' id='word_1_336' title='bbox 267 2855 329 2906; x_wconf 89' lang='lat' dir='ltr'><strong>erat</strong></span> <span class='ocrx_word' id='word_1_337' title='bbox 343 2867 433 2922; x_wconf 84' lang='lat' dir='ltr'><strong>super</strong></span> <span class='ocrx_word' id='word_1_338' title='bbox 447 2866 490 2905; x_wconf 89' lang='lat' dir='ltr'><strong>ea.</strong></span> <span class='ocrx_word' id='word_1_339' title='bbox 857 2856 886 2908; x_wconf 89' lang='lat' dir='ltr'><strong>at</strong></span> <span class='ocrx_word' id='word_1_340' title='bbox 900 2867 1023 2908; x_wconf 85' lang='lat' dir='ltr'><strong>moerore</strong></span> <span class='ocrx_word' id='word_1_341' title='bbox 1038 2849 1115 2906; x_wconf 89' lang='lat' dir='ltr'><strong>bibe.</strong></span> 
     </span>
     <span class='ocr_line' id='line_1_38' title="bbox 82 2919 1243 2995; baseline -0.003 -18"><span class='ocrx_word' id='word_1_342' title='bbox 82 2922 196 2994; x_wconf 85' lang='lat' dir='ltr'><strong>tgloria</strong></span> <span class='ocrx_word' id='word_1_343' title='bbox 210 2923 323 2979; x_wconf 90' lang='lat' dir='ltr'><strong>Domini</strong></span> <span class='ocrx_word' id='word_1_344' title='bbox 339 2922 484 2978; x_wconf 89' lang='lat' dir='ltr'><strong>demedio</strong></span> <span class='ocrx_word' id='word_1_345' title='bbox 499 2919 636 2984; x_wconf 85' lang='lat' dir='ltr'><strong>civitatis,</strong></span> <span class='ocrx_word' id='word_1_346' title='bbox 786 2929 820 2981; x_wconf 75' lang='lat' dir='ltr'><strong>Et</strong></span> <span class='ocrx_word' id='word_1_347' title='bbox 834 2926 914 2981; x_wconf 82' lang='lat' dir='ltr'><strong>dices</strong></span> <span class='ocrx_word' id='word_1_348' title='bbox 930 2924 965 2979; x_wconf 80' lang='lat' dir='ltr'><strong>ad</strong></span> <span class='ocrx_word' id='word_1_349' title='bbox 980 2921 1122 2995; x_wconf 89' lang='lat' dir='ltr'><strong>populum</strong></span> <span class='ocrx_word' id='word_1_350' title='bbox 1135 2924 1219 2977; x_wconf 74' lang='lat' dir='ltr'><strong>terrm</strong></span> <span class='ocrx_word' id='word_1_351' title='bbox 1235 2935 1243 2979; x_wconf 75' lang='grc' dir='ltr'><strong><em>ε</em></strong></span> 
     </span>
     <span class='ocr_line' id='line_1_39' title="bbox 82 2988 1613 3078; baseline -0.004 -24"><span class='ocrx_word' id='word_1_352' title='bbox 82 3017 85 3044; x_wconf 75' lang='grc' dir='ltr'>ι</span> <span class='ocrx_word' id='word_1_353' title='bbox 100 3011 189 3066; x_wconf 85' lang='lat' dir='ltr'><strong>super</strong></span> <span class='ocrx_word' id='word_1_354' title='bbox 204 3000 331 3051; x_wconf 83' lang='lat' dir='ltr'><strong>montem</strong></span> <span class='ocrx_word' id='word_1_355' title='bbox 349 2995 398 3065; x_wconf 68' lang='lat' dir='ltr'><strong>qai</strong></span> <span class='ocrx_word' id='word_1_356' title='bbox 414 2999 459 3049; x_wconf 81' lang='lat' dir='ltr'><strong>est</strong></span> <span class='ocrx_word' id='word_1_357' title='bbox 474 2992 510 3048; x_wconf 82' lang='lat' dir='ltr'><strong>ad</strong></span> <span class='ocrx_word' id='word_1_358' title='bbox 526 2993 665 3048; x_wconf 78' lang='lat' dir='ltr'><strong>orientem</strong></span> <span class='ocrx_word' id='word_1_359' title='bbox 787 2997 853 3053; x_wconf 83' lang='lat' dir='ltr'><strong>Hae</strong></span> <span class='ocrx_word' id='word_1_360' title='bbox 869 2995 941 3051; x_wconf 88' lang='lat' dir='ltr'><strong>dicit</strong></span> <span class='ocrx_word' id='word_1_361' title='bbox 956 2994 1096 3078; x_wconf 79' lang='lat' dir='ltr'><strong>Dominus</strong></span> <span class='ocrx_word' id='word_1_362' title='bbox 1109 2999 1188 3050; x_wconf 86' lang='lat' dir='ltr'><strong>Deua</strong></span> <span class='ocrx_word' id='word_1_363' title='bbox 1198 2992 1233 3048; x_wconf 90' lang='lat' dir='ltr'><strong>ad</strong></span> <span class='ocrx_word' id='word_1_364' title='bbox 1245 3006 1296 3048; x_wconf 85' lang='lat' dir='ltr'><strong>cos</strong></span> <span class='ocrx_word' id='word_1_365' title='bbox 1306 2989 1357 3062; x_wconf 89' lang='lat' dir='ltr'><strong>qui</strong></span> <span class='ocrx_word' id='word_1_366' title='bbox 1367 2988 1502 3047; x_wconf 87' lang='lat' dir='ltr'><strong>habitant</strong></span> <span class='ocrx_word' id='word_1_367' title='bbox 1514 2990 1545 3048; x_wconf 88' lang='lat' dir='ltr'><strong>in</strong></span> <span class='ocrx_word' id='word_1_368' title='bbox 1559 2990 1613 3048; x_wconf 83' lang='lat' dir='ltr'><strong>Ja-</strong></span> 
     </span>
     <span class='ocr_line' id='line_1_40' title="bbox 82 3062 1439 3216; baseline 0.001 -29"><span class='ocrx_word' id='word_1_369' title='bbox 82 3136 204 3193; x_wconf 72' lang='lat' dir='ltr'><strong>.levavit</strong></span> <span class='ocrx_word' id='word_1_370' title='bbox 220 3154 276 3205; x_wconf 86' lang='lat' dir='ltr'><strong>rna,</strong></span> <span class='ocrx_word' id='word_1_371' title='bbox 608 3204 615 3216; x_wconf 38' lang='grc'><strong>.</strong></span> <span class='ocrx_word' id='word_1_372' title='bbox 748 3096 770 3163; x_wconf 74' lang='lat' dir='ltr'><strong>c</strong></span> <span class='ocrx_word' id='word_1_373' title='bbox 788 3066 1002 3196; x_wconf 53' lang='lat' dir='ltr'><strong>Panernlrsgffiiin</strong></span> <span class='ocrx_word' id='word_1_374' title='bbox 1014 3082 1048 3193; x_wconf 56' lang='lat' dir='ltr'><strong>ii</strong></span> <span class='ocrx_word' id='word_1_375' title='bbox 1060 3062 1265 3192; x_wconf 45' lang='lat' dir='ltr'><strong>tsiriffiiltsurriiorls</strong></span> <span class='ocrx_word' id='word_1_376' title='bbox 1275 3133 1439 3216; x_wconf 82' lang='lat' dir='ltr'><strong>comedent,</strong></span> 
     </span>
     <span class='ocr_line' id='line_1_41' title="bbox 82 3205 1458 3282; baseline -0.003 -19"><span class='ocrx_word' id='word_1_377' title='bbox 82 3225 125 3280; x_wconf 63' lang='lat' dir='ltr'><strong>[ne</strong></span> <span class='ocrx_word' id='word_1_378' title='bbox 139 3210 168 3265; x_wconf 92' lang='lat' dir='ltr'><strong>in</strong></span> <span class='ocrx_word' id='word_1_379' title='bbox 184 3209 348 3264; x_wconf 82' lang='lat' dir='ltr'><strong>Chaldaeum</strong></span> <span class='ocrx_word' id='word_1_380' title='bbox 364 3209 400 3264; x_wconf 92' lang='lat' dir='ltr'><strong>nd</strong></span> <span class='ocrx_word' id='word_1_381' title='bbox 415 3205 715 3276; x_wconf 76' lang='lat' dir='ltr'><strong>transmigrationem,</strong></span> <span class='ocrx_word' id='word_1_382' title='bbox 824 3214 853 3266; x_wconf 88' lang='lat' dir='ltr'><strong>et</strong></span> <span class='ocrx_word' id='word_1_383' title='bbox 868 3225 974 3282; x_wconf 86' lang='lat' dir='ltr'><strong>aquam</strong></span> <span class='ocrx_word' id='word_1_384' title='bbox 991 3223 1077 3264; x_wconf 90' lang='lat' dir='ltr'><strong>suam</strong></span> <span class='ocrx_word' id='word_1_385' title='bbox 1092 3207 1123 3262; x_wconf 93' lang='lat' dir='ltr'><strong>in</strong></span> <span class='ocrx_word' id='word_1_386' title='bbox 1139 3205 1320 3262; x_wconf 76' lang='lat' dir='ltr'><strong>desolatione</strong></span> <span class='ocrx_word' id='word_1_387' title='bbox 1334 3205 1435 3260; x_wconf 76' lang='lat' dir='ltr'><strong>bibent</strong></span> <span class='ocrx_word' id='word_1_388' title='bbox 1450 3220 1458 3259; x_wconf 80' lang='lat' dir='ltr'><em>z</em></span> 
     </span>
     <span class='ocr_line' id='line_1_42' title="bbox 82 3276 1397 3352; baseline -0.008 -11"><span class='ocrx_word' id='word_1_389' title='bbox 82 3297 114 3350; x_wconf 76' lang='lat' dir='ltr'><strong>re,</strong></span> <span class='ocrx_word' id='word_1_390' title='bbox 131 3281 159 3335; x_wconf 85' lang='lat' dir='ltr'><strong>in</strong></span> <span class='ocrx_word' id='word_1_391' title='bbox 176 3281 281 3352; x_wconf 77' lang='lat' dir='ltr'><strong>spiritu</strong></span> <span class='ocrx_word' id='word_1_392' title='bbox 299 3281 347 3334; x_wconf 80' lang='lat' dir='ltr'><strong>Dei</strong></span> <span class='ocrx_word' id='word_1_393' title='bbox 365 3296 371 3334; x_wconf 70' lang='grc' dir='ltr'><em>τ</em></span> <span class='ocrx_word' id='word_1_394' title='bbox 789 3286 825 3339; x_wconf 86' lang='lat' dir='ltr'><strong>Ut</strong></span> <span class='ocrx_word' id='word_1_395' title='bbox 839 3279 989 3337; x_wconf 87' lang='lat' dir='ltr'><strong>desoletur</strong></span> <span class='ocrx_word' id='word_1_396' title='bbox 1003 3283 1079 3335; x_wconf 85' lang='lat' dir='ltr'><strong>terra</strong></span> <span class='ocrx_word' id='word_1_397' title='bbox 1094 3297 1112 3335; x_wconf 93' lang='lat' dir='ltr'><strong>a</strong></span> <span class='ocrx_word' id='word_1_398' title='bbox 1126 3276 1319 3333; x_wconf 90' lang='lat' dir='ltr'><strong>multitudine</strong></span> <span class='ocrx_word' id='word_1_399' title='bbox 1333 3292 1397 3343; x_wconf 89' lang='lat' dir='ltr'><strong>sua,</strong></span> 
     </span>
     <span class='ocr_line' id='line_1_43' title="bbox 82 3344 1612 3436; baseline -0.007 -21"><span class='ocrx_word' id='word_1_400' title='bbox 82 3357 107 3407; x_wconf 71' lang='lat' dir='ltr'><strong>io</strong></span> <span class='ocrx_word' id='word_1_401' title='bbox 121 3357 166 3407; x_wconf 69' lang='lat' dir='ltr'><strong>esi</strong></span> <span class='ocrx_word' id='word_1_402' title='bbox 181 3369 197 3407; x_wconf 73' lang='lat' dir='ltr'><strong>a</strong></span> <span class='ocrx_word' id='word_1_403' title='bbox 212 3368 259 3406; x_wconf 76' lang='lat' dir='ltr'><strong>me</strong></span> <span class='ocrx_word' id='word_1_404' title='bbox 274 3351 359 3414; x_wconf 74' lang='lat' dir='ltr'><strong>visiO.</strong></span> <span class='ocrx_word' id='word_1_405' title='bbox 376 3364 463 3420; x_wconf 67' lang='lat' dir='ltr'><strong>quam</strong></span> <span class='ocrx_word' id='word_1_406' title='bbox 478 3348 618 3403; x_wconf 65' lang='lat' dir='ltr'><strong>videram·</strong></span> <span class='ocrx_word' id='word_1_407' title='bbox 824 3356 943 3436; x_wconf 86' lang='lat' dir='ltr'><strong>propter</strong></span> <span class='ocrx_word' id='word_1_408' title='bbox 956 3349 1145 3423; x_wconf 87' lang='lat' dir='ltr'><strong>iniquitatem</strong></span> <span class='ocrx_word' id='word_1_409' title='bbox 1160 3348 1293 3404; x_wconf 91' lang='lat' dir='ltr'><strong>omnium</strong></span> <span class='ocrx_word' id='word_1_410' title='bbox 1307 3346 1357 3419; x_wconf 92' lang='lat' dir='ltr'><strong>qni</strong></span> <span class='ocrx_word' id='word_1_411' title='bbox 1374 3344 1552 3403; x_wconf 82' lang='lat' dir='ltr'><strong>habitantia</strong></span> <span class='ocrx_word' id='word_1_412' title='bbox 1567 3361 1612 3405; x_wconf 86' lang='lat' dir='ltr'><strong>aa.</strong></span> 
     </span>
     <span class='ocr_line' id='line_1_44' title="bbox 93 3416 1612 3550; baseline -0.005 -70"><span class='ocrx_word' id='word_1_413' title='bbox 93 3441 158 3480; x_wconf 91' lang='lat' dir='ltr'><strong>sum</strong></span> <span class='ocrx_word' id='word_1_414' title='bbox 174 3425 210 3479; x_wconf 88' lang='lat' dir='ltr'><strong>ad</strong></span> <span class='ocrx_word' id='word_1_415' title='bbox 224 3422 515 3494; x_wconf 80' lang='lat' dir='ltr'><strong>transmigrationem</strong></span> <span class='ocrx_word' id='word_1_416' title='bbox 532 3417 632 3475; x_wconf 91' lang='lat' dir='ltr'><strong>omnia</strong></span> <span class='ocrx_word' id='word_1_417' title='bbox 646 3419 734 3475; x_wconf 90' lang='lat' dir='ltr'><strong>verba</strong></span> <span class='ocrx_word' id='word_1_418' title='bbox 788 3424 822 3479; x_wconf 79' lang='lat' dir='ltr'><strong>Ita</strong></span> <span class='ocrx_word' id='word_1_419' title='bbox 836 3424 968 3480; x_wconf 75' lang='lat' dir='ltr'><strong>civitates</strong></span> <span class='ocrx_word' id='word_1_420' title='bbox 983 3437 1047 3550; x_wconf 53' lang='lat' dir='ltr'><strong>qtae</strong></span> <span class='ocrx_word' id='word_1_421' title='bbox 1062 3436 1141 3477; x_wconf 90' lang='lat' dir='ltr'><strong>nuno</strong></span> <span class='ocrx_word' id='word_1_422' title='bbox 1156 3420 1336 3488; x_wconf 88' lang='lat' dir='ltr'><strong>habitantur,</strong></span> <span class='ocrx_word' id='word_1_423' title='bbox 1352 3416 1489 3475; x_wconf 78' lang='lat' dir='ltr'><strong>desolate</strong></span> <span class='ocrx_word' id='word_1_424' title='bbox 1514 3421 1612 3489; x_wconf 85' lang='lat' dir='ltr'><strong>erunt,</strong></span> 
     </span>
     <span class='ocr_line' id='line_1_45' title="bbox 82 3495 1146 3561; baseline 0 -12"><span class='ocrx_word' id='word_1_425' title='bbox 82 3495 110 3561; x_wconf 81' lang='lat' dir='ltr'><strong>ri,</strong></span> <span class='ocrx_word' id='word_1_426' title='bbox 860 3499 935 3551; x_wconf 89' lang='lat' dir='ltr'><strong>terra</strong></span> <span class='ocrx_word' id='word_1_427' title='bbox 958 3508 994 3550; x_wconf 88' lang='lat' dir='ltr'><strong>uc</strong></span> <span class='ocrx_word' id='word_1_428' title='bbox 1028 3497 1146 3550; x_wconf 87' lang='lat' dir='ltr'><strong>eaerta:</strong></span> 
     </span>
     <span class='ocr_line' id='line_1_46' title="bbox 82 3510 1398 3644; baseline -0.002 -24"><span class='ocrx_word' id='word_1_429' title='bbox 82 3567 191 3621; x_wconf 74' lang='lat' dir='ltr'><strong>rnrlerat</strong></span> <span class='ocrx_word' id='word_1_430' title='bbox 205 3565 288 3620; x_wconf 91' lang='lat' dir='ltr'><strong>mihi.</strong></span> <span class='ocrx_word' id='word_1_431' title='bbox 823 3566 922 3623; x_wconf 85' lang='lat' dir='ltr'><strong>scistis</strong></span> <span class='ocrx_word' id='word_1_432' title='bbox 937 3510 1008 3635; x_wconf 61' lang='lat' dir='ltr'><strong>guia</strong></span> <span class='ocrx_word' id='word_1_433' title='bbox 1021 3580 1074 3638; x_wconf 85' lang='lat' dir='ltr'><strong>ego</strong></span> <span class='ocrx_word' id='word_1_434' title='bbox 1088 3562 1243 3620; x_wconf 91' lang='lat' dir='ltr'><strong>Dominus.</strong></span> <span class='ocrx_word' id='word_1_435' title='bbox 1391 3629 1398 3644; x_wconf 43' lang='lat'><strong>·</strong></span> 
     </span>
     <span class='ocr_line' id='line_1_47' title="bbox 88 3630 1481 3764; baseline -0.004 -72"><span class='ocrx_word' id='word_1_436' title='bbox 88 3638 121 3693; x_wconf 81' lang='lat' dir='ltr'><strong>ln</strong></span> <span class='ocrx_word' id='word_1_437' title='bbox 136 3638 230 3693; x_wconf 84' lang='lat' dir='ltr'><strong>tactus</strong></span> <span class='ocrx_word' id='word_1_438' title='bbox 244 3641 288 3692; x_wconf 89' lang='lat' dir='ltr'><strong>est</strong></span> <span class='ocrx_word' id='word_1_439' title='bbox 303 3649 399 3691; x_wconf 90' lang='lat' dir='ltr'><strong>sermo</strong></span> <span class='ocrx_word' id='word_1_440' title='bbox 416 3633 529 3690; x_wconf 88' lang='lat' dir='ltr'><strong>Domini</strong></span> <span class='ocrx_word' id='word_1_441' title='bbox 545 3633 581 3689; x_wconf 89' lang='lat' dir='ltr'><strong>ad</strong></span> <span class='ocrx_word' id='word_1_442' title='bbox 606 3647 665 3699; x_wconf 84' lang='lat' dir='ltr'><strong>me,</strong></span> <span class='ocrx_word' id='word_1_443' title='bbox 689 3632 732 3689; x_wconf 93' lang='lat' dir='ltr'><strong>di·</strong></span> <span class='ocrx_word' id='word_1_444' title='bbox 787 3637 931 3764; x_wconf 56' lang='lat' dir='ltr'><strong>Etllalptus</strong></span> <span class='ocrx_word' id='word_1_445' title='bbox 946 3640 991 3693; x_wconf 92' lang='lat' dir='ltr'><strong>est</strong></span> <span class='ocrx_word' id='word_1_446' title='bbox 1005 3651 1102 3692; x_wconf 89' lang='lat' dir='ltr'><strong>sermo</strong></span> <span class='ocrx_word' id='word_1_447' title='bbox 1117 3633 1232 3691; x_wconf 88' lang='lat' dir='ltr'><strong>Domini</strong></span> <span class='ocrx_word' id='word_1_448' title='bbox 1248 3631 1284 3688; x_wconf 88' lang='lat' dir='ltr'><strong>ad</strong></span> <span class='ocrx_word' id='word_1_449' title='bbox 1298 3648 1355 3703; x_wconf 90' lang='lat' dir='ltr'><strong>me,</strong></span> <span class='ocrx_word' id='word_1_450' title='bbox 1370 3630 1481 3688; x_wconf 75' lang='lat' dir='ltr'><strong>dicens.</strong></span> 
     </span>
    </p>

    <p class='ocr_par' dir='ltr' id='par_1_3' title="bbox 82 3706 1613 4207">
     <span class='ocr_line' id='line_1_48' title="bbox 788 3706 998 3772; baseline -0.005 -8"><span class='ocrx_word' id='word_1_451' title='bbox 788 3709 840 3764; x_wconf 73' lang='lat' dir='ltr'><strong>liii</strong></span> <span class='ocrx_word' id='word_1_452' title='bbox 878 3706 998 3772; x_wconf 82' lang='lat' dir='ltr'><strong>ominis,</strong></span> 
     </span>
     <span class='ocr_line' id='line_1_49' title="bbox 82 3771 1611 3849; baseline -0.006 -14"><span class='ocrx_word' id='word_1_453' title='bbox 82 3780 117 3845; x_wconf 91' lang='lat' dir='ltr'><strong>is,</strong></span> <span class='ocrx_word' id='word_1_454' title='bbox 132 3779 162 3835; x_wconf 92' lang='lat' dir='ltr'><strong>in</strong></span> <span class='ocrx_word' id='word_1_455' title='bbox 179 3777 275 3834; x_wconf 88' lang='lat' dir='ltr'><strong>modio</strong></span> <span class='ocrx_word' id='word_1_456' title='bbox 290 3779 397 3833; x_wconf 89' lang='lat' dir='ltr'><strong>domus</strong></span> <span class='ocrx_word' id='word_1_457' title='bbox 416 3792 484 3832; x_wconf 82' lang='lat' dir='ltr'><strong>rxas</strong></span> <span class='ocrx_word' id='word_1_458' title='bbox 506 3775 616 3832; x_wconf 85' lang='lat' dir='ltr'><strong>arantis</strong></span> <span class='ocrx_word' id='word_1_459' title='bbox 630 3779 662 3830; x_wconf 88' lang='lat' dir='ltr'><strong>tu</strong></span> <span class='ocrx_word' id='word_1_460' title='bbox 679 3775 733 3831; x_wconf 89' lang='lat' dir='ltr'><strong>ha·</strong></span> <span class='ocrx_word' id='word_1_461' title='bbox 825 3780 902 3849; x_wconf 89' lang='lat' dir='ltr'><strong>qued</strong></span> <span class='ocrx_word' id='word_1_462' title='bbox 918 3782 963 3834; x_wconf 90' lang='lat' dir='ltr'><strong>est</strong></span> <span class='ocrx_word' id='word_1_463' title='bbox 979 3776 1166 3849; x_wconf 86' lang='lat' dir='ltr'><strong>proverbium</strong></span> <span class='ocrx_word' id='word_1_464' title='bbox 1181 3774 1259 3830; x_wconf 89' lang='lat' dir='ltr'><strong>istud</strong></span> <span class='ocrx_word' id='word_1_465' title='bbox 1272 3772 1355 3829; x_wconf 83' lang='lat' dir='ltr'><strong>vohis</strong></span> <span class='ocrx_word' id='word_1_466' title='bbox 1369 3772 1398 3827; x_wconf 93' lang='lat' dir='ltr'><strong>in</strong></span> <span class='ocrx_word' id='word_1_467' title='bbox 1415 3776 1493 3827; x_wconf 89' lang='lat' dir='ltr'><strong>terra</strong></span> <span class='ocrx_word' id='word_1_468' title='bbox 1509 3771 1611 3841; x_wconf 86' lang='lat' dir='ltr'><strong>lsrael,</strong></span> 
     </span>
     <span class='ocr_line' id='line_1_50' title="bbox 97 3793 1578 3927; baseline -0.001 -21"><span class='ocrx_word' id='word_1_469' title='bbox 97 3793 733 3921; x_wconf 56' lang='lat' dir='ltr'><strong>quioculoshahcntadvidendumetnon</strong></span> <span class='ocrx_word' id='word_1_470' title='bbox 824 3850 1010 3906; x_wconf 88' lang='lat' dir='ltr'><strong>dicentium:</strong></span> <span class='ocrx_word' id='word_1_471' title='bbox 1182 3915 1187 3927; x_wconf 32' lang='grc' dir='ltr'><strong><em>ι</em></strong></span> <span class='ocrx_word' id='word_1_472' title='bbox 1347 3911 1385 3925; x_wconf 90' lang='lat'><strong>..</strong></span> <span class='ocrx_word' id='word_1_473' title='bbox 1485 3911 1492 3924; x_wconf 34' lang='grc' dir='ltr'>ι</span> <span class='ocrx_word' id='word_1_474' title='bbox 1543 3910 1578 3926; x_wconf 88' lang='lat'><strong>..</strong></span> 
     </span>
     <span class='ocr_line' id='line_1_51' title="bbox 83 3911 1613 3990; baseline -0.006 -12"><span class='ocrx_word' id='word_1_475' title='bbox 83 3929 121 3978; x_wconf 87' lang='lat' dir='ltr'><strong>:et</strong></span> <span class='ocrx_word' id='word_1_476' title='bbox 136 3938 222 3978; x_wconf 85' lang='lat' dir='ltr'><strong>aures</strong></span> <span class='ocrx_word' id='word_1_477' title='bbox 239 3921 274 3976; x_wconf 90' lang='lat' dir='ltr'><strong>ad</strong></span> <span class='ocrx_word' id='word_1_478' title='bbox 292 3920 514 3985; x_wconf 85' lang='lat' dir='ltr'><strong>audiendum,et</strong></span> <span class='ocrx_word' id='word_1_479' title='bbox 527 3934 585 3974; x_wconf 91' lang='lat' dir='ltr'><strong>non</strong></span> <span class='ocrx_word' id='word_1_480' title='bbox 597 3917 732 3974; x_wconf 86' lang='lat' dir='ltr'><strong>audiunt:</strong></span> <span class='ocrx_word' id='word_1_481' title='bbox 789 3921 821 3977; x_wconf 92' lang='lat' dir='ltr'><strong>ln</strong></span> <span class='ocrx_word' id='word_1_482' title='bbox 837 3921 958 3990; x_wconf 83' lang='lat' dir='ltr'><strong>longum</strong></span> <span class='ocrx_word' id='word_1_483' title='bbox 973 3917 1147 3975; x_wconf 81' lang='lat' dir='ltr'><strong>differentur</strong></span> <span class='ocrx_word' id='word_1_484' title='bbox 1160 3915 1233 3983; x_wconf 85' lang='lat' dir='ltr'><strong>drea,</strong></span> <span class='ocrx_word' id='word_1_485' title='bbox 1250 3916 1278 3970; x_wconf 92' lang='lat' dir='ltr'><strong>et</strong></span> <span class='ocrx_word' id='word_1_486' title='bbox 1293 3911 1400 3986; x_wconf 78' lang='lat' dir='ltr'><strong>perabat</strong></span> <span class='ocrx_word' id='word_1_487' title='bbox 1413 3927 1510 3968; x_wconf 72' lang='lat' dir='ltr'><strong>omnis</strong></span> <span class='ocrx_word' id='word_1_488' title='bbox 1524 3915 1613 3969; x_wconf 76' lang='lat' dir='ltr'><strong>vrato?</strong></span> 
     </span>
     <span class='ocr_line' id='line_1_52' title="bbox 83 3989 1058 4064; baseline -0.004 -15"><span class='ocrx_word' id='word_1_489' title='bbox 83 4011 169 4049; x_wconf 91' lang='lat' dir='ltr'><strong>emus</strong></span> <span class='ocrx_word' id='word_1_490' title='bbox 185 4008 362 4064; x_wconf 81' lang='lat' dir='ltr'><strong>exasperans</strong></span> <span class='ocrx_word' id='word_1_491' title='bbox 377 3996 432 4047; x_wconf 91' lang='lat' dir='ltr'><strong>est.</strong></span> <span class='ocrx_word' id='word_1_492' title='bbox 788 3993 855 4048; x_wconf 90' lang='lat' dir='ltr'><strong>ldee</strong></span> <span class='ocrx_word' id='word_1_493' title='bbox 870 3992 916 4046; x_wconf 91' lang='lat' dir='ltr'><strong>dio</strong></span> <span class='ocrx_word' id='word_1_494' title='bbox 932 3989 968 4046; x_wconf 88' lang='lat' dir='ltr'><strong>ad</strong></span> <span class='ocrx_word' id='word_1_495' title='bbox 985 4005 1035 4046; x_wconf 92' lang='lat' dir='ltr'><strong>eos</strong></span> <span class='ocrx_word' id='word_1_496' title='bbox 1051 4006 1058 4044; x_wconf 92' lang='lat'>:</span> 
     </span>
     <span class='ocr_line' id='line_1_53' title="bbox 82 4057 1281 4138; baseline -0.008 -18"><span class='ocrx_word' id='word_1_497' title='bbox 82 4065 98 4120; x_wconf 92' lang='lat' dir='ltr'><strong>ii</strong></span> <span class='ocrx_word' id='word_1_498' title='bbox 109 4066 297 4132; x_wconf 86' lang='lat' dir='ltr'><strong>hominis‚lac</strong></span> <span class='ocrx_word' id='word_1_499' title='bbox 308 4064 361 4118; x_wconf 89' lang='lat' dir='ltr'><strong>tibi</strong></span> <span class='ocrx_word' id='word_1_500' title='bbox 373 4079 442 4118; x_wconf 85' lang='lat' dir='ltr'><strong>vasa</strong></span> <span class='ocrx_word' id='word_1_501' title='bbox 452 4058 732 4131; x_wconf 77' lang='lat' dir='ltr'><strong>transmigrationis,</strong></span> <span class='ocrx_word' id='word_1_502' title='bbox 788 4068 852 4119; x_wconf 82' lang='lat' dir='ltr'><strong>Hac</strong></span> <span class='ocrx_word' id='word_1_503' title='bbox 868 4063 940 4119; x_wconf 89' lang='lat' dir='ltr'><strong>dicit</strong></span> <span class='ocrx_word' id='word_1_504' title='bbox 954 4061 1096 4118; x_wconf 89' lang='lat' dir='ltr'><strong>Dominus</strong></span> <span class='ocrx_word' id='word_1_505' title='bbox 1110 4057 1189 4113; x_wconf 86' lang='lat' dir='ltr'><strong>Deus</strong></span> <span class='ocrx_word' id='word_1_506' title='bbox 1205 4072 1213 4112; x_wconf 78' lang='lat' dir='ltr'><strong>r</strong></span> <span class='ocrx_word' id='word_1_507' title='bbox 1274 4124 1281 4138; x_wconf 28' lang='grc' dir='ltr'>ι</span> 
     </span>
     <span class='ocr_line' id='line_1_54' title="bbox 82 4125 1376 4207; baseline -0.01 -15"><span class='ocrx_word' id='word_1_508' title='bbox 82 4135 249 4207; x_wconf 81' lang='lat' dir='ltr'><strong>remigrabis</strong></span> <span class='ocrx_word' id='word_1_509' title='bbox 268 4151 317 4206; x_wconf 88' lang='lat' dir='ltr'><strong>per</strong></span> <span class='ocrx_word' id='word_1_510' title='bbox 332 4134 409 4189; x_wconf 91' lang='lat' dir='ltr'><strong>diem</strong></span> <span class='ocrx_word' id='word_1_511' title='bbox 426 4148 524 4188; x_wconf 90' lang='lat' dir='ltr'><strong>eoram</strong></span> <span class='ocrx_word' id='word_1_512' title='bbox 539 4130 581 4187; x_wconf 91' lang='lat' dir='ltr'><strong>eis</strong></span> <span class='ocrx_word' id='word_1_513' title='bbox 598 4147 605 4185; x_wconf 91' lang='lat'>:</span> <span class='ocrx_word' id='word_1_514' title='bbox 787 4135 941 4201; x_wconf 87' lang='lat' dir='ltr'><strong>Quieseere</strong></span> <span class='ocrx_word' id='word_1_515' title='bbox 954 4131 1058 4188; x_wconf 80' lang='lat' dir='ltr'><strong>faciam</strong></span> <span class='ocrx_word' id='word_1_516' title='bbox 1073 4127 1257 4203; x_wconf 88' lang='lat' dir='ltr'><strong>proverbium</strong></span> <span class='ocrx_word' id='word_1_517' title='bbox 1273 4125 1351 4182; x_wconf 88' lang='lat' dir='ltr'><strong>rstud</strong></span> <span class='ocrx_word' id='word_1_518' title='bbox 1369 4141 1376 4179; x_wconf 92' lang='lat'>:</span> 
     </span>
    </p>
   </div>
   <div class='ocr_carea' id='block_1_3' title="bbox 82 4193 1397 4329">
    <p class='ocr_par' dir='ltr' id='par_1_4' title="bbox 82 4193 1397 4329">
     <span class='ocr_line' id='line_1_55' title="bbox 82 4193 1397 4329; baseline -0.01 -66"><span class='ocrx_word' id='word_1_519' title='bbox 82 4209 145 4263; x_wconf 89' lang='lat' dir='ltr'><strong>abis</strong></span> <span class='ocrx_word' id='word_1_520' title='bbox 157 4212 253 4263; x_wconf 86' lang='lat' dir='ltr'><strong>autem</strong></span> <span class='ocrx_word' id='word_1_521' title='bbox 266 4208 301 4261; x_wconf 90' lang='lat' dir='ltr'><strong>da</strong></span> <span class='ocrx_word' id='word_1_522' title='bbox 313 4206 375 4261; x_wconf 88' lang='lat' dir='ltr'><strong>loeo</strong></span> <span class='ocrx_word' id='word_1_523' title='bbox 388 4202 585 4260; x_wconf 89' lang='lat' dir='ltr'><strong>tuoadlocum</strong></span> <span class='ocrx_word' id='word_1_524' title='bbox 596 4201 732 4269; x_wconf 87' lang='lat' dir='ltr'><strong>alterurn,</strong></span> <span class='ocrx_word' id='word_1_525' title='bbox 824 4220 919 4277; x_wconf 81' lang='lat' dir='ltr'><strong>neque</strong></span> <span class='ocrx_word' id='word_1_526' title='bbox 933 4207 1024 4329; x_wconf 61' lang='lat' dir='ltr'><strong>vulgo</strong></span> <span class='ocrx_word' id='word_1_527' title='bbox 1033 4201 1148 4258; x_wconf 84' lang='lat' dir='ltr'><strong>dicetur</strong></span> <span class='ocrx_word' id='word_1_528' title='bbox 1162 4198 1240 4254; x_wconf 90' lang='lat' dir='ltr'><strong>ultra</strong></span> <span class='ocrx_word' id='word_1_529' title='bbox 1253 4196 1283 4252; x_wconf 90' lang='lat' dir='ltr'><strong>in</strong></span> <span class='ocrx_word' id='word_1_530' title='bbox 1297 4193 1397 4252; x_wconf 88' lang='lat' dir='ltr'><strong>lsrael.</strong></span> 
     </span>
    </p>
   </div>
   <div class='ocr_carea' id='block_1_4' title="bbox 82 4261 1613 5769">
    <p class='ocr_par' dir='ltr' id='par_1_5' title="bbox 82 4261 1613 4562">
     <span class='ocr_line' id='line_1_56' title="bbox 82 4261 1613 4356; baseline -0.011 -21"><span class='ocrx_word' id='word_1_531' title='bbox 82 4285 179 4352; x_wconf 80' lang='lat' dir='ltr'><strong>spectu</strong></span> <span class='ocrx_word' id='word_1_532' title='bbox 196 4294 305 4344; x_wconf 83' lang='lat' dir='ltr'><strong>aarum,</strong></span> <span class='ocrx_word' id='word_1_533' title='bbox 788 4278 823 4331; x_wconf 87' lang='lat' dir='ltr'><strong>Et</strong></span> <span class='ocrx_word' id='word_1_534' title='bbox 836 4276 985 4348; x_wconf 76' lang='lat' dir='ltr'><strong>loquerer</strong></span> <span class='ocrx_word' id='word_1_535' title='bbox 1019 4289 1069 4356; x_wconf 79' lang='lat' dir='ltr'><strong>aas</strong></span> <span class='ocrx_word' id='word_1_536' title='bbox 1084 4271 1162 4354; x_wconf 79' lang='lat' dir='ltr'><strong>qued</strong></span> <span class='ocrx_word' id='word_1_537' title='bbox 1178 4263 1479 4353; x_wconf 73' lang='lat' dir='ltr'><strong>appropinquaverint</strong></span> <span class='ocrx_word' id='word_1_538' title='bbox 1495 4261 1559 4319; x_wconf 85' lang='lat' dir='ltr'><strong>dias</strong></span> <span class='ocrx_word' id='word_1_539' title='bbox 1582 4265 1613 4318; x_wconf 86' lang='lat' dir='ltr'><strong>et</strong></span> 
     </span>
     <span class='ocr_line' id='line_1_57' title="bbox 82 4352 1593 4423; baseline -0.01 -17"><span class='ocrx_word' id='word_1_540' title='bbox 82 4352 243 4423; x_wconf 80' lang='lat' dir='ltr'><strong>aspiciant:</strong></span> <span class='ocrx_word' id='word_1_541' title='bbox 860 4363 956 4403; x_wconf 89' lang='lat' dir='ltr'><strong>sermo</strong></span> <span class='ocrx_word' id='word_1_542' title='bbox 971 4360 1069 4401; x_wconf 89' lang='lat' dir='ltr'><strong>omnrs</strong></span> <span class='ocrx_word' id='word_1_543' title='bbox 1082 4357 1216 4423; x_wconf 73' lang='lat' dir='ltr'><strong>maroam.</strong></span> <span class='ocrx_word' id='word_1_544' title='bbox 1254 4408 1288 4422; x_wconf 92' lang='lat'><strong>..</strong></span> <span class='ocrx_word' id='word_1_545' title='bbox 1556 4403 1593 4416; x_wconf 93' lang='lat'><strong>..</strong></span> 
     </span>
     <span class='ocr_line' id='line_1_58' title="bbox 82 4404 1611 4491; baseline -0.023 2"><span class='ocrx_word' id='word_1_546' title='bbox 82 4439 132 4479; x_wconf 65' lang='lat'><strong>³¹¹²</strong></span> <span class='ocrx_word' id='word_1_547' title='bbox 147 4436 323 4491; x_wconf 85' lang='lat' dir='ltr'><strong>exasperans</strong></span> <span class='ocrx_word' id='word_1_548' title='bbox 339 4424 393 4475; x_wconf 58' lang='lat' dir='ltr'><strong>&amp;Si-</strong></span> <span class='ocrx_word' id='word_1_549' title='bbox 788 4419 851 4476; x_wconf 90' lang='lat' dir='ltr'><strong>Non</strong></span> <span class='ocrx_word' id='word_1_550' title='bbox 868 4417 946 4475; x_wconf 90' lang='lat' dir='ltr'><strong>enim</strong></span> <span class='ocrx_word' id='word_1_551' title='bbox 961 4416 1016 4472; x_wconf 89' lang='lat' dir='ltr'><strong>erit</strong></span> <span class='ocrx_word' id='word_1_552' title='bbox 1031 4415 1109 4471; x_wconf 89' lang='lat' dir='ltr'><strong>ultra</strong></span> <span class='ocrx_word' id='word_1_553' title='bbox 1123 4427 1220 4468; x_wconf 86' lang='lat' dir='ltr'><strong>omnrs</strong></span> <span class='ocrx_word' id='word_1_554' title='bbox 1234 4424 1308 4465; x_wconf 86' lang='lat' dir='ltr'><strong>vrsro</strong></span> <span class='ocrx_word' id='word_1_555' title='bbox 1324 4419 1520 4475; x_wconf 64' lang='lat' dir='ltr'><strong>cessansque</strong></span> <span class='ocrx_word' id='word_1_556' title='bbox 1534 4404 1611 4460; x_wconf 85' lang='lat' dir='ltr'><strong>drvr-</strong></span> 
     </span>
     <span class='ocr_line' id='line_1_59' title="bbox 82 4462 1508 4562; baseline -0.014 -13"><span class='ocrx_word' id='word_1_557' title='bbox 82 4495 152 4550; x_wconf 87' lang='lat' dir='ltr'><strong>&#39;oras</strong></span> <span class='ocrx_word' id='word_1_558' title='bbox 166 4509 237 4548; x_wconf 79' lang='lat' dir='ltr'><strong>vasa</strong></span> <span class='ocrx_word' id='word_1_559' title='bbox 252 4498 302 4546; x_wconf 87' lang='lat' dir='ltr'><strong>tua</strong></span> <span class='ocrx_word' id='word_1_560' title='bbox 318 4490 402 4562; x_wconf 90' lang='lat' dir='ltr'><strong>quasi</strong></span> <span class='ocrx_word' id='word_1_561' title='bbox 414 4505 482 4543; x_wconf 89' lang='lat' dir='ltr'><strong>vasa</strong></span> <span class='ocrx_word' id='word_1_562' title='bbox 493 4484 734 4558; x_wconf 86' lang='lat' dir='ltr'><strong>transmigrantis</strong></span> <span class='ocrx_word' id='word_1_563' title='bbox 749 4462 772 4527; x_wconf 74' lang='grc' dir='ltr'><strong>Ῑ)</strong></span> <span class='ocrx_word' id='word_1_564' title='bbox 860 4489 940 4544; x_wconf 87' lang='lat' dir='ltr'><strong>natio</strong></span> <span class='ocrx_word' id='word_1_565' title='bbox 954 4486 1093 4558; x_wconf 89' lang='lat' dir='ltr'><strong>ambigua</strong></span> <span class='ocrx_word' id='word_1_566' title='bbox 1109 4483 1138 4538; x_wconf 92' lang='lat' dir='ltr'><strong>in</strong></span> <span class='ocrx_word' id='word_1_567' title='bbox 1155 4480 1250 4538; x_wconf 91' lang='lat' dir='ltr'><strong>medio</strong></span> <span class='ocrx_word' id='word_1_568' title='bbox 1266 4478 1392 4535; x_wconf 85' lang='lat' dir='ltr'><strong>filiorum</strong></span> <span class='ocrx_word' id='word_1_569' title='bbox 1408 4473 1508 4532; x_wconf 84' lang='lat' dir='ltr'><strong>lsrael.</strong></span> 
     </span>
    </p>

    <p class='ocr_par' dir='ltr' id='par_1_6' title="bbox 82 4545 1611 4708">
     <span class='ocr_line' id='line_1_60' title="bbox 82 4545 1611 4634; baseline -0.012 -14"><span class='ocrx_word' id='word_1_570' title='bbox 82 4581 123 4620; x_wconf 88' lang='lat' dir='ltr'><strong>cm</strong></span> <span class='ocrx_word' id='word_1_571' title='bbox 139 4564 168 4620; x_wconf 94' lang='lat' dir='ltr'><strong>in</strong></span> <span class='ocrx_word' id='word_1_572' title='bbox 185 4567 341 4634; x_wconf 89' lang='lat' dir='ltr'><strong>conspectu</strong></span> <span class='ocrx_word' id='word_1_573' title='bbox 357 4577 458 4617; x_wconf 86' lang='lat' dir='ltr'><strong>eorum</strong></span> <span class='ocrx_word' id='word_1_574' title='bbox 477 4576 483 4613; x_wconf 78' lang='grc' dir='ltr'>ε</span> <span class='ocrx_word' id='word_1_575' title='bbox 789 4560 926 4630; x_wconf 83' lang='lat' dir='ltr'><strong>Quiaego</strong></span> <span class='ocrx_word' id='word_1_576' title='bbox 939 4557 1079 4614; x_wconf 87' lang='lat' dir='ltr'><strong>Dominus</strong></span> <span class='ocrx_word' id='word_1_577' title='bbox 1087 4555 1192 4626; x_wconf 90' lang='lat' dir='ltr'><strong>loquar</strong></span> <span class='ocrx_word' id='word_1_578' title='bbox 1200 4545 1611 4624; x_wconf 84' lang='lat' dir='ltr'><strong>quodcunquelocutusluero</strong></span> 
     </span>
     <span class='ocr_line' id='line_1_61' title="bbox 82 4627 1263 4708; baseline -0.012 -17"><span class='ocrx_word' id='word_1_579' title='bbox 82 4653 92 4691; x_wconf 88' lang='lat'>1</span> <span class='ocrx_word' id='word_1_580' title='bbox 107 4635 267 4708; x_wconf 83' lang='lat' dir='ltr'><strong>egredieris</strong></span> <span class='ocrx_word' id='word_1_581' title='bbox 280 4649 401 4705; x_wconf 84' lang='lat' dir='ltr'><strong>vespera</strong></span> <span class='ocrx_word' id='word_1_582' title='bbox 414 4645 511 4687; x_wconf 82' lang='lat' dir='ltr'><strong>aarum</strong></span> <span class='ocrx_word' id='word_1_583' title='bbox 527 4629 579 4694; x_wconf 88' lang='lat' dir='ltr'><strong>eis,</strong></span> <span class='ocrx_word' id='word_1_584' title='bbox 596 4627 673 4683; x_wconf 87' lang='lat' dir='ltr'><strong>sicut</strong></span> <span class='ocrx_word' id='word_1_585' title='bbox 859 4629 991 4686; x_wconf 87' lang='lat' dir='ltr'><strong>verbnm:</strong></span> <span class='ocrx_word' id='word_1_586' title='bbox 1007 4637 1035 4685; x_wconf 87' lang='lat' dir='ltr'><strong>et</strong></span> <span class='ocrx_word' id='word_1_587' title='bbox 1051 4628 1109 4708; x_wconf 71' lang='lat' dir='ltr'><strong>aar,</strong></span> <span class='ocrx_word' id='word_1_588' title='bbox 1256 4692 1263 4704; x_wconf 33' lang='lat'><em>⁶</em></span> 
     </span>
    </p>

    <p class='ocr_par' dir='ltr' id='par_1_7' title="bbox 83 4691 1321 4779">
     <span class='ocr_line' id='line_1_62' title="bbox 83 4691 1321 4779; baseline -0.013 -17"><span class='ocrx_word' id='word_1_589' title='bbox 83 4712 132 4763; x_wconf 87' lang='lat' dir='ltr'><strong>tur</strong></span> <span class='ocrx_word' id='word_1_590' title='bbox 145 4707 287 4778; x_wconf 81' lang='lat' dir='ltr'><strong>migrans.</strong></span> <span class='ocrx_word' id='word_1_591' title='bbox 824 4707 853 4757; x_wconf 94' lang='lat' dir='ltr'><strong>et</strong></span> <span class='ocrx_word' id='word_1_592' title='bbox 867 4717 925 4757; x_wconf 91' lang='lat' dir='ltr'><strong>nou</strong></span> <span class='ocrx_word' id='word_1_593' title='bbox 942 4697 1163 4779; x_wconf 64' lang='lat' dir='ltr'><strong>prolongabitur</strong></span> <span class='ocrx_word' id='word_1_594' title='bbox 1174 4691 1321 4764; x_wconf 88' lang='lat' dir='ltr'><strong>amphus:</strong></span> 
     </span>
    </p>

    <p class='ocr_par' dir='ltr' id='par_1_8' title="bbox 82 4754 1585 4989">
     <span class='ocr_line' id='line_1_63' title="bbox 85 4754 1585 4848; baseline -0.015 -14"><span class='ocrx_word' id='word_1_595' title='bbox 85 4796 99 4833; x_wconf 89' lang='lat' dir='ltr'><strong>s</strong></span> <span class='ocrx_word' id='word_1_596' title='bbox 115 4795 216 4834; x_wconf 89' lang='lat' dir='ltr'><strong>eorum</strong></span> <span class='ocrx_word' id='word_1_597' title='bbox 233 4776 350 4848; x_wconf 79' lang='lat' dir='ltr'><strong>perfode</strong></span> <span class='ocrx_word' id='word_1_598' title='bbox 367 4775 418 4829; x_wconf 90' lang='lat' dir='ltr'><strong>tibi</strong></span> <span class='ocrx_word' id='word_1_599' title='bbox 437 4773 575 4844; x_wconf 89' lang='lat' dir='ltr'><strong>parictem</strong></span> <span class='ocrx_word' id='word_1_600' title='bbox 592 4787 599 4825; x_wconf 78' lang='grc' dir='ltr'><em>τ</em></span> <span class='ocrx_word' id='word_1_601' title='bbox 789 4774 845 4829; x_wconf 86' lang='lat' dir='ltr'><strong>Sed</strong></span> <span class='ocrx_word' id='word_1_602' title='bbox 861 4773 891 4828; x_wconf 91' lang='lat' dir='ltr'><strong>in</strong></span> <span class='ocrx_word' id='word_1_603' title='bbox 907 4771 1012 4828; x_wconf 84' lang='lat' dir='ltr'><strong>diebus</strong></span> <span class='ocrx_word' id='word_1_604' title='bbox 1025 4771 1141 4834; x_wconf 77' lang='lat' dir='ltr'><strong>vestras,</strong></span> <span class='ocrx_word' id='word_1_605' title='bbox 1157 4766 1264 4848; x_wconf 80' lang='lat' dir='ltr'><strong>domus</strong></span> <span class='ocrx_word' id='word_1_606' title='bbox 1278 4774 1465 4832; x_wconf 86' lang='lat' dir='ltr'><strong>exasperans,</strong></span> <span class='ocrx_word' id='word_1_607' title='bbox 1480 4754 1585 4829; x_wconf 90' lang='lat' dir='ltr'><strong>loquar</strong></span> 
     </span>
     <span class='ocr_line' id='line_1_64' title="bbox 82 4834 1258 4921; baseline -0.011 -18"><span class='ocrx_word' id='word_1_608' title='bbox 82 4850 146 4906; x_wconf 81' lang='lat' dir='ltr'><strong>ieris</strong></span> <span class='ocrx_word' id='word_1_609' title='bbox 162 4866 212 4921; x_wconf 89' lang='lat' dir='ltr'><strong>per</strong></span> <span class='ocrx_word' id='word_1_610' title='bbox 226 4864 294 4904; x_wconf 90' lang='lat' dir='ltr'><strong>eum</strong></span> <span class='ocrx_word' id='word_1_611' title='bbox 312 4862 318 4901; x_wconf 90' lang='lat'>:</span> <span class='ocrx_word' id='word_1_612' title='bbox 860 4843 994 4906; x_wconf 84' lang='lat' dir='ltr'><strong>verbnm,</strong></span> <span class='ocrx_word' id='word_1_613' title='bbox 1009 4845 1039 4897; x_wconf 86' lang='lat' dir='ltr'><strong>et</strong></span> <span class='ocrx_word' id='word_1_614' title='bbox 1054 4838 1158 4895; x_wconf 82' lang='lat' dir='ltr'><strong>taniam</strong></span> <span class='ocrx_word' id='word_1_615' title='bbox 1174 4834 1258 4905; x_wconf 86' lang='lat' dir='ltr'><strong>rllud,</strong></span> 
     </span>
     <span class='ocr_line' id='line_1_65' title="bbox 82 4911 1401 4989; baseline -0.009 -18"><span class='ocrx_word' id='word_1_616' title='bbox 82 4911 618 4986; x_wconf 82' lang='lat' dir='ltr'><strong>:tucornminhumerisportaberis,</strong></span> <span class='ocrx_word' id='word_1_617' title='bbox 826 4913 897 4970; x_wconf 89' lang='lat' dir='ltr'><strong>dicit</strong></span> <span class='ocrx_word' id='word_1_618' title='bbox 909 4911 1052 4970; x_wconf 89' lang='lat' dir='ltr'><strong>Dominus</strong></span> <span class='ocrx_word' id='word_1_619' title='bbox 1068 4914 1154 4964; x_wconf 88' lang='lat' dir='ltr'><strong>Deua.</strong></span> <span class='ocrx_word' id='word_1_620' title='bbox 1194 4976 1233 4989; x_wconf 46' lang='grc' dir='ltr'>Η</span> <span class='ocrx_word' id='word_1_621' title='bbox 1394 4969 1401 4982; x_wconf 89' lang='lat'><strong>.</strong></span> 
     </span>
    </p>

    <p class='ocr_par' dir='ltr' id='par_1_9' title="bbox 82 4971 1496 5130">
     <span class='ocr_line' id='line_1_66' title="bbox 83 4971 1496 5047; baseline -0.017 0"><span class='ocrx_word' id='word_1_622' title='bbox 83 5007 118 5047; x_wconf 90' lang='lat' dir='ltr'><strong>ne</strong></span> <span class='ocrx_word' id='word_1_623' title='bbox 134 4991 263 5046; x_wconf 79' lang='lat' dir='ltr'><strong>effereris</strong></span> <span class='ocrx_word' id='word_1_624' title='bbox 279 5006 286 5044; x_wconf 74' lang='grc' dir='ltr'>ε</span> <span class='ocrx_word' id='word_1_625' title='bbox 789 4988 824 5039; x_wconf 78' lang='lat' dir='ltr'><strong>nt</strong></span> <span class='ocrx_word' id='word_1_626' title='bbox 840 4985 935 5041; x_wconf 86' lang='lat' dir='ltr'><strong>lactus</strong></span> <span class='ocrx_word' id='word_1_627' title='bbox 947 4986 993 5040; x_wconf 88' lang='lat' dir='ltr'><strong>est</strong></span> <span class='ocrx_word' id='word_1_628' title='bbox 1007 4995 1104 5038; x_wconf 87' lang='lat' dir='ltr'><strong>sermo</strong></span> <span class='ocrx_word' id='word_1_629' title='bbox 1121 4980 1234 5034; x_wconf 88' lang='lat' dir='ltr'><strong>Domrnr</strong></span> <span class='ocrx_word' id='word_1_630' title='bbox 1250 4974 1285 5029; x_wconf 89' lang='lat' dir='ltr'><strong>ad</strong></span> <span class='ocrx_word' id='word_1_631' title='bbox 1299 4984 1357 5041; x_wconf 88' lang='lat' dir='ltr'><strong>me,</strong></span> <span class='ocrx_word' id='word_1_632' title='bbox 1372 4971 1496 5026; x_wconf 84' lang='lat' dir='ltr'><strong>droana:</strong></span> 
     </span>
     <span class='ocr_line' id='line_1_67' title="bbox 82 5052 1236 5130; baseline -0.011 -11"><span class='ocrx_word' id='word_1_633' title='bbox 82 5054 653 5124; x_wconf 85' lang='lat' dir='ltr'><strong>nmvelahis,etnonvidehisterram:</strong></span> <span class='ocrx_word' id='word_1_634' title='bbox 790 5054 844 5109; x_wconf 82' lang='lat' dir='ltr'><strong>Fili</strong></span> <span class='ocrx_word' id='word_1_635' title='bbox 859 5052 1001 5119; x_wconf 89' lang='lat' dir='ltr'><strong>hominis,</strong></span> <span class='ocrx_word' id='word_1_636' title='bbox 1152 5118 1157 5130; x_wconf 37' lang='lat'>⁸</span> <span class='ocrx_word' id='word_1_637' title='bbox 1230 5114 1236 5127; x_wconf 46' lang='lat'>‚</span> 
     </span>
    </p>

    <p class='ocr_par' dir='ltr' id='par_1_10' title="bbox 82 5118 1315 5200">
     <span class='ocr_line' id='line_1_68' title="bbox 82 5118 1315 5200; baseline -0.019 -10"><span class='ocrx_word' id='word_1_638' title='bbox 82 5137 200 5190; x_wconf 82' lang='lat' dir='ltr'><strong>tentum</strong></span> <span class='ocrx_word' id='word_1_639' title='bbox 217 5132 283 5188; x_wconf 90' lang='lat' dir='ltr'><strong>dedi</strong></span> <span class='ocrx_word' id='word_1_640' title='bbox 299 5136 327 5185; x_wconf 89' lang='lat' dir='ltr'><strong>te</strong></span> <span class='ocrx_word' id='word_1_641' title='bbox 342 5127 443 5184; x_wconf 89' lang='lat' dir='ltr'><strong>domui</strong></span> <span class='ocrx_word' id='word_1_642' title='bbox 458 5125 557 5183; x_wconf 87' lang='lat' dir='ltr'><strong>Israel.</strong></span> <span class='ocrx_word' id='word_1_643' title='bbox 826 5142 892 5182; x_wconf 89' lang='lat' dir='ltr'><strong>eoae</strong></span> <span class='ocrx_word' id='word_1_644' title='bbox 904 5126 1011 5181; x_wconf 86' lang='lat' dir='ltr'><strong>domus</strong></span> <span class='ocrx_word' id='word_1_645' title='bbox 1026 5120 1115 5179; x_wconf 85' lang='lat' dir='ltr'><strong>lsrael</strong></span> <span class='ocrx_word' id='word_1_646' title='bbox 1130 5118 1291 5200; x_wconf 73' lang='lat' dir='ltr'><strong>dreantrum</strong></span> <span class='ocrx_word' id='word_1_647' title='bbox 1308 5129 1315 5167; x_wconf 93' lang='lat'>:</span> 
     </span>
    </p>

    <p class='ocr_par' dir='ltr' id='par_1_11' title="bbox 82 5180 1424 5275">
     <span class='ocr_line' id='line_1_69' title="bbox 82 5180 1424 5275; baseline -0.019 -14"><span class='ocrx_word' id='word_1_648' title='bbox 82 5206 154 5262; x_wconf 79' lang='lat' dir='ltr'><strong>sicut</strong></span> <span class='ocrx_word' id='word_1_649' title='bbox 169 5204 344 5275; x_wconf 85' lang='lat' dir='ltr'><strong>praeceperat</strong></span> <span class='ocrx_word' id='word_1_650' title='bbox 359 5199 432 5255; x_wconf 88' lang='lat' dir='ltr'><strong>mihi</strong></span> <span class='ocrx_word' id='word_1_651' title='bbox 448 5215 456 5254; x_wconf 73' lang='lat' dir='ltr'><em>z</em></span> <span class='ocrx_word' id='word_1_652' title='bbox 789 5195 882 5264; x_wconf 79' lang='lat' dir='ltr'><strong>visio,</strong></span> <span class='ocrx_word' id='word_1_653' title='bbox 898 5210 987 5267; x_wconf 88' lang='lat' dir='ltr'><strong>quam</strong></span> <span class='ocrx_word' id='word_1_654' title='bbox 1001 5192 1050 5249; x_wconf 94' lang='lat' dir='ltr'><strong>hic</strong></span> <span class='ocrx_word' id='word_1_655' title='bbox 1064 5190 1196 5271; x_wconf 27' lang='lat' dir='ltr'><strong>videtum</strong></span> <span class='ocrx_word' id='word_1_656' title='bbox 1213 5186 1275 5241; x_wconf 84' lang='lat' dir='ltr'><strong>drea</strong></span> <span class='ocrx_word' id='word_1_657' title='bbox 1291 5180 1401 5237; x_wconf 86' lang='lat' dir='ltr'><strong>multos</strong></span> <span class='ocrx_word' id='word_1_658' title='bbox 1416 5195 1424 5236; x_wconf 73' lang='grc' dir='ltr'><em>τ</em></span> 
     </span>
    </p>

    <p class='ocr_par' dir='ltr' id='par_1_12' title="bbox 82 5253 1392 5393">
     <span class='ocr_line' id='line_1_70' title="bbox 82 5253 1392 5393; baseline -0.021 -60"><span class='ocrx_word' id='word_1_659' title='bbox 82 5294 97 5333; x_wconf 91' lang='lat' dir='ltr'><strong>a</strong></span> <span class='ocrx_word' id='word_1_660' title='bbox 111 5276 219 5348; x_wconf 88' lang='lat' dir='ltr'><strong>protuli</strong></span> <span class='ocrx_word' id='word_1_661' title='bbox 233 5273 316 5346; x_wconf 91' lang='lat' dir='ltr'><strong>quasi</strong></span> <span class='ocrx_word' id='word_1_662' title='bbox 328 5288 398 5328; x_wconf 87' lang='lat' dir='ltr'><strong>vasa</strong></span> <span class='ocrx_word' id='word_1_663' title='bbox 407 5264 675 5338; x_wconf 85' lang='lat' dir='ltr'><strong>transmigrationis</strong></span> <span class='ocrx_word' id='word_1_664' title='bbox 685 5281 737 5337; x_wconf 89' lang='lat' dir='ltr'><strong>per</strong></span> <span class='ocrx_word' id='word_1_665' title='bbox 792 5272 854 5393; x_wconf 85' lang='lat' dir='ltr'><strong>pat</strong></span> <span class='ocrx_word' id='word_1_666' title='bbox 868 5268 898 5322; x_wconf 91' lang='lat' dir='ltr'><strong>in</strong></span> <span class='ocrx_word' id='word_1_667' title='bbox 912 5270 971 5322; x_wconf 89' lang='lat' dir='ltr'><strong>tam</strong></span> <span class='ocrx_word' id='word_1_668' title='bbox 984 5262 1147 5387; x_wconf 41' lang='lat' dir='ltr'><strong>&#39;oradlunga</strong></span> <span class='ocrx_word' id='word_1_669' title='bbox 1160 5261 1215 5316; x_wconf 86' lang='lat' dir='ltr'><strong>rste</strong></span> <span class='ocrx_word' id='word_1_670' title='bbox 1229 5253 1392 5328; x_wconf 86' lang='lat' dir='ltr'><strong>prophetat.</strong></span> 
     </span>
    </p>

    <p class='ocr_par' dir='ltr' id='par_1_13' title="bbox 82 5343 1148 5404">
     <span class='ocr_line' id='line_1_71' title="bbox 82 5343 1148 5404; baseline -0.019 0"><span class='ocrx_word' id='word_1_671' title='bbox 82 5367 87 5404; x_wconf 96' lang='lat'><strong>:</strong></span> <span class='ocrx_word' id='word_1_672' title='bbox 814 5354 845 5393; x_wconf 93' lang='lat' dir='ltr'><strong>ro</strong></span> <span class='ocrx_word' id='word_1_673' title='bbox 867 5343 947 5394; x_wconf 89' lang='lat' dir='ltr'><strong>tersa</strong></span> <span class='ocrx_word' id='word_1_674' title='bbox 982 5351 1041 5391; x_wconf 87' lang='lat' dir='ltr'><strong>roa</strong></span> <span class='ocrx_word' id='word_1_675' title='bbox 1076 5344 1148 5388; x_wconf 85' lang='lat' dir='ltr'><strong>eoa:</strong></span> 
     </span>
    </p>

    <p class='ocr_par' dir='ltr' id='par_1_14' title="bbox 99 5354 1270 5489">
     <span class='ocr_line' id='line_1_72' title="bbox 99 5354 1270 5489; baseline -0.018 -16"><span class='ocrx_word' id='word_1_676' title='bbox 99 5417 208 5489; x_wconf 84' lang='lat' dir='ltr'><strong>periodi</strong></span> <span class='ocrx_word' id='word_1_677' title='bbox 225 5415 295 5471; x_wconf 91' lang='lat' dir='ltr'><strong>mihi</strong></span> <span class='ocrx_word' id='word_1_678' title='bbox 314 5413 453 5485; x_wconf 84' lang='lat' dir='ltr'><strong>parietem</strong></span> <span class='ocrx_word' id='word_1_679' title='bbox 469 5424 557 5465; x_wconf 88' lang='lat' dir='ltr'><strong>manu</strong></span> <span class='ocrx_word' id='word_1_680' title='bbox 573 5425 579 5464; x_wconf 92' lang='lat'><strong>:</strong></span> <span class='ocrx_word' id='word_1_681' title='bbox 791 5354 944 5464; x_wconf 43' lang='lat' dir='ltr'><strong>Eassdicit</strong></span> <span class='ocrx_word' id='word_1_682' title='bbox 956 5404 1099 5464; x_wconf 91' lang='lat' dir='ltr'><strong>Dominus</strong></span> <span class='ocrx_word' id='word_1_683' title='bbox 1115 5401 1190 5455; x_wconf 86' lang='lat' dir='ltr'><strong>Deua</strong></span> <span class='ocrx_word' id='word_1_684' title='bbox 1207 5414 1214 5453; x_wconf 92' lang='lat'>:</span> <span class='ocrx_word' id='word_1_685' title='bbox 1264 5465 1270 5477; x_wconf 18' lang='grc' dir='ltr'><strong><em>ἡ</em></strong></span> 
     </span>
    </p>

    <p class='ocr_par' dir='ltr' id='par_1_15' title="bbox 82 5472 1613 5689">
     <span class='ocr_line' id='line_1_73' title="bbox 85 5472 1597 5561; baseline -0.022 -16"><span class='ocrx_word' id='word_1_686' title='bbox 85 5506 122 5546; x_wconf 87' lang='lat' dir='ltr'><strong>ne</strong></span> <span class='ocrx_word' id='word_1_687' title='bbox 136 5504 273 5561; x_wconf 88' lang='lat' dir='ltr'><strong>egressus</strong></span> <span class='ocrx_word' id='word_1_688' title='bbox 286 5501 363 5550; x_wconf 86' lang='lat' dir='ltr'><strong>aum,</strong></span> <span class='ocrx_word' id='word_1_689' title='bbox 790 5477 853 5536; x_wconf 92' lang='lat' dir='ltr'><strong>Non</strong></span> <span class='ocrx_word' id='word_1_690' title='bbox 868 5474 1091 5551; x_wconf 83' lang='lat' dir='ltr'><strong>prolongabitur</strong></span> <span class='ocrx_word' id='word_1_691' title='bbox 1105 5472 1181 5527; x_wconf 89' lang='lat' dir='ltr'><strong>ultra</strong></span> <span class='ocrx_word' id='word_1_692' title='bbox 1193 5481 1289 5524; x_wconf 88' lang='lat' dir='ltr'><strong>omnrs</strong></span> <span class='ocrx_word' id='word_1_693' title='bbox 1303 5477 1399 5519; x_wconf 87' lang='lat' dir='ltr'><strong>sermo</strong></span> <span class='ocrx_word' id='word_1_694' title='bbox 1414 5473 1498 5543; x_wconf 78' lang='lat' dir='ltr'><strong>meus</strong></span> <span class='ocrx_word' id='word_1_695' title='bbox 1514 5474 1521 5513; x_wconf 91' lang='lat'><strong>:</strong></span> <span class='ocrx_word' id='word_1_696' title='bbox 1562 5525 1569 5540; x_wconf 36' lang='grc' dir='ltr'>ι</span> <span class='ocrx_word' id='word_1_697' title='bbox 1591 5524 1597 5539; x_wconf 93' lang='lat'><strong>.</strong></span> 
     </span>
     <span class='ocr_line' id='line_1_74' title="bbox 84 5526 1613 5630; baseline -0.022 -14"><span class='ocrx_word' id='word_1_698' title='bbox 84 5560 174 5616; x_wconf 89' lang='lat' dir='ltr'><strong>meris</strong></span> <span class='ocrx_word' id='word_1_699' title='bbox 190 5562 322 5630; x_wconf 88' lang='lat' dir='ltr'><strong>portatus</strong></span> <span class='ocrx_word' id='word_1_700' title='bbox 337 5558 367 5611; x_wconf 92' lang='lat' dir='ltr'><strong>in</strong></span> <span class='ocrx_word' id='word_1_701' title='bbox 382 5554 539 5624; x_wconf 84' lang='lat' dir='ltr'><strong>conspectu</strong></span> <span class='ocrx_word' id='word_1_702' title='bbox 554 5564 665 5604; x_wconf 87' lang='lat' dir='ltr'><strong>eorum.</strong></span> <span class='ocrx_word' id='word_1_703' title='bbox 826 5550 958 5618; x_wconf 87' lang='lat' dir='ltr'><strong>verbum,</strong></span> <span class='ocrx_word' id='word_1_704' title='bbox 975 5545 1052 5620; x_wconf 91' lang='lat' dir='ltr'><strong>quod</strong></span> <span class='ocrx_word' id='word_1_705' title='bbox 1067 5543 1183 5599; x_wconf 84' lang='lat' dir='ltr'><strong>locutus</strong></span> <span class='ocrx_word' id='word_1_706' title='bbox 1198 5541 1290 5606; x_wconf 84' lang='lat' dir='ltr'><strong>tuero,</strong></span> <span class='ocrx_word' id='word_1_707' title='bbox 1315 5530 1518 5603; x_wconf 85' lang='lat' dir='ltr'><strong>complehrtur,</strong></span> <span class='ocrx_word' id='word_1_708' title='bbox 1541 5526 1613 5583; x_wconf 77' lang='lat' dir='ltr'><strong>droit</strong></span> 
     </span>
     <span class='ocr_line' id='line_1_75' title="bbox 82 5616 1428 5689; baseline -0.017 0"><span class='ocrx_word' id='word_1_709' title='bbox 82 5639 121 5689; x_wconf 81' lang='lat' dir='ltr'><strong>est</strong></span> <span class='ocrx_word' id='word_1_710' title='bbox 136 5646 232 5686; x_wconf 85' lang='lat' dir='ltr'><strong>sermo</strong></span> <span class='ocrx_word' id='word_1_711' title='bbox 249 5628 364 5685; x_wconf 91' lang='lat' dir='ltr'><strong>Domini</strong></span> <span class='ocrx_word' id='word_1_712' title='bbox 383 5627 418 5681; x_wconf 88' lang='lat' dir='ltr'><strong>ad</strong></span> <span class='ocrx_word' id='word_1_713' title='bbox 435 5640 482 5679; x_wconf 93' lang='lat' dir='ltr'><strong>me</strong></span> <span class='ocrx_word' id='word_1_714' title='bbox 497 5637 594 5684; x_wconf 90' lang='lat' dir='ltr'><strong>mane,</strong></span> <span class='ocrx_word' id='word_1_715' title='bbox 612 5619 735 5674; x_wconf 87' lang='lat' dir='ltr'><strong>dicens:</strong></span> <span class='ocrx_word' id='word_1_716' title='bbox 863 5619 1005 5676; x_wconf 87' lang='lat' dir='ltr'><strong>Dominus</strong></span> <span class='ocrx_word' id='word_1_717' title='bbox 1021 5616 1108 5672; x_wconf 90' lang='lat' dir='ltr'><strong>Deus.</strong></span> <span class='ocrx_word' id='word_1_718' title='bbox 1390 5671 1396 5684; x_wconf 55' lang='grc'><strong>,</strong></span> <span class='ocrx_word' id='word_1_719' title='bbox 1423 5671 1428 5683; x_wconf 61' lang='grc'>,</span> 
     </span>
    </p>

    <p class='ocr_par' dir='ltr' id='par_1_16' title="bbox 82 5671 1557 5769">
     <span class='ocr_line' id='line_1_76' title="bbox 82 5671 1557 5769; baseline -0.024 -10"><span class='ocrx_word' id='word_1_720' title='bbox 82 5705 126 5769; x_wconf 78' lang='lat' dir='ltr'><strong>ris,</strong></span> <span class='ocrx_word' id='word_1_721' title='bbox 792 5691 871 5763; x_wconf 81' lang='lat' dir='ltr'><strong>(Cap.</strong></span> <span class='ocrx_word' id='word_1_722' title='bbox 886 5689 972 5761; x_wconf 86' lang='lat' dir='ltr'><strong>Xlll.)</strong></span> <span class='ocrx_word' id='word_1_723' title='bbox 987 5689 1023 5745; x_wconf 86' lang='lat' dir='ltr'><strong>llt</strong></span> <span class='ocrx_word' id='word_1_724' title='bbox 1036 5688 1130 5743; x_wconf 84' lang='lat' dir='ltr'><strong>lautus</strong></span> <span class='ocrx_word' id='word_1_725' title='bbox 1144 5684 1189 5738; x_wconf 92' lang='lat' dir='ltr'><strong>est</strong></span> <span class='ocrx_word' id='word_1_726' title='bbox 1204 5691 1301 5736; x_wconf 83' lang='lat' dir='ltr'><strong>sermo</strong></span> <span class='ocrx_word' id='word_1_727' title='bbox 1314 5674 1431 5730; x_wconf 87' lang='lat' dir='ltr'><strong>Domrnr</strong></span> <span class='ocrx_word' id='word_1_728' title='bbox 1446 5671 1482 5727; x_wconf 84' lang='lat' dir='ltr'><strong>ad</strong></span> <span class='ocrx_word' id='word_1_729' title='bbox 1499 5683 1557 5734; x_wconf 86' lang='lat' dir='ltr'><strong>nra,</strong></span> 
     </span>
    </p>
   </div>
   <div class='ocr_carea' id='block_1_5' title="bbox 82 5761 986 5831">
    <p class='ocr_par' dir='ltr' id='par_1_17' title="bbox 82 5761 986 5831">
     <span class='ocr_line' id='line_1_77' title="bbox 82 5761 986 5831; baseline -0.015 -1"><span class='ocrx_word' id='word_1_730' title='bbox 82 5779 86 5831; x_wconf 93' lang='lat' dir='ltr'><strong>l</strong></span> <span class='ocrx_word' id='word_1_731' title='bbox 100 5790 159 5831; x_wconf 92' lang='lat' dir='ltr'><strong>non</strong></span> <span class='ocrx_word' id='word_1_732' title='bbox 170 5771 304 5827; x_wconf 84' lang='lat' dir='ltr'><strong>dixerunt</strong></span> <span class='ocrx_word' id='word_1_733' title='bbox 314 5769 349 5826; x_wconf 91' lang='lat' dir='ltr'><strong>ad</strong></span> <span class='ocrx_word' id='word_1_734' title='bbox 361 5775 389 5825; x_wconf 89' lang='lat' dir='ltr'><strong>te</strong></span> <span class='ocrx_word' id='word_1_735' title='bbox 399 5768 505 5823; x_wconf 91' lang='lat' dir='ltr'><strong>domus</strong></span> <span class='ocrx_word' id='word_1_736' title='bbox 521 5761 620 5830; x_wconf 86' lang='lat' dir='ltr'><strong>lsrael,</strong></span> <span class='ocrx_word' id='word_1_737' title='bbox 632 5763 738 5818; x_wconf 90' lang='lat' dir='ltr'><strong>domus</strong></span> <span class='ocrx_word' id='word_1_738' title='bbox 863 5761 964 5818; x_wconf 84' lang='lat' dir='ltr'><strong>diecna</strong></span> <span class='ocrx_word' id='word_1_739' title='bbox 978 5774 986 5816; x_wconf 74' lang='grc' dir='ltr'><strong>ε</strong></span> 
     </span>
    </p>
   </div>
   <div class='ocr_carea' id='block_1_6' title="bbox 0 0 1944 6150">
    <p class='ocr_par' dir='ltr' id='par_1_18' title="bbox 0 0 1944 6150">
     <span class='ocr_line' id='line_1_78' title="bbox 0 0 1944 6150; baseline 0 0"><span class='ocrx_word' id='word_1_740' title='bbox 0 0 1944 6150; x_wconf 95' lang='lat' dir='ltr'><strong> </strong></span> 
     </span>
    </p>
   </div>
  </div>
 </body>
</html>
