3878 6150
110 215 185 272 1025
457 220 460 225 ·
675 218 781 273 crena
799 216 1012 272 succursus
1030 217 1239 274 caessara.
1746 226 1815 283 roae
1890 204 1895 213 ’

147 337 301 413 propheta,
318 339 347 394 el
361 336 463 395 dices:
951 338 1192 412 Alniquitatem,
1210 338 1594 416 iniquitatem,iniquitatem
1611 362 1788 419 ponameam
1805 365 1813 406 t
1887 386 1891 391 -
1930 316 1934 325 Ι

108 412 178 469 Haee
192 411 263 467 dicit
278 409 420 466 Dominus
435 409 514 466 Daue
532 428 539 468 :
1027 417 1056 467 et
1073 411 1125 466 hoc
1141 427 1199 467 non
1216 413 1325 469 lantum
1341 420 1395 481 est,
1412 415 1504 472 donec
1528 418 1640 474 veniret
1654 420 1707 493 (tt.
1726 422 1774 478 liet
1788 431 1815 479 ct

109 485 243 556 Loquere
260 498 267 538 :
1062 481 1168 554 veniat)
1183 484 1268 554 quns
1282 485 1493 558 estjndioium,

108 555 247 624 Gladius,
262 550 378 625 gladius
393 555 535 608 exacutus
549 555 606 619 est,
622 554 652 608 et
666 550 797 609 limatus.
1026 555 1179 610 ettrndarn
1190 555 1228 610 ei.

147 627 185 683 Ut
199 625 292 681 cadat
306 621 450 690 victimas,
465 629 607 681 exacutus
620 627 687 680 est:
991 625 1026 680 llt
1041 629 1084 690 tu,
1100 624 1140 680 iili
1158 625 1296 695 hominis,
1312 628 1460 701 propheta,
1478 635 1506 687 et
1520 630 1566 689 dic
1582 648 1589 688 :

147 705 181 754 nt
196 696 359 768 splendeat,
374 695 497 751 limatus
512 699 557 752 est
573 711 580 752 :
992 699 1056 753 llaec
1072 696 1144 753 dicit
1159 698 1302 754 Dominus
1317 700 1394 756 Daue
1409 704 1446 757 ad
1461 703 1538 759 filios
1555 709 1693 775 Ammon,

109 772 167 838 Qui
182 784 281 825 moves
295 775 442 838 sceptrum
458 766 511 821 lilii
530 768 598 837 mei,
1025 773 1054 823 et
1066 769 1101 823 ad
1119 769 1310 840 opprobrium
1321 788 1435 841 eorum,
1448 778 1477 829 et
1491 775 1571 832 dices
1587 793 1594 832 :

148 839 301 898 succidisti
317 855 403 895 omne
418 838 544 911 lignum.
990 840 1100 906 llucro,
1117 856 1229 908 mucro,
1246 857 1298 897 eva
1320 842 1368 899 ina
1384 850 1411 900 te
1426 845 1462 900 ad
1479 847 1670 905 occidendum

109 921 144 972 Et
161 913 227 969 dedi
242 926 309 967 euin
324 911 360 966 ad
376 909 573 981 levigandum,
591 915 624 966 ut
639 914 772 966 teneatur
787 924 874 964 mann
893 925 899 964 :
1026 911 1096 967 lima
1113 915 1152 976 te,
1168 916 1201 967 ul
1215 859 1384 983 intenderas,
1400 920 1428 972 et
1444 916 1567 988 fulgeas,
1677 893 1683 917 ’

148 985 204 1041 iste
218 985 359 1039 exacutus
375 986 420 1036 est
429 981 556 1054 gladius,
573 988 602 1037 et
616 982 672 1039 isto
687 981 821 1049 limatus,
990 982 1062 1039 Cum
1080 982 1131 1038 tibi
1148 984 1316 1041 viderentur
1329 1003 1414 1054 vana,
1430 992 1458 1044 et
1478 989 1678 1047 divinarentur
1692 992 1812 1050 monda-

147 1063 181 1112 ut
195 1055 279 1111 sitin
295 1069 384 1108 manu
400 1052 614 1112 interficientis.
1063 1053 1108 1109 cia
1125 1057 1146 1122 ¹,

109 1129 227 1194 Clamo,
245 1130 275 1182 et
289 1122 381 1189 ulula,
398 1122 440 1179 lili
456 1124 596 1195 hominis,
1027 1130 1060 1181 ut
1073 1126 1180 1181 daretis
1195 1142 1285 1198 snper
1299 1127 1373 1185 colla
1391 1128 1611 1188 vulneratorum
1628 1134 1786 1207 impiorum
1804 1151 1812 1193 :

147 1200 217 1272 quin
233 1196 281 1253 hio
297 1197 392 1252 tactus
404 1199 449 1251 est
463 1197 493 1251 io
510 1197 617 1269 populo
634 1213 710 1266 meo,
1027 1213 1153 1269 quorum
1164 1198 1245 1254 uenit
1259 1199 1321 1255 dies
1331 1204 1463 1273 tempore
1478 1203 1518 1257 ini
1543 1203 1641 1261 uitatis
1653 1208 1809 1278 praefinita.

146 1273 195 1327 irio
210 1269 240 1324 in
255 1267 369 1350 eunctis
384 1267 510 1323 ducibus
526 1268 615 1324 lsrael
630 1270 681 1342 qui
698 1273 833 1343 lugerent
848 1289 855 1326 :
991 1269 1145 1326 Revertere
1160 1268 1195 1324 nd
1220 1270 1355 1343 vaginam
1382 1280 1474 1343 tuum,
1490 1219 1543 1329 inl

109 1343 217 1401 Gladio
233 1339 330 1396 traditi
346 1342 416 1394 sunt
430 1354 497 1394 eum
513 1340 621 1412 populo
637 1356 713 1409 meo,
1062 1346 1111 1396 tue
1125 1357 1168 1407 es,

147 1414 256 1471 idcireo
273 1412 379 1484 pianda
402 1426 493 1482 super
507 1413 611 1480 lemur,
628 1413 678 1485 qui
702 1413 844 1485 probatus
868 1417 935 1469 est:
1027 1411 1058 1466 in
1074 1420 1150 1467 terra
1162 1413 1323 1472 nativitatis
1339 1420 1396 1472 tna
1406 1417 1546 1488 judicabo
1560 1423 1600 1487 te,

148 1491 178 1543 ot
193 1485 258 1551 hoc,
274 1499 341 1538 cum
368 1489 517 1554 sceptrum
540 1483 726 1555 subverterit,
742 1488 771 1540 et
785 1500 844 1541 uon
870 1486 937 1552 erit,
1027 1491 1055 1538 et
1069 1483 1217 1540 ellundam
1233 1492 1362 1558 superte
1377 1488 1609 1561 indignationem
1625 1507 1742 1551 meum:

185 1557 257 1612 dicit
267 1552 409 1610 Dominus
426 1558 510 1609 Deus.
993 1555 1026 1611 ln
1042 1555 1109 1626 igne
1125 1556 1232 1612 luroris
1247 1560 1303 1615 mei
1317 1559 1442 1617 sulllabo
1456 1561 1487 1616 in
1502 1566 1541 1632 te,

109 1631 155 1687 Tu
171 1643 250 1700 ergo,
268 1626 309 1681 lili
326 1625 465 1696 hominia,
482 1624 633 1697 propheta,
650 1630 679 1682 et
703 1628 822 1699 percule
847 1642 936 1682 manu
1028 1626 1162 1697 daboque
1190 1634 1218 1683 te
1240 1631 1269 1684 in
1297 1648 1401 1686 manus
1431 1632 1584 1689 hominurn
1609 1633 1813 1717 insipientium

1547 1291 1598 1331 oco
1613 1277 1642 1332 in
1659 1293 1717 1350 quo
1733 1294 1813 1336 orca·
1902 1338 1905 1343 ,

185 1703 368 1765 admocum,
953 1714 976 1779 Β
1062 1698 1115 1765 (ΑΙ.
1133 1698 1314 1772 stultorum),
1326 1707 1354 1758 et
1369 1703 1578 1761 fabricantium
1593 1705 1743 1764 interitum
1760 1708 1814 1775 tit.
1929 1692 1932 1697 ¹

148 1779 177 1829 et
192 1771 229 1827 dn
254 1770 361 1825 licetur
374 1767 501 1842 gladius,
519 1785 551 1825 ac
571 1767 734 1841 triplicetur
758 1767 876 1842 gladius
891 1769 938 1825 in·
1063 1770 1303 1843 corruptionem).

184 1787 372 1898 terfectornm
395 1858 402 1897 :
993 1838 1056 1910 igni
1071 1839 1129 1897 eris
1143 1841 1239 1913 cibus,

109 1917 167 1972 llio
181 1919 227 1970 est
240 1912 357 1985 gladius
372 1912 527 1971 occisionis
543 1929 666 1986 magne,
1029 1912 1151 1985 sangnis
1167 1918 1236 1971 tuus
1250 1914 1305 1970 erit
1319 1916 1349 1971 in
1365 1917 1460 1974 medio
1476 1922 1570 1988 terra,

149 1986 202 2060 qni
217 1986 423 2056 obstupescere
438 2000 488 2040 eos
502 1985 581 2054 lacit,
597 1989 625 2041 st
641 1985 728 2042 corde
743 1985 940 2053 tabescerent
1029 1983 1166 2039 oblivioni
1184 1987 1309 2042 traderis
1326 2004 1332 2044 :

187 2055 365 2128 multiplicat
381 2055 491 2112 ruinas.
1030 2056 1100 2126 quia
1114 2072 1167 2183 ego
1183 2058 1326 2114 Dominus
1341 2058 1456 2116 locutus
1471 2077 1549 2117 sum.

114 2135 149 2188 lu
174 2128 311 2185 omnibus
341 2128 433 2199 portis
461 2144 563 2184 eorum
590 2129 656 2184 dadi
686 2130 940 2188 conturbationem
992 2123 1070 2198 (cap.
1087 2126 1132 2181 XX
1150 2128 1179 2198 l).
1197 2129 1231 2184 Et
1246 2129 1355 2186 lactum
1370 2136 1415 2187 eat
1436 2133 1557 2189 verbum
1579 2133 1692 2190 Domini
1706 2135 1741 2191 ad
1757 2149 1814 2206 me,
1922 2124 1936 2171 ·’

189 2200 278 2273 gladii
294 2199 382 2268 acuti,
398 2203 427 2254 et
442 2196 537 2256 limati
552 2199 588 2258 ad
605 2201 788 2273 fulgendum,
1067 2198 1167 2255 dicens
1188 2216 1193 2255 :

155 2271 255 2328 amicti
270 2271 305 2327 ad
327 2269 443 2327 caedem.
995 2269 1029 2325 tet
1043 2273 1085 2338 tu,
1102 2269 1143 2325 lili
1158 2269 1298 2338 hominis,

115 2347 274 2412 Dxaouere,
290 2341 361 2397 vade
375 2343 410 2397 ad
426 2343 586 2409 dexteram,
602 2343 661 2400 sive
677 2345 712 2399 ad
728 2343 890 2414 sinistram,
1031 2357 1102 2397 num
1127 2342 1256 2413 judices,
1283 2360 1353 2400 num
1376 2343 1494 2416 judices
1519 2344 1664 2403 civitatem
1695 2348 1817 2421 sangui·

154 2429 331 2488 quoeunque
346 2413 428 2469 laciei
443 2416 500 2469 tuae
515 2418 560 2469 est
574 2416 732 2487 appetitus.
1067 2416 1163 2468 num?

116 2492 193 2556 Quin
209 2492 238 2542 et
252 2502 304 2557 ego
321 2484 458 2557 p'audnm
475 2501 565 2540 manu
581 2487 617 2542 ad
635 2503 769 2556 manum,
996 2488 1031 2540 Et
1045 2485 1184 2540 ostendes
1199 2485 1251 2555 (rt.
1268 2487 1410 2559 ostensis)
1425 2488 1450 2544 ei
1467 2505 1569 2546 omnes
1584 2490 1819 2549 abominationes

154 2566 182 2617 ot
199 2557 326 2628 implebo
338 2556 569 2627 indignationem
587 2574 694 2626 meam,
1068 2572 1148 2623 suas,
1165 2562 1192 2611 ot
1212 2556 1315 2614 dices:

153 2647 207 2702 ego
224 2628 363 2684 Dominus
380 2628 494 2685 locutus
505 2644 584 2685 sum.
996 2631 1063 2683 Hae
1077 2627 1146 2684 dieii
1161 2628 1302 2684 Dominus
1318 2627 1395 2685 Deus
1410 2645 1417 2684 :

115 2710 154 2762 Et
169 2705 263 2759 lactus
278 2705 323 2756 est
338 2715 434 2755 sermo
451 2700 565 2755 Domini
582 2700 618 2756 sd
634 2715 693 2769 me,
709 2700 810 2757 dicens
827 2717 834 2756 :
997 2699 1103 2755 Civitas
1119 2700 1271 2756 ellnndous
1295 2701 1468 2772 sanguinein
1484 2701 1514 2755 in
1539 2701 1636 2758 medio
1651 2702 1708 2772 sul,
1723 2705 1755 2757 ut
1769 2717 1818 2759 ve·

116 2777 151 2832 Et
167 2772 260 2841 tu,bli
272 2770 412 2840 hominis,
1068 2770 1130 2827 nint
1145 2775 1262 2840 tempus
1277 2772 1341 2840 eius
1358 2788 1364 2826 :

153 2843 296 2971 pogeltibi
313 2844 386 2899 duas
400 2841 472 2911 vias,
489 2846 522 2898 nt
544 2841 644 2900 veniat
657 2841 774 2916 gladius
797 2843 872 2914 regis
886 2847 941 2901 Ba·
1032 2847 1061 2898 et
1076 2859 1140 2914 quae
1157 2842 1223 2897 lecit
1236 2842 1315 2898 idola
1331 2845 1432 2900 eontra
1447 2843 1647 2917 semetipsam,
1660 2848 1693 2899 ut
1704 2842 1819 2915 pollue·

240 2930 328 2971 onis:
1069 2919 1159 2970 retur.

115 2996 158 3046 De
173 2934 253 3045 teryra
268 3003 326 3042 une
340 2984 527 3058 egredientur
543 2986 656 3043 ambe:
998 2990 1029 3043 ln
1046 2985 1190 3058 sanguine
1203 2987 1266 3052 tuo,
1282 2983 1332 3057 qui
1349 2988 1406 3040 ate
1419 2984 1530 3042 elinsus
1543 2984 1756 3059 est,deliquisti
1773 3002 1780 3042 :

153 3066 182 3117 et
199 3075 288 3115 manu
303 3060 399 3129 capiet
413 3059 624 3129 conjecturam,
956 3079 979 3148 c
1033 3062 1061 3115 et
1075 3058 1105 3112 in
1121 3055 1208 3112 idolis
1224 3056 1294 3124 tuis,
1310 3071 1376 3126 ques
1391 3055 1495 3122 iecisti,
1513 3055 1624 3128 polluta
1640 3074 1672 3114 es
1688 3073 1696 3114 r

155 3133 184 3187 in
200 3129 293 3204 capite
308 3129 359 3184 via
374 3129 501 3185 civitatis
516 3129 660 3200 conjiciet.
997 3130 1033 3186 Et
1045 3128 1281 3201 appropinquare
1296 3127 1391 3183 iecisti
1403 3128 1467 3183 dies
1478 3132 1556 3196 tuos,

117 3205 204 3261 Viam
220 3217 311 3275 pones
326 3205 359 3257 nt
372 3201 469 3257 veniat
482 3200 599 3273 gladius
615 3200 650 3257 ad
672 3199 803 3256 llabbotb
819 3199 943 3259 aliorum
1033 3206 1062 3257 ct
1076 3200 1224 3256 adduxisti
1239 3206 1358 3271 ternpus
1372 3215 1516 3255 annorum
1531 3205 1670 3268 tuorum;

192 3282 331 3339 Ammon,
998 3272 1153 3344 Propterea
1168 3271 1234 3327 dedi
1250 3275 1278 3327 te
1294 3271 1485 3343 opprobrium
1502 3272 1652 3345 gentibus,

154 3351 183 3405 et
200 3347 235 3402 ad
251 3344 358 3400 ludam
372 3342 402 3399 in
417 3344 478 3416 (Al.
493 3349 522 3400 et
536 3344 584 3415 ad)
599 3340 763 3401 Jerusalem
780 3343 943 3401 munitissi·
1033 3349 1061 3400 et
1074 3344 1240 3399 irrisionem
1256 3342 1401 3399 universis
1417 3343 1513 3398 terris.
1911 3370 1915 3377 ·

193 3431 284 3473 mam.
998 3417 1065 3483 Qus
1076 3416 1161 3484 iuxta
1176 3418 1256 3480 sunt,
1273 3419 1302 3470 et
1316 3429 1380 3487 qua
1395 3414 1496 3488 procul
1512 3430 1529 3470 a
1543 3418 1582 3486 te,
1594 3411 1822 3486 triumphabunt
1910 3450 1913 3456 -

115 3490 205 3547 Stetit
220 3489 298 3544 enim
315 3504 364 3544 rex
378 3486 536 3560 Babylonis
549 3487 580 3544 in
597 3487 684 3554 bivio,
702 3487 731 3543 in
751 3489 846 3561 capite
871 3488 944 3545 dua·
1069 3488 1105 3543 da
1119 3491 1170 3543 te:

191 3577 257 3616 rum
273 3558 397 3628 viarum,
412 3558 622 3616 divinationem
638 3575 784 3631 quaerens,
1033 3557 1163 3628 sordida,
1180 3554 1298 3619 nobilis,
1314 3555 1436 3682 grandis
1453 3555 1584 3613 interitu.

154 3630 350 3690 commiscens
365 3630 489 3703 sagittas
506 3648 512 3685 :
530 3630 720 3701 interrogavit
734 3630 823 3704 idola,
997 3631 1069 3687 Doce
1083 3629 1229 3702 principes
1242 3629 1320 3683 ierne
1357 3627 1467 3699 singuli
1492 3629 1521 3683 in
1547 3627 1666 3685 brachio
1690 3643 1744 3685 sno
1760 3628 1822 3682 lnc-

153 3709 221 3760 exte
236 3701 393 3759 consuluit.
1069 3706 1138 3756 runt
1152 3700 1182 3755 in
1194 3704 1233 3765 te,

116 3777 160 3833 Ad
176 3777 324 3831 dexteram
344 3775 408 3845 ojus
425 3774 500 3831 laeta
514 3778 559 3832 est
570 3774 707 3832 divinatio
723 3777 946 3847 superdorusa·
1034 3773 1068 3827 ad
1082 3770 1291 3827 effundendum
1315 3769 1501 3840 sanguinem.

192 3846 262 3910 lem,
998 3847 1113 3899 Petrum
1129 3846 1157 3898 at
1171 3844 1294 3896 matrem
1312 3839 1500 3896 contumeliis
1516 3841 1672 3895 alienarunt
1687 3841 1716 3896 in
1733 3845 1771 3910 te,

156 3921 189 3973 ut
203 3920 292 3991 ponat
306 3917 423 3986 arietes,
1035 3915 1177 3971 advenam
1192 3909 1364 3967 calumniati
1381 3914 1451 3966 suot
1467 3911 1496 3967 in
1513 3911 1609 3967 medio
1625 3911 1679 3979 tui,

156 3993 222 4045 uta
244 3988 316 4043 eriat
330 4005 363 4044 os
378 3989 410 4045 in
424 3991 513 4060 crede,
1034 3983 1182 4058 pupillum
1195 3989 1224 4040 et
1238 3981 1354 4037 viduam
1370 3981 1617 4038 contristaverunt
1632 3999 1648 4038 a
1671 3984 1708 4038 ud
1726 3986 1755 4040 te
1771 4000 1778 4038 :

155 4064 191 4116 ut
206 4006 298 4116 aforet
312 4075 410 4116 vocem
426 4063 455 4118 in
471 4061 596 4129 ululolu,
999 4056 1171 4138 sanctuaria
1195 4071 1259 4111 mea
1271 4051 1405 4125 sprevisti
1425 4054 1478 4124 (At.
1495 4002 1670 4127 sprevistis?
1687 4054 1739 4127 (At.
1756 4052 1821 4126 pcl-

157 4136 192 4188 ut
206 4134 296 4204 ponat
310 4132 417 4188 arietes
432 4139 534 4190 contra
548 4138 659 4206 portus,
1073 4127 1195 4198 inistis),

159 4209 193 4259 ut
206 4219 270 4258 eom
295 4208 369 4259 ortet
382 4219 528 4277 aggerem,
1034 4203 1064 4255 et
1077 4199 1200 4256 sabbata
1215 4215 1280 4256 men
1296 4198 1439 4271 polluisti.

158 4279 191 4331 ut
205 4275 328 4330 adlinet
343 4277 532 4332 munitiones.
999 4269 1060 4326 Viri
1073 4271 1251 4328 detractores
1265 4272 1380 4327 luerunt
1396 4271 1424 4326 in
1441 4274 1469 4327 to
1484 4270 1520 4326 nd
1532 4268 1742 4327 effundendum
1753 4284 1823 4325 enn-

120 4347 183 4403 Drit
206 4361 242 4402 ue
256 4345 342 4417 quasi
357 4346 513 4403 consulens
528 4346 639 4403 trustra
660 4347 812 4404 oraculum
828 4348 857 4404 in
874 4364 945 4405 ocu·
1035 4342 1168 4414 guinem,

184 4363 358 4489 iraeneum,
959 4449 984 4515 D
1036 4419 1065 4469 et
1079 4429 1169 4486 super
1185 4418 1299 4469 montes
1314 4414 1506 4470 comederunt
1520 4412 1549 4468 in
1566 4416 1604 4484 te,

159 4492 189 4545 et
204 4488 394 4544 sabbatorum
409 4490 504 4544 otium
519 4488 662 4544 imitans:
1036 4485 1132 4541 scelus
1147 4484 1258 4557 operati
1272 4490 1343 4541 sunt
1356 4486 1385 4541 in
1402 4485 1499 4541 medio
1512 4484 1567 4539 tui.

120 4560 189 4631 lpse
203 4562 301 4615 entem
317 4558 567 4616 recordabiturini
591 4559 690 4616 uitatis
707 4561 742 4616 ad
758 4560 946 4635 capiendum.
999 4555 1216 4613 Verecundiora
1230 4556 1322 4628 patris
1337 4557 1600 4629 discooperuerunt
1614 4556 1644 4610 in
1659 4558 1697 4624 te,

121 4630 235 4686 Idcirco
249 4629 310 4685 heo
325 4629 397 4685 dicit
410 4628 553 4687 Dominus
569 4576 592 4686 D

120 4706 178 4756 Pro
194 4716 227 4756 nn
243 4700 322 4772 quod
346 4701 489 4757 recordati
512 4701 584 4758 estis
599 4702 766 4775 iniquitatis
788 4708 902 4775 vestra,
919 4710 949 4764 et
999 4699 1034 4756 lli
1049 4700 1252 4773 unusquisque
1276 4699 1306 4755 in
1321 4715 1440 4757 uxorem
1468 4699 1593 4772 proximi
1617 4700 1664 4756 8ῦί
1683 4701 1823 4770 operatu!

194 4769 347 4827 revelastis
362 4772 615 4843 prevaricationes
631 4778 755 4840 vestras,
1071 4775 1117 4827 est
1130 4770 1393 4841 abominationem,

159 4844 190 4897 et
204 4847 406 4924 apparuerunt
420 4847 540 4914 peccata
559 4849 657 4902 vestra
670 4845 700 4900 in
715 4845 854 4903 omnibus
869 4849 949 4921 eogi-
1036 4846 1065 4898 ot
1079 4858 1177 4899 sorcer
1192 4858 1298 4898 nurum
1314 4858 1399 4898 enam
1416 4841 1522 4968 polluit
1536 4840 1657 4910 nelarie,

195 4911 359 4969 tatronibus
372 4914 499 4970 vestris:
1036 4913 1127 4970 lrator
1141 4929 1270 4971 sororem
1286 4929 1382 4981 snam,
1399 4914 1416 4968 fi
1431 4912 1490 4969 ism
1509 4911 1600 4985 patris
1615 4913 1661 4969 aui
1678 4907 1825 4982 oppressit

121 4983 181 5038 Pro
196 4995 241 5064 eo,
257 4982 390 5066 inquam,
406 4985 485 5055 qnod
499 4985 643 5042 recordati
659 4986 836 5055 estis,mann
852 4989 951 5062 capia·
1037 4986 1067 5040 in
1083 4990 1122 5041 te.

121 5121 167 5177 'l'n
182 5067 283 5180 affl
309 5124 431 5194 prolana
455 5125 546 5199 impie
573 5126 633 5183 dux
647 5126 736 5184 lsrael
1000 5060 1308 5200 uunegffinlggreqewnt
1323 5056 1401 5129 amm
1420 5060 1448 5111 te
1474 5056 1509 5110 ad
1525 5053 1737 5110 effundendum
1753 5067 1825 5108 m-

159 5193 247 5277 ouius
256 5163 340 5276 ,venit
355 5195 418 5279 dies
427 5165 458 5252 i’n
474 5167 605 5268 tempore
615 5171 780 5270 iniqnits’tis
791 5199 949 5270 prefinito:
1001 5201 1129 5255 Usuram
1142 5202 1171 5255 et
1185 5169 1487 5270 superabundantiam
1501 5194 1651 5323 accepisti,

124 5260 193 5318 Dreo
206 5264 278 5320 droit
290 5265 434 5322 Dominus
447 5266 526 5324 Dans
542 5283 550 5322 ι
1037 5272 1067 5326 et
1082 5285 1167 5327 avare
1181 5269 1330 5397 proximos
1345 5279 1409 5327 tuos
1422 5268 1571 5325 calumnia
1594 5283 1652 5323 aris

121 5332 214 5389 Aufer
227 5334 363 5407 cidarim,
378 5335 450 5393 tolle
464 5352 601 5395 eoronam
619 5353 627 5394 τ
1038 5342 1185 5413 meiqueo
1207 5342 1260 5398 lita
1274 5357 1318 5410 es,
1334 5341 1376 5397 ait
1389 5339 1534 5398 Dominus
1550 5343 1627 5395 Deus
1644 5354 1650 5392 :

595 4646 671 4688 eus:
1034 4627 1244 4685 immunditam
1263 4632 1454 4686 menstruata
1477 4627 1710 4684 humiliaverunt
1722 4625 1753 4681 in
1769 4629 1821 4682 te:
1923 4634 1929 4649 “

158 5419 258 5461 nonne
272 5403 333 5461 hac
348 5410 405 5472 ast,
420 5423 485 5479 qna
499 5407 643 5466 humilem
658 5407 865 5478 sublevavit,et
878 5414 952 5470 sub·
1002 5411 1074 5470 Doce
1095 5413 1238 5486 complosi
1253 5429 1359 5470 manus
1375 5428 1456 5470 meas
1470 5427 1559 5484 super
1573 5407 1726 5467 avaritiam
1742 5410 1825 5464 tuam
1926 5472 1930 5479 .

196 5473 302 5532 limem
318 5476 511 5534 humiliavit?
1076 5499 1164 5555 quam
1178 5483 1285 5554 iecisti,

159 5613 349 5673 ¹Consutnm
364 5616 952 5682 hichsoetmnoniessn-ttermanensis
1004 5623 1120 5680 mulitia
1148 5626 1229 5683 dedit
1255 5626 1354 5683 ssnem.
1378 5650 1392 5677 »
1422 5626 1505 5683 Unde
1534 5623 1652 5681 tinxerit
1680 5620 1827 5681 sententia

123 5686 224 5742 textus
249 5702 335 5743 sacar
358 5687 491 5745 scholion
517 5688 598 5747 istud
622 5706 752 5764 sequens
768 5707 775 5746 :
790 5713 805 5743 n
820 5691 884 5751 Non
908 5700 954 5754 est
1003 5694 1065 5752 hac
1080 5711 1088 5752 r
1104 5688 1245 5754 Nostrum
1261 5714 1318 5754 non
1334 5703 1379 5755 est
1393 5698 1533 5754 divinare.
1551 5698 1644 5755 Mser.

124 5754 296 5813 damonum
312 5756 463 5828 dirinstio,
475 5760 526 5817 sed
537 5760 810 5834 Deilndiclnm,qni
819 5765 952 5836 perlecta
