3870 6120
18 250 39 391 Ἰ
150 301 187 362 ss
731 299 894 360 Pernen
915 297 1265 362 cereniormonen
1616 260 1619 265 ’
1814 304 1856 361 ee

151 436 290 519 quodad
302 443 442 499 nostram
462 440 580 497 aetatem
595 454 693 517 usque
719 435 782 500 ista
810 454 826 494 e
853 434 988 496 tenebris
1016 455 1077 496 non
1097 435 1282 518 prodierint
1309 435 1343 496 in
1371 435 1480 498 lucem.
1515 435 1704 516 Congruum
1742 437 1856 520 quippe

149 529 256 598 tuerat
278 532 314 588 ut
340 526 398 588 sub
423 531 509 586 tanto
526 525 693 607 pontifice,
721 523 816 586 solita
844 523 974 585 maximi
999 523 1220 607 Srnpturarum
1250 525 1429 607 interpretis
1457 523 1648 595 Hieronymi
1675 525 1855 587 ministerio

149 632 358 708 repeterentur
372 625 473 706 (Dist.
491 626 540 704 15,
556 633 622 706 cap.
640 624 755 686 Sancta
770 628 912 685 flemene
926 622 1089 704 Ecclesia).
1105 623 1226 684 lubens
1242 623 1365 684 docebit
1380 625 1413 684 in
1427 623 1724 707 Isroctpraeceptum
1743 630 1773 685 et
1790 646 1855 705 Ju—

153 723 283 802 dicium,
299 724 330 783 si
343 729 371 782 tc
385 720 561 801 adjutorem
577 742 613 781 ac
619 727 791 804 patronum
808 720 918 781 trabere
931 721 1092 801 meruerit,
1108 721 1290 799 Pontificine
1305 723 1388 782 vocis
1403 728 1456 783 tuo
1470 722 1597 783 oraculo
1604 722 1761 803 probatus
1775 744 1853 784 con·

142 821 371 901 firmatusque.
388 820 454 881 Nec
467 826 669 900 exsurgentes
684 819 781 892 turus
796 818 943 901 temporis
959 819 1109 900 quosdam
1124 818 1240 898 Rufini
1254 819 1404 901 gregales
1419 819 1852 903 morabitursuprataudatus

151 917 447 998 Innocentiifilius,
463 918 494 979 si
508 923 537 978 te
550 919 784 979 secretissimum
799 938 889 978 suum
905 917 1032 977 Patrem
1047 917 1187 978 audierit
1199 938 1269 979 cum
1288 916 1420 979 Gelasio
1434 924 1464 978 et
1477 918 1611 979 concilio
1626 916 1767 981 Romano
1782 926 1853 984 pro-

151 1013 355 1076 clamentam:
371 1015 430 1077 lile
445 1016 606 1094 sentimus,
623 1034 693 1096 qum
708 1017 835 1078 beatum
851 1016 1077 1097 Hieronymum
1092 1017 1208 1078 sentire
1222 1017 1459 1095 cognoscimus3
1477 1022 1508 1079 et
1522 1035 1585 1078 non
1600 1016 1702 1077 solum
1727 1016 1766 1076 de
1792 1018 1854 1078 Ru·

36 1142 43 1149 ·
150 1111 229 1188 lino,
244 1112 406 1177 sedetiam
421 1115 460 1175 de
476 1115 638 1186 universis,
653 1132 733 1193 ques
749 1114 795 1175 vir
809 1114 925 1195 saepiue
941 1120 1144 1188 memoratus,
1160 1115 1227 1176 zelo
1242 1114 1297 1176 Dei
1311 1120 1343 1176 et
1357 1113 1430 1175 fldei
1445 1113 1598 1193 religione
1609 1112 1824 1193 reprehendit.

72 1198 74 1203 ¹
190 1210 271 1272 Post
283 1210 415 1273 multam
429 1220 551 1294 operam
567 1218 717 1287 nostram,
734 1232 826 1294 quom
839 1212 871 1273 in
886 1232 936 1272 res
951 1210 1099 1273 obscuras
1112 1217 1204 1293 atque
1216 1210 1375 1291 difficiles
1389 1211 1595 1291 contutimus,
1610 1216 1697 1272 tuum
1711 1216 1766 1289 est,
1785 1211 1854 1270 Pa-

150 1312 198 1370 ter
212 1308 401 1386 beatissime,
416 1310 611 1388 Hieronymo
625 1311 858 1392 evangelizanti
871 1312 1002 1373 multam
1017 1311 1051 1372 in
1065 1309 1208 1373 Ecclesia
1222 1311 1367 1373 virtutem
1383 1309 1531 1373 tribuere.
1546 1308 1664 1392 (Epist.
1680 1310 1744 1382 58).
1754 1308 1805 1370 Ita
1817 1309 1852 1369 iu

148 1405 231 1468 sotio
245 1427 314 1470 cum
329 1408 492 1470 duodecim
499 1410 711 1490 judicaturus
732 1408 858 1469 sedeas:
884 1408 929 1469 ito
938 1409 1165 1491 municipatum
1178 1409 1248 1470 caeli
1262 1429 1331 1470 cnm
1346 1408 1450 1470 Paulo
1470 1409 1682 1489 consequaris.
1715 1405 1852 1469 Felicem

139 1512 279 1587 prorsus
290 1526 327 1567 oc
332 1506 506 1589 providum
521 1507 657 1570 laborem
671 1512 814 1568 nostrum
830 1506 1020 1568 litterarium
1034 1507 1258 1591 reputabimus,
1275 1508 1306 1568 si
1312 1510 1477 1590 profectus
1492 1512 1598 1568 noster
1611 1511 1641 1567 et
1660 1513 1715 1567 tua
1742 1505 1854 1587 gloria

27 1614 30 1619 '
145 1603 263 1669 tuerit:
279 1624 408 1687 cumque
421 1626 478 1667 nos
493 1627 609 1685 omues,
626 1626 702 1687 quos
709 1614 772 1687 pro
788 1605 899 1684 officio
912 1606 1084 1668 sacerdotii
1090 1605 1245 1685 fitiorum
1261 1604 1328 1667 loco
1341 1605 1501 1666 Sanctitas
1511 1611 1565 1666 tuo
1575 1604 1701 1685 diligit,
1712 1603 1853 1685 Aposto-

120 1772 123 1781 ,
145 1698 211 1762 lica
225 1701 318 1764 etiam
334 1701 545 1766 benedictione
558 1725 616 1765 suo
620 1709 840 1787 prosequetur.

308 1847 475 1910 Senetiteti
489 1851 564 1910 tnae.

266 1979 449 2042 offerebant
463 1980 634 2043 humillimi
649 1979 796 2043 Meneehi
810 1980 1006 2042 Benedictini
1019 1981 1279 2060 congregationis
1293 1982 1401 2043 Sancti
1415 1982 1442 2043 M
1447 1980 1526 2043 euri.

595 2323 1402 2455 PROLEGOMENA

836 2567 1163 2656 rnnsvrrnn

18 2954 21 2963 ,
90 2861 93 2865 -
230 2766 314 2933 S.
379 2767 955 2936 HIERONYMI
1011 2764 1770 2935 BIBLIOTHEGAM

724 3043 777 3104 EX
796 3043 981 3106 ΕΒΙΤΙΟΝΕ
1002 3043 1278 3105 ΒΕΝΕΒΙΟΤΙΝΑ.

983 3206 1019 3219 μ-

815 3324 1183 3423 PROOEMIUM.

191 3638 261 3718 Qui
274 3648 408 3704 ueterum
422 3643 611 3727 scriptorum
626 3665 721 3707 novas
736 3646 976 3727 aggrediuntur
989 3643 1153 3725 editiones,
1170 3645 1209 3705 de
1222 3649 1362 3726 suscepto
1377 3643 1415 3705 ob
1431 3641 1510 3725 ipsis
1524 3649 1612 3723 opere
1626 3639 1855 3724 tectorempau·

149 3736 196 3798 cis
210 3737 319 3800 docere
326 3748 464 3823 possunt
480 3763 486 3803 :
510 3763 579 3804 cnm
594 3743 675 3804 enirn
691 3745 724 3804 in
739 3743 933 3805 restituendo
948 3747 1050 3803 textus
1064 3742 1218 3804 librorum
1235 3742 1430 3822 integritate,
1447 3759 1483 3799 ac
1499 3737 1706 3799 illustrandis
1717 3741 1851 3802 nonnul·

63 3842 66 3853 '
146 3833 190 3896 lis
204 3834 284 3897 locis
298 3836 545 3917 obscurioribus,
563 3839 693 3902 illorum
700 3841 860 3923 precipue
875 3846 1014 3901 versetur
1028 3848 1141 3922 opero;
1158 3860 1220 3900 una
1235 3838 1283 3899 vet
1295 3836 1396 3899 altera
1412 3837 1445 3897 in
1464 3836 1500 3897 id
1513 3840 1732 3916 argumentum
1756 3836 1853 3898 insti-

148 3935 217 3993 tuta
231 3934 457 4017 disputatione,
474 3937 630 3999 studiosis
644 3936 960 4016 hominibussociunt
972 3937 1063 3999 satis.
1076 3937 1178 3999 Nobis
1193 3957 1263 3998 vero
1276 3935 1311 3997 S.
1337 3932 1527 4011 Hieronymi
1549 3930 1701 3993 Divinam
1723 3931 1854 3996 Biblio-

147 4026 279 4112 mecam,
296 4032 428 4095 antehac
442 4033 605 4115 ineditam,
621 4034 759 4097 utilitati
764 4035 903 4118 publice
913 4035 1147 4118 procurandam
1162 4033 1418 4117 suscipientibus,
1435 4038 1480 4094 tot
1494 4036 1641 4112 tantaque
1670 4031 1856 4094 incumbunt

149 4129 357 4192 maximarum
371 4151 476 4193 rerum
490 4138 654 4212 momento,
671 4138 707 4193 ut
720 4133 909 4214 magnitudo
919 4134 1022 4215 operis
1037 4132 1178 4215 impositi
1188 4152 1249 4194 non
1264 4131 1366 4193 solum
1390 4130 1522 4192 cervices
1542 4134 1679 4210 premat,
1709 4130 1767 4191 sed
1783 4136 1855 4191 aute

150 4222 309 4302 subfusco
323 4230 477 4292 ruendum
492 4231 546 4305 sit,
559 4251 650 4312 quam
666 4230 843 4294 levandum.
862 4231 947 4311 Quis
957 4231 1039 4292 enim
1049 4251 1111 4293 non
1121 4231 1322 4312 pertimescat
1335 4229 1465 4290 maximi
1479 4226 1716 4308 Scripturorum
1731 4228 1856 4289 divino·

149 4340 221 4383 rum
231 4322 418 4408 interpretis
430 4335 506 4410 opus
515 4329 706 4412 precipuum
721 4330 890 4413 expendere
905 4331 938 4392 in
953 4349 1030 4409 eam,
1044 4350 1137 4413 quam
1152 4334 1334 4392 consecutus
1348 4333 1406 4407 est,
1432 4327 1553 4407 linguae
1576 4323 1743 4386 Hebraice
1764 4326 1854 4407 peri-

150 4417 228 4481 tiam
245 4420 428 4502 inquirere‚·
444 4430 563 4508 tempus
578 4427 784 4508 scriptionum
799 4448 869 4508 esus
889 4425 1393 4509 translationumquepraefigere;
1407 4426 1521 4488 dubias
1532 4448 1568 4488 oc
1581 4426 1707 4509 spurias
1729 4444 1748 4484 a
1772 4424 1855 4484 veris

37 4510 62 4569 ’κ
150 4522 181 4577 et
193 4520 345 4600 genuinis
358 4522 536 4584 discernere
549 4522 822 4587 lucubrationibus
836 4547 848 4603 ;
855 4524 1103 4608 planumfacere
1117 4525 1237 4606 legenti
1264 4525 1371 4605 qualis
1398 4525 1431 4585 in
1457 4525 1586 4587 ecclesia
1614 4523 1743 4585 Christi
1748 4522 1858 4599 fuerit

44 4628 47 4633 '
151 4613 475 4691 Hieronymianarum
491 4622 664 4684 vertionum
680 4643 756 4685 usus
770 4645 782 4701 ;
798 4624 957 4705 multaque
971 4622 1159 4685 dissimilia
1174 4622 1300 4703 liquido
1315 4622 1539 4704 demonstrare,
1556 4642 1623 4703 qun
1638 4641 1692 4682 nec
1701 4620 1795 4691 facili
1805 4641 1855 4680 ne·

149 4715 241 4795 gotio
255 4718 434 4780 nominibus
448 4719 517 4780 suis
532 4721 789 4782 recenserentur?
803 4719 1076 4796 Exhorrescimus,
1083 4721 1204 4800 fateor,
1224 4720 1407 4782 immensum
1418 4720 1504 4783 illud
1513 4743 1550 4783 oc
1558 4720 1750 4799 prestandum
1760 4720 1855 4800 quasi

44 4878 47 4883 ,
149 4811 377 4895 disputationis
388 4817 536 4899 pelagus,
554 4817 588 4879 in
598 4819 682 4899 quod
696 4819 878 4879 necessitate
891 4816 1117 4900 concpellimur,
1134 4817 1168 4879 S.
1184 4817 1375 4895 Hieronymi
1389 4819 1534 4902 operibns
1547 4819 1678 4880 edendis
1688 4817 1812 4879 addicti
1826 4822 1856 4877 et

150 4914 336 4976 consecrati.
354 4914 418 4977 Sed
427 4935 545 4997 magna
555 4936 612 4979 nos
621 4925 691 4999 spes
701 4917 764 4978 ista
778 4923 860 4978 tenet
873 4917 958 5000 apud
970 4936 1089 4998 coquum
1104 4916 1271 4996 lectorem,
1287 4917 1407 4978 veniam
1422 4917 1545 4979 seilicet
1559 4916 1648 4978 nobis
1662 4915 1793 4984 facilius
1810 4917 1858 4976 in-

151 5007 360 5092 dulgendam,
376 5012 479 5074 sicubi
493 5013 527 5074 in
542 5014 634 5075 rebus
648 5021 756 5097 sponte
768 5036 826 5077 sua
840 5013 1087 5094 obscurioribus,
1103 5020 1132 5075 et
1146 5036 1165 5076 a
1180 5015 1301 5076 nemine
1316 5014 1420 5076 adlruc
1434 5016 1572 5090 tentatis,
1589 5014 1681 5076 itlius
1696 5013 1856 5074 desiderio

149 5127 211 5170 non
226 5129 323 5191 usque
337 5129 458 5192 quaque
472 5112 685 5188 satisfecimus
698 5133 711 5190 ,·
727 5112 776 5175 vel
788 5120 869 5175 certe
882 5115 913 5175 si
926 5111 1075 5175 nonnihil
1087 5112 1261 5195 aliquando
1277 5112 1487 5174 scribentibus
1502 5113 1665 5190 exciderit3
1682 5112 1767 5193 quod
1780 5132 1857 5173 ocu-

149 5204 280 5269 latiores
292 5206 578 5291 diligentioresque
592 5207 680 5270 lcaud
693 5210 872 5293 effugisset.
899 5211 974 5274 Hac
984 5211 1172 5293 spectatione
1183 5210 1343 5293 inprimis
1349 5211 1515 5294 provocati
1529 5211 1669 5292 quedam
1683 5209 1857 5271 emittimus

22 5370 25 5375 ,
148 5301 379 5388 Proiegomeno
395 5305 427 5366 in
438 5304 679 5368 elucidationem
693 5305 820 5369 Divino
835 5307 932 5388 liujus
946 5307 980 5370 S.
997 5306 1189 5379 Hieronymi
1203 5306 1496 5388 Bibliothecae,quae
1519 5315 1590 5369 ante
1610 5312 1751 5370 nostram
1776 5313 1856 5369 ecta-

49 5414 55 5421 ·
148 5404 208 5462 tem
221 5402 331 5465 clauso
344 5409 374 5463 et
388 5403 538 5485 ignorata
554 5401 627 5464 bene
639 5403 740 5489 multa
753 5406 930 5484 patefaciet,
947 5405 1137 5488 scriptorum
1152 5426 1189 5465 ac
1202 5404 1357 5467 librorum
1373 5426 1495 5467 errores
1517 5406 1556 5467 ab
1570 5405 1687 5467 animis
1721 5426 1857 5468 remone-

148 5495 205 5576 bit,
221 5501 382 5584 sacrisque
392 5499 614 5580 voluminibus,
631 5501 665 5561 in
679 5500 825 5566 Latinum
840 5523 910 5567 cum
925 5524 941 5565 e
954 5503 1077 5585 Greco,
1089 5509 1154 5564 tum
1169 5522 1207 5565 ec
1220 5502 1355 5566 Hebrno
1369 5505 1527 5567 conversis
1550 5503 1588 5564 ab
1611 5502 1748 5565 Eusebio
1775 5503 1857 5564 Hie-

146 5615 287 5676 ronymo,
302 5597 476 5663 Ecclesiam
495 5597 625 5662 Christi
638 5599 767 5664 ditabit.
