3878 6150
690 356 797 410 stetit
814 357 841 408 ll
859 352 1050 409 stuuetls.
1652 354 1707 413 686

90 504 121 561 n,
133 485 277 547 vocabalo
290 485 428 554 Thamar,
443 483 597 540 adamaret
610 483 726 535 Amnon
743 477 822 535 illius
836 477 861 545 Α
878 475 966 544 torae,
982 478 1012 532 et
1025 474 1129 532 claude
1144 475 1256 533 ostium
1272 480 1339 549 post
1352 493 1429 534 eam.
1444 478 1512 543 Due
1527 478 1706 538 indutaeret

90 582 145 652 ,st
158 576 307 652 deperiret
322 578 331 613 ¹
347 578 468 648 propter
482 588 559 643 cam,
575 571 616 627 ita
631 570 822 643 ntegrotarot
882 564 967 624 talari
982 567 1093 624 tunica:
1110 566 1316 639 hujuscemodi
1331 569 1411 626 enim
1426 569 1493 626 illie
1517 570 1596 646 regis
1617 570 1706 645 virgi·

90 663 436 737 eramoremejuerquia
451 664 610 719 comesset
629 659 721 731 virgo,
747 655 827 712 dilll·
882 672 935 713 nes
949 656 1081 713 vestibus
1097 657 1262 714 utebantur.
1278 658 1371 729 lljeoit
1384 659 1486 733 itaque
1497 676 1562 719 eam
1573 660 1709 721 minister

90 756 268 815 tvidebator
278 752 474 825 utquidpiem
486 749 827 820 inhonesteageretnum
882 742 964 801 illiue
979 744 1068 802 torae:
1084 745 1249 819 clausitque
1265 748 1342 805 iores
1358 753 1425 821 post
1435 764 1511 806 eam.
1522 749 1592 814 Quas
1603 765 1706 823 asper·

90 849 156 904 Dret
176 848 276 901 autem
291 841 436 899 Amnonis
460 839 574 896 amicus
595 836 715 895 nomine
737 835 827 892 Jona-
883 849 955 907 gene
969 833 1098 892 cinerem
1114 835 1203 908 ospiti
1216 853 1282 904 eno,
1301 837 1395 895 scisse
1419 838 1505 896 talari
1525 839 1637 909 tunica,
1651 838 1710 898 im·

90 933 168 993 dliue
181 933 318 991 Semmea
335 930 397 1003 (me.
427 928 566 1000 semmai)
595 925 694 984 tratrie
723 924 828 994 Dasld,
883 924 1049 999 positisque
1062 925 1201 983 manibus
1215 943 1305 998 snper
1323 933 1411 1000 caput
1423 945 1523 1003 enum,
1536 930 1598 988 ibat
1611 931 1709 1005 ingre-

90 1026 191 1083 ·ndens
204 1022 301 1079 valde.
322 1018 377 1087 Qui
404 1017 477 1076 dixit
499 1018 536 1074 ad
556 1032 643 1074 eum:
660 1015 763 1086 ¹Quare
786 1012 829 1070 sic
884 1011 968 1069 diens
983 1012 1168 1071 etclamans.
1192 1014 1268 1073 Dixit
1294 1021 1391 1073 autem
1415 1017 1442 1074 ei
1464 1018 1603 1076 Absalom
1619 1019 1711 1078 trater

90 1113 172 1173 naris
185 1110 291 1177 macie,
306 1108 348 1166 illi
363 1106 659 1183 regis,persingnloe
676 1102 758 1161 diest
778 1119 830 1159 cur
884 1117 968 1158 suus:
982 1101 1056 1159 Num
1070 1104 1184 1161 Amnon
1206 1103 1270 1176 (llic
1293 1105 1324 1162 h.
1349 1107 1487 1178 Aminon,
1511 1107 1590 1181 quod
1615 1108 1708 1166 inter·

90 1202 201 1263 lndioae
216 1199 289 1258 mihi
303 1199 317 1256 t
330 1198 469 1272 Dixitque
491 1197 518 1253 ei
542 1199 678 1253 Amnon:
701 1194 831 1250 Thamar
884 1195 1016 1264 pretatur
1030 1207 1134 1265 exsp...
1152 1191 1183 1248 in
1198 1189 1266 1249 aliis
1281 1197 1380 1251 autem
1395 1197 1509 1252 Amnon
1524 1197 1603 1268 quod
1618 1196 1710 1255 inter·

90 1308 137 1351 em
152 1288 289 1349 Absalom
312 1286 414 1345 fratris
436 1285 492 1343 mei
511 1302 588 1342 amo.
611 1284 664 1341 Cui
679 1280 831 1355 respondit
884 1283 1018 1353 pretatur
1032 1280 1237 1351 fidelissimus)
1252 1282 1342 1339 trater
1355 1286 1426 1341 tuns
1441 1282 1600 1342 concubuit
1610 1290 1709 1342 mcum

90 1381 153 1441 lab:
167 1379 248 1439 Guba
260 1393 350 1449 snper
362 1374 502 1433 lentulum
513 1378 609 1442 tuum,
619 1372 830 1444 etlanguorem
885 1369 937 1425 sed
951 1385 1041 1440 nuuc,
1057 1385 1149 1437 soror,
1166 1373 1240 1440 tace,
1254 1370 1342 1427 trater
1358 1379 1425 1429 tuns
1436 1377 1499 1430 est:
1516 1389 1611 1447 neque
1631 1374 1711 1433 atui-

90 1471 129 1542 la3
144 1483 273 1541 cumque
289 1464 403 1522 venerit
415 1469 498 1536 pater
522 1467 592 1520 tuus
614 1467 648 1520 ut
667 1461 766 1517 visitet
790 1465 830 1529 te,
885 1473 937 1530 gae
951 1473 1002 1514 cor
1016 1460 1100 1513 tuum
1113 1474 1165 1531 pro
1181 1458 1236 1515 hac
1252 1458 1334 1533 re(b.
1347 1477 1406 1518 non
1428 1477 1522 1534 ponas
1547 1462 1623 1522 bano
1646 1478 1710 1521 rem

90 1560 132 1617 ti:
160 1557 275 1624 Veniat,
304 1571 354 1613 oro
376 1554 503 1610 Tharnen
520 1569 604 1609 soror
626 1567 705 1618 mea,
727 1558 759 1606 ut
782 1549 832 1606 det
885 1546 915 1603 in
932 1546 1020 1603 corde
1035 1546 1109 1618 tuo).
1126 1546 1235 1603 Mansit
1244 1547 1344 1620 itaque
1359 1548 1489 1607 'l'bamar
1503 1552 1712 1610 contabescens

94 1648 194 1708 cibum
209 1647 251 1709 lb.
278 1645 408 1717 panem),
429 1647 457 1700 et
478 1641 567 1699 iaciat
590 1640 777 1714 pulmentum
799 1642 832 1695 ut
885 1635 916 1691 in
932 1635 1019 1691 domo
1033 1634 1160 1692 Absalon
1177 1636 1276 1693 fratris
1291 1637 1350 1694 sui.
1365 1641 1439 1696 cum
1454 1639 1589 1698 audisset
1609 1644 1709 1700 autem

90 1739 161 1797 dam
177 1739 212 1793 de
228 1751 318 1792 manu
331 1735 405 1804 ejus.
423 1731 569 1789 Accubuit
585 1730 685 1803 itaque
705 1731 831 1797 Amnon,
887 1740 938 1782 rex
951 1723 1039 1780 David
1055 1724 1144 1780 verba
1160 1724 1230 1797 haec,
1252 1726 1444 1785 contristatus
1470 1729 1513 1801 (b.
1539 1729 1644 1805 iratus)
1664 1734 1711 1788 est

89 1827 145 1885 ,ui
175 1828 315 1898 egrotus
343 1822 453 1894 coepit3
479 1834 606 1892 eumque
627 1818 755 1875 venisset
782 1832 831 1873 rex
887 1811 971 1869 valde
986 1813 1006 1868 ⁸.
1024 1813 1110 1870 Porro
1126 1830 1185 1871 non
1199 1819 1245 1871 est
1258 1813 1375 1873 locutus
1390 1817 1528 1877 Absalcm
1544 1821 1580 1877 ed
1593 1820 1708 1878 Amnon

90 1915 244 1975 ,tundam
258 1928 338 1983 eum,
352 1911 393 1968 ait
407 1912 521 1967 Amnon
537 1908 574 1965 ad
589 1923 697 1978 regem:
713 1906 828 1974 Veniat,
887 1918 940 1958 nec
964 1900 1074 1959 malum
1100 1919 1153 1959 nec
1181 1904 1434 1963 bonumrorlerat
1460 1907 1540 1964 enim
1568 1907 1706 1966 Absalm

90 2022 142 2075 tro,
157 2003 287 2061 Thamar
300 2016 384 2058 soror
411 2015 487 2067 mes,
513 2005 545 2054 nt
568 1996 655 2054 laniat
679 1996 709 2052 in
737 1994 831 2052 oculis
883 1996 1012 2063 Amnon,
1027 2009 1061 2051 en
1077 1995 1154 2066 quod
1170 1995 1308 2054 violasset
1322 1997 1453 2056 'l'bamar
1470 2016 1601 2058 sororem
1621 2017 1709 2060 suem

90 2096 164 2153 duee
172 2088 412 2156 sorbitiunculae,
422 2093 451 2145 et
461 2086 683 2159 cibamcapiam
694 2086 730 2141 de
741 2099 830 2141 mann
885 2083 947 2155 [ms.
963 2082 1178 2154 crustemium
1193 2089 1352 2143 astantem
1368 2091 1435 2160 poet
1444 2093 1563 2161 tempus
1584 2089 1708 2160 biennii,

96 2184 180 2245 uicit
194 2197 264 2254 ergo
278 2179 367 2238 Dauid
385 2179 422 2235 ad
436 2178 565 2234 Theman
575 2178 707 2245 domum,
718 2174 830 2231 dicens:
886 2177 919 2228 ut
932 2172 1124 2230 tonderentur
1138 2188 1205 2231 oves
1214 2174 1354 2232 Absalom
1364 2175 1393 2232 in
1405 2174 1577 2247 Brut-Aser,
1588 2194 1654 2251 quc
1663 2182 1709 2237 eet

94 2273 127 2331 in
140 2273 263 2331 domum
277 2270 393 2325 Amnon
410 2266 508 2323 fratris
522 2265 578 2335 tui,
602 2268 631 2321 et
653 2264 698 2321 lac
723 2263 747 2320 ei
764 2262 831 2336 pul·
881 2261 968 2333 Juxta
981 2260 1138 2334 Ephraim:
1154 2266 1183 2318 et
1205 2263 1319 2321 vocavit
1341 2265 1480 2323 Absnlom
1504 2284 1609 2326 omues
1631 2267 1710 2327 illios

90 2378 156 2423 um.
173 2359 315 2432 venitque
327 2356 496 2414 Thamarin
507 2356 629 2412 domum
644 2356 757 2410 Amnon
772 2354 832 2410 lra-
889 2350 978 2423 regis,
994 2349 1131 2424 venitque
1146 2351 1181 2408 ad
1196 2368 1306 2424 regem,
1322 2357 1351 2409 et
1365 2353 1452 2411 aitad
1468 2371 1548 2413 eum:
1564 2361 1709 2416 Deceton·

90 2450 138 2521 ini;
151 2449 203 2506 ille
219 2452 319 2505 eutem
338 2445 464 2518 jecebnt;
489 2460 552 2515 quc
576 2443 683 2500 tollens
706 2442 832 2499 larinum
886 2441 1073 2499 denturcree
1087 2440 1163 2497 servi
1178 2442 1232 2499 tui:
1248 2443 1358 2511 veniat,
1373 2460 1434 2502 oro.
1450 2462 1500 2502 rex
1523 2462 1591 2503 cum
1616 2446 1710 2505 servin

90 2554 260 2614 suspersam
273 2535 412 2607 lerinam)
431 2532 637 2602 commiscuit;
663 2537 692 2589 et
710 2531 833 2604 liquefa-
887 2529 950 2587 auis
964 2530 1000 2586 ad
1016 2544 1133 2586 servum
1150 2546 1251 2587 snum.
1267 2531 1404 2606 Dixitque
1419 2549 1470 2590 rex
1484 2535 1520 2592 ad
1544 2535 1683 2595 Absnlom
1700 2554 1708 2607 3

90 2630 150 2705 qiu
174 2627 269 2687 oculis
292 2625 370 2683 coxit
392 2622 632 2681 sorbitiunculas.
659 2621 834 2693 Tolleneque
886 2618 961 2687 Noli,
977 2616 1019 2674 illi
1035 2619 1088 2690 mi,
1104 2618 1164 2675 noli
1184 2635 1286 2692 rogare
1310 2624 1342 2678 at
1365 2622 1520 2680 veniamne
1543 2639 1659 2694 amnes,
1679 2631 1711 2684 et

105 2721 234 2785 coxerat,
250 2714 364 2782 alludit,
380 2718 409 2770 et
424 2713 524 2785 poenit
538 2727 689 2780 norameo,
701 2710 854 2769 etnolnit.
887 2725 1042 2783 gravemus
1057 2713 1096 2765 te.
1113 2710 1184 2767 Cum
1200 2715 1297 2768 autem
1309 2717 1426 2784 cogeret
1436 2719 1554 2782 eum,et
1564 2714 1710 2775 noluisset

90 2810 188 2879 idem
216 2805 348 2877 dixitque
376 2804 514 2858 Amnon:
546 2801 648 2873 Ejicite
681 2799 834 2857 universos
887 2796 941 2869 ire,
956 2797 1105 2856 benedixit
1118 2799 1155 2854 ei.
1172 2800 1207 2856 Et
1220 2799 1262 2856 ait
1277 2799 1484 2859 Absalomzsi
1513 2820 1573 2861 non
1593 2803 1637 2862 ris
1659 2819 1710 2863 ve·

90 2890 835 2966 dame.Cumqueeiecieeentomnee,dixitAmnon
890 2888 963 2958 nire,
991 2887 1101 2959 veniat,
1131 2888 1264 2958 obsecro,
1287 2889 1442 2947 nobiscum
1465 2890 1570 2949 saltem
1591 2897 1710 2952 Amnon

90 2984 309 3047 hamerrlnler
335 2981 435 3039 cibum
455 2979 486 3035 in
515 2978 709 3046 conclamat
736 2995 836 3036 vescar
889 2976 980 3033 irater
993 2993 1087 3034 meus:
1101 2976 1234 3050 dixitque
1249 2978 1285 3034 ed
1300 2995 1367 3035 eum
1384 2979 1712 3042 rex:Noneetneeeese

90 3093 155 3135 m
166 3080 230 3135 tua,
241 3071 322 3130 Tulit
346 3086 416 3143 ergo
440 3068 572 3126 Thamar
594 3067 835 3138 sorbitiunculas,
890 3069 924 3122 ut
938 3066 1026 3122 vadat
1040 3070 1138 3123 tecum
1155 3066 1198 3129 (b.
1215 3067 1273 3123 Cur
1288 3066 1344 3125 ibit
1358 3070 1491 3142 teoumt).
1505 3071 1713 3146 Coegititaque

100 3166 220 3231 lecerat,
233 3166 264 3220 et
277 3159 381 3218 intulit
395 3159 431 3215 ad
461 3165 576 3214 Amnon
599 3157 719 3214 tratrem
747 3171 836 3214 suum
890 3154 1120 3222 eumAbsalom,
1135 3160 1164 3212 ct
1178 3155 1293 3214 dimisit
1306 3157 1348 3230 [b.
1366 3156 1536 3233 mieitlcnm
1549 3166 1712 3220 eoAmncn
1824 3230 1827 3235 .

90 3253 215 3313 nnclave.
243 3251 377 3324 Cumque
401 3246 556 3304 obtulisset
568 3247 594 3303 ei
624 3248 684 3316 (ms.
713 3250 782 3303 tacet
797 3244 835 3317 el)
850 3213 872 3281 c
892 3248 921 3300 et
935 3243 1085 3303 universos
1097 3244 1174 3303 filios
1188 3245 1265 3319 regis
1280 3246 1301 3302 ⁸.
1319 3246 1499 3321 Prscsperat
1512 3255 1611 3307 nutam
1623 3251 1714 3310 Aba.

90 3359 126 3412 m,
137 3337 333 3414 apprehendit
344 3340 453 3405 eam,et
466 3334 698 3404 aitzveni,cuba
711 3350 837 3407 mecum,
890 3333 950 3390 lom
966 3333 1066 3407 pneris
1083 3333 1156 3400 suis,
1173 3335 1286 3393 dicens:
1302 3335 1460 3395 Observata
1485 3354 1553 3397 cum
1568 3341 1713 3398 temulen-

90 3447 187 3490 rmea.
202 3431 272 3498 Duae
287 3425 442 3500 respondit
450 3425 487 3482 ei:
503 3424 579 3492 Noli,
602 3424 693 3482 trater
709 3425 760 3494 mi,
777 3424 838 3482 noli
891 3427 941 3480 tue
957 3422 1044 3480 luerit
1058 3428 1177 3480 Amnon
1192 3424 1270 3494 vino,
1287 3429 1315 3482 et
1329 3426 1429 3485 dixero
1445 3427 1545 3486 robis:
1569 3430 1715 3489 Percutite

90 3519 178 3577 imese
194 3532 252 3584 me,
268 3513 458 3586 nequeenim
480 3512 535 3571 hoc
555 3512 655 3569 lasset
669 3511 701 3567 in
724 3511 812 3569 lsrael
829 3529 836 3580 ;
892 3528 969 3569 eum.
985 3516 1016 3569 et
1037 3512 1203 3570 intertioite:
1221 3513 1311 3571 nolite
1325 3514 1449 3584 timere;
1465 3533 1519 3592 ego
1544 3519 1622 3576 enim
1647 3537 1714 3578 eum

90 3607 184 3665 lacere
198 3602 354 3662 stultitiam
378 3601 465 3658 hane.
490 3600 550 3674 Ego
577 3600 656 3656 enim
681 3600 755 3657 terre
779 3616 837 3657 non
893 3600 942 3674 qui
958 3601 1121 3674 precipio²
1147 3603 1255 3671 vobis:
1283 3604 1468 3674 roboramini,
1492 3612 1522 3664 et
1540 3612 1634 3666 estote
1662 3609 1716 3666 sifi

90 3691 322 3768 rcopprobrium
339 3705 449 3758 meum,
465 3692 494 3746 et
508 3688 607 3747 tueris
618 3688 702 3761 quasi
716 3705 792 3745 unus
803 3689 839 3746 de
893 3690 982 3747 fortes
1011 3690 1055 3759 lb.
1086 3691 1143 3748 viri
1167 3691 1371 3763 tortitudinis).
1396 3694 1439 3766 [T.
1466 3694 1548 3768 ext]
1573 3697 1717 3755 Fecerunt

90 3783 230 3855 tientibue
260 3782 289 3837 in
315 3779 428 3837 lsrael:
454 3778 504 3851 qui
533 3778 632 3850 potius
655 3778 774 3850 loquere
802 3779 838 3834 nd
894 3794 961 3852 ergo
978 3779 1061 3852 pueri
1077 3779 1214 3836 Absalom
1233 3782 1390 3839 adversum
1405 3786 1533 3853 Amnon,
1550 3785 1629 3843 sicut
1644 3802 1717 3860 prar-

90 3890 128 3946 m,
154 3875 185 3931 et
209 3887 268 3929 nan
292 3868 413 3942 negabit
435 3883 484 3923 me
509 3867 583 3924 tibi.
610 3867 710 3925 Noluit
740 3871 839 3924 autem
894 3867 1069 3941 ceperateie
1090 3868 1132 3940 [h.
1159 3885 1214 3926 sou
1234 3869 1313 3928 habet
1337 3871 1392 3944 eis]
1418 3872 1566 3930 Absalcm.
1588 3874 1716 3947 Surgen-

89 3962 208 4020 lietoere
236 3958 373 4033 precibus
400 3958 475 4028 eltis,
504 3956 555 4013 aed
584 3956 743 4028 praeualens
771 3957 841 4013 viri·
895 3962 999 4028 tesqua
1012 3974 1115 4015 amnes
1128 3957 1181 4013 lllii
1197 3960 1275 4032 regie
1289 3962 1487 4019 ascenderunt
1500 3961 1610 4037 singuli
1623 3963 1720 4023 mulas

94 4049 241 4124 oppressit
253 4064 330 4118 eam,
346 4051 376 4104 et
396 4045 513 4102 nnbarit
539 4061 607 4101 curn
631 4044 694 4102 illa.
714 4045 750 4103 tlt
774 4062 841 4103 ero·
896 4062 967 4102 suns
983 4045 1025 4117 (b.
1042 4045 1138 4103 mulos
1154 4051 1246 4116 euos),
1263 4053 1292 4105 et
1312 4049 1461 4123 ingerunt.
1471 4052 1605 4124 Cumque
1624 4053 1721 4111 adhue

101 4155 165 4197 eam
181 4137 287 4196 babuit
311 4142 426 4192 Amnon
449 4134 516 4193 odIo
538 4151 645 4207 magno
667 4135 776 4203 nimis3
800 4135 842 4192 ita
897 4138 1053 4208 pergerent
1067 4134 1096 4191 in
1109 4135 1225 4206 itinere,
1241 4137 1320 4194 lama
1336 4139 1467 4210 pervenit
1488 4141 1524 4197 ad
1547 4141 1651 4211 David,
1673 4143 1723 4199 di·

89 4228 175 4301 nans
198 4230 278 4284 esset
305 4225 405 4281 odium
428 4239 487 4296 quo
512 4223 613 4279 oderat
639 4240 714 4294 eam,
744 4240 843 4283 amore
897 4239 976 4280 cens:
993 4224 1142 4281 Percussit
1158 4225 1296 4283 Absalcm
1311 4243 1415 4286 omnes
1429 4229 1505 4287 Alios
1520 4231 1610 4304 regis,
1625 4235 1722 4290 elnon

96 4321 162 4373 ante
176 4313 328 4371 dilexerat.
352 4312 396 4384 (T.
420 4313 491 4380 CX.)
514 4310 651 4383 Dixitque
670 4313 696 4369 ei
719 4314 842 4371 Amnon:
899 4313 1043 4370 remansit
1058 4330 1093 4370 ex
1108 4314 1152 4371 eis
1167 4313 1272 4372 saltem
1286 4333 1374 4374 unus.
1390 4319 1522 4376 surrexit
1543 4319 1642 4393 itaque
1661 4336 1724 4395 rex,

90 4405 216 4478 genade.
228 4403 295 4468 Qus
305 4401 499 4474 responditei:
510 4401 605 4473 Majus
615 4401 723 4458 estboc
734 4402 846 4461 melum
899 4407 927 4459 et
943 4401 1030 4458 scidit
1044 4407 1226 4460 vestamenta
1240 4420 1306 4472 eus,
1322 4412 1352 4463 et
1367 4407 1473 4464 cecidit
1486 4425 1576 4482 super
1590 4414 1698 4469 terram
1715 4428 1723 4469 ς

90 4494 102 4551 l
117 4509 196 4551 nunc
209 4492 275 4566 egis
288 4493 441 4549 adversum
456 4488 606 4563 me,qca'm
625 4492 703 4562 quod
719 4496 787 4549 ante
801 4492 845 4549 ie·
899 4500 926 4548 et
941 4508 1043 4548 omnes
1059 4492 1135 4549 servi
1147 4492 1256 4566 ipsius,
1266 4495 1319 4567 qui
1333 4496 1513 4555 assistebant
1523 4498 1560 4565 ei,
1573 4498 1727 4559 sciderunt

90 4580 265 4656 ,expellens
279 4582 299 4637 ⁸.
316 4583 350 4637 Et
365 4579 461 4637 noluit
471 4579 573 4637 audire
587 4595 663 4637 eam:
680 4581 731 4637 sed
743 4585 845 4639 vocato
862 4603 886 4669 ὓ
900 4581 1074 4639 vestimenta
1089 4598 1154 4638 sus.
1171 4583 1363 4656 Respondeas
1378 4590 1476 4643 autem
1492 4587 1625 4646 Jonadab
1646 4589 1726 4647 lilius

90 4689 125 4743 ro,
141 4671 194 4746 qui
208 4670 398 4728 ministrabat
420 4669 458 4740 ei,
475 4669 549 4726 dixit
564 4685 571 4727 ε
589 4669 666 4741 lijice
680 4669 757 4728 hanc
770 4688 786 4727 a
801 4687 847 4728 me
903 4671 1040 4729 Semiuaa
1054 4671 1118 4742 [ma.
1134 4672 1273 4745 semmai]
1302 4673 1401 4731 fratris
1429 4675 1531 4748 David,
1560 4676 1656 4737 dixitg
1684 4679 1728 4737 No

90 4815 118 4873 in
141 4831 227 4874 seem
243 4819 392 4885 contextu,
420 4816 447 4869 et
474 4811 594 4885 ditipere
621 4829 684 4870 eam
698 4813 780 4871 volite
795 4834 802 4884 ;
819 4814 850 4872 in
943 4811 1050 4868 ⁸ldem
1066 4815 1143 4869 tacet
1158 4812 1205 4869 bic
1216 4814 1302 4884 soror,
1318 4814 1408 4871 terma
1431 4815 1615 4893 concinnius,
1640 4821 1727 4879 Hebr.

90 4888 167 4961 gine
180 4903 261 4956 vera,
276 4887 318 4943 oet
332 4885 469 4959 deperiret
485 4887 515 4940 tn
539 4901 611 4941 ram.
638 4885 689 4942 His
709 4887 851 4944 addendis
908 4867 994 4953 hun,
1009 4884 1087 4954 quod
1103 4889 1149 4940 est
1164 4885 1202 4941 ad
1217 4885 1351 4950 verbum.
1366 4887 1483 4961 desuper
1496 4906 1516 4947 o
1530 4906 1585 4950 me.

90 4958 201 5017 briensi
216 4960 323 5031 major,
334 4974 364 5013 n.
389 4958 416 5028 l,
441 4956 523 5013 solus
542 4973 647 5029 puram
671 4957 788 5015 exbibet
811 4959 853 5015 le·
944 4956 956 4990 ⁸
971 4954 1062 5011 Addit
1076 4971 1154 5012 nunc
1168 4973 1236 5012 cum
1251 4956 1338 5032 Vulg.
1354 4957 1433 5016 idem
1447 4977 1504 5017 me.
1518 4978 1572 5035 me,
1588 4962 1624 5019 ad
1639 4963 1729 5022 Hebr.

90 5048 160 5088 tnem
177 5030 319 5104 Vulgata
334 5045 403 5087 nam
426 5028 478 5102 qui
502 5033 638 5101 superest
659 5046 691 5085 cx
717 5030 853 5087 undecim
908 5034 1030 5112 ‚3an

90 5118 109 5161 ⁵·
136 5102 299 5187 Q0d¹⁰ib⁰⁸s
327 5117 402 5186 q¹¹‚⁰‚⁵
426 5100 536 5184 Μ,Ῑῖὓῦ
556 5116 641 5183 οΡ9Γθ
661 5101 853 5172 ⁰⁰⁰²¹¹¹¹fflu⁸2
946 5121 1090 5196 ‘vulgati
1106 5124 1231 5195 addunt,
1254 5127 1287 5182 Et
1308 5126 1398 5184 uoluit
1421 5131 1584 5189 contristere
1600 5133 1732 5204 spiritum

90 5189 113 5229 tc
125 5175 271 5232 diuersam
287 5173 323 5229 ab
338 5173 405 5230 elue
420 5176 524 5256 rettudi
538 5170 703 5240 lechonem,
727 5177 753 5229 ⁶2
777 5174 857 5246 d‘lit‘
912 5194 1017 5251 Amnon
1033 5194 1088 5265 filii
1101 5197 1155 5261 sai,
1172 5200 1303 5269 quoniam
1329 5199 1460 5271 attinebat
1483 5219 1547 5259 eum
1580 5202 1650 5276 quia
1672 5202 1734 5275 pri·

90 5248 161 5317 ²9¹⁰
184 5261 218 5331 0⁰,
241 5245 331 5329 cotue.
356 5244 481 5328 thers'
505 5243 607 5327 ¹⁸Uloe⁰
632 5244 757 5316 ‘stiterit‘
783 5262 854 5314 edm·
912 5268 1070 5339 moyseitas
1093 5276 1152 5323 erat
1175 5268 1306 5340 eisque
1336 5270 1473 5344 ignorent
1499 5248 1564 5331 cum
1591 5276 1733 5332 Hebraeus

92 5356 99 5379 v
124 5317 248 5391 ‘wli‘
262 5334 293 5373 Μ
311 5331 383 5400 ‘dille
409 5329 532 5398 mlmm
558 5314 688 5400 ¹¹3⁸0¹⁰¹¹⁹
710 5320 755 5372 ‘³⁸‘
779 5318 857 5390 ¹¹le
913 5342 1023 5403 textus,
1050 5342 1113 5393 tum
1138 5339 1371 5410 hieronymianae
1384 5345 1527 5400 versionis
1542 5362 1613 5402 mss.

90 5400 258 5460 lfflsstfflums
275 5393 308 5443 ¹1²
321 5404 385 5445 ⁸⁰¹⁸
399 5386 472 5444 ¹⁰⁰¹⁸
487 5387 668 5443 ¹¹⁰²8b1ffl118·
685 5387 776 5444 MART·
949 5408 960 5443 ⁸
988 5408 1097 5465 lterum
1127 5412 1241 5485 Vulgatr
1271 5414 1381 5470 addunt
1431 5417 1594 5489 feceratque
1620 5417 1737 5475 Absolute

90 5476 173 5534 ¹enm
188 5477 245 5535 Vnt
284 5477 323 5533 tis
337 5477 497 5535 Veronens.
514 5492 632 5558 quoque
647 5492 713 5543 ms,
729 5482 757 5533 et
776 5476 859 5549 depe·
915 5481 1074 5536 cenuvium
1093 5482 1344 5554 quosiconuioiam
1372 5459 1465 5556 riqis:
1487 5504 1554 5560 qum
1581 5488 1736 5546 trustrain

90 5550 118 5603 tet
128 5563 185 5607 sess
198 5567 232 5608 oc
281 5592 288 5605 .
303 5548 446 5609 Hebraico
460 5548 577 5622 phrasis
592 5548 709 5621 longius
724 5566 741 5605 a
758 5550 860 5608 Latina
917 5553 1047 5608 Hoebreo
1061 5569 1186 5680 quaeras.
1202 5559 1253 5611 aut
1268 5555 1298 5612 in
1314 5556 1551 5642 hieronymianis
1565 5577 1638 5618 mer.

90 5612 167 5720 tritt,
739 5692 744 5706 Ι
952 5622 1048 5681 lilud.
1087 5642 1233 5696 ereneus,
1250 5627 1303 5696 eri
1314 5638 1445 5701 praecept!
1465 5630 1575 5690 rectius
1590 5634 1627 5692 ad
1651 5632 1741 5696 Doti.

112 5691 188 5752 Tenet
202 5694 304 5754 Veron.
321 5691 359 5750 el.
375 5690 514 5751 liebrcus
525 5708 631 5751 nomen
654 5697 760 5767 repetit
775 5702 862 5786 pm·
918 5702 1009 5758 thur.
