<?xml version="1.0" encoding="UTF-8"?>
<!DOCTYPE html PUBLIC "-//W3C//DTD XHTML 1.0 Transitional//EN"
    "http://www.w3.org/TR/xhtml1/DTD/xhtml1-transitional.dtd">
<html xmlns="http://www.w3.org/1999/xhtml" xml:lang="en" lang="en">
 <head>
  <title>
</title>
<meta http-equiv="Content-Type" content="text/html;charset=utf-8" />
  <meta name='ocr-system' content='tesseract 3.04.00' />
  <meta name='ocr-capabilities' content='ocr_page ocr_carea ocr_par ocr_line ocrx_word'/>
</head>
<body>
  <div class='ocr_page' id='page_1' title='image "./patrologiaecurs13goog/patrologiaecurs13goog_0378.png"; bbox 0 0 3878 6150; ppageno 0'>
   <div class='ocr_carea' id='block_1_1' title="bbox 646 305 1678 368">
    <p class='ocr_par' dir='ltr' id='par_1_1' title="bbox 646 305 1678 368">
     <span class='ocr_line' id='line_1_1' title="bbox 646 305 1678 368; baseline 0.001 -6"><span class='ocrx_word' id='word_1_1' title='bbox 646 308 754 365; x_wconf 79' lang='lat' dir='ltr'>traua</span> <span class='ocrx_word' id='word_1_2' title='bbox 774 311 785 361; x_wconf 93' lang='lat'><em>1</em></span> <span class='ocrx_word' id='word_1_3' title='bbox 805 308 1009 368; x_wconf 74' lang='lat' dir='ltr'>matacffllt.</span> <span class='ocrx_word' id='word_1_4' title='bbox 1623 305 1678 364; x_wconf 81' lang='lat'>750</span> 
     </span>
    </p>
   </div>
   <div class='ocr_carea' id='block_1_2' title="bbox 90 430 1679 1939">
    <p class='ocr_par' dir='ltr' id='par_1_2' title="bbox 90 430 1679 1939">
     <span class='ocr_line' id='line_1_2' title="bbox 93 430 1677 511; baseline 0.001 -20"><span class='ocrx_word' id='word_1_5' title='bbox 93 436 197 491; x_wconf 83' lang='lat' dir='ltr'>eontra</span> <span class='ocrx_word' id='word_1_6' title='bbox 210 430 387 504; x_wconf 73' lang='lat' dir='ltr'><strong>Jerusalem,</strong></span> <span class='ocrx_word' id='word_1_7' title='bbox 398 437 428 488; x_wconf 91' lang='lat' dir='ltr'>et</span> <span class='ocrx_word' id='word_1_8' title='bbox 442 432 556 490; x_wconf 87' lang='lat' dir='ltr'>Molocb</span> <span class='ocrx_word' id='word_1_9' title='bbox 571 432 649 489; x_wconf 93' lang='lat' dir='ltr'>idolo</span> <span class='ocrx_word' id='word_1_10' title='bbox 665 432 706 506; x_wconf 88' lang='lat' dir='ltr'>[b.</span> <span class='ocrx_word' id='word_1_11' title='bbox 724 451 795 489; x_wconf 91' lang='lat' dir='ltr'>con·</span> <span class='ocrx_word' id='word_1_12' title='bbox 809 437 837 504; x_wconf 74' lang='lat' dir='ltr'>A</span> <span class='ocrx_word' id='word_1_13' title='bbox 852 442 979 511; x_wconf 90' lang='lat' dir='ltr'>runtque</span> <span class='ocrx_word' id='word_1_14' title='bbox 993 439 1182 511; x_wconf 76' lang='lat' dir='ltr'><strong>Damascum,</strong></span> <span class='ocrx_word' id='word_1_15' title='bbox 1194 443 1223 496; x_wconf 87' lang='lat' dir='ltr'>et</span> <span class='ocrx_word' id='word_1_16' title='bbox 1234 438 1443 496; x_wconf 89' lang='lat' dir='ltr'>habitaverunt</span> <span class='ocrx_word' id='word_1_17' title='bbox 1457 437 1510 506; x_wconf 89' lang='lat' dir='ltr'>ibi,</span> <span class='ocrx_word' id='word_1_18' title='bbox 1525 436 1677 495; x_wconf 86' lang='lat' dir='ltr'>etoonsti-</span> 
     </span>
     <span class='ocr_line' id='line_1_3' title="bbox 90 520 1679 602; baseline 0.003 -23"><span class='ocrx_word' id='word_1_19' title='bbox 90 522 168 594; x_wconf 83' lang='lat' dir='ltr'>loni]</span> <span class='ocrx_word' id='word_1_20' title='bbox 183 520 312 579; x_wconf 86' lang='lat' dir='ltr'>tiliorum</span> <span class='ocrx_word' id='word_1_21' title='bbox 325 523 463 579; x_wconf 78' lang='lat' dir='ltr'>Ammon.</span> <span class='ocrx_word' id='word_1_22' title='bbox 479 525 575 593; x_wconf 82' lang='lat' dir='ltr'>Atque</span> <span class='ocrx_word' id='word_1_23' title='bbox 596 522 626 578; x_wconf 93' lang='lat' dir='ltr'>in</span> <span class='ocrx_word' id='word_1_24' title='bbox 640 522 718 580; x_wconf 93' lang='lat' dir='ltr'>hunc</span> <span class='ocrx_word' id='word_1_25' title='bbox 734 539 797 580; x_wconf 92' lang='lat' dir='ltr'>mo·</span> <span class='ocrx_word' id='word_1_26' title='bbox 851 530 972 583; x_wconf 87' lang='lat' dir='ltr'>luerunt</span> <span class='ocrx_word' id='word_1_27' title='bbox 986 545 1054 586; x_wconf 88' lang='lat' dir='ltr'>eum</span> <span class='ocrx_word' id='word_1_28' title='bbox 1071 544 1170 602; x_wconf 86' lang='lat' dir='ltr'>regern</span> <span class='ocrx_word' id='word_1_29' title='bbox 1185 528 1214 584; x_wconf 94' lang='lat' dir='ltr'>in</span> <span class='ocrx_word' id='word_1_30' title='bbox 1231 528 1387 597; x_wconf 84' lang='lat' dir='ltr'>Damasco,</span> <span class='ocrx_word' id='word_1_31' title='bbox 1402 530 1525 600; x_wconf 86' lang='lat' dir='ltr'>eratque</span> <span class='ocrx_word' id='word_1_32' title='bbox 1538 527 1679 585; x_wconf 85' lang='lat' dir='ltr'>adversa-</span> 
     </span>
     <span class='ocr_line' id='line_1_4' title="bbox 90 610 1679 685; baseline 0.003 -17"><span class='ocrx_word' id='word_1_33' title='bbox 90 612 127 668; x_wconf 83' lang='lat' dir='ltr'>cit</span> <span class='ocrx_word' id='word_1_34' title='bbox 140 611 287 669; x_wconf 87' lang='lat' dir='ltr'>universis</span> <span class='ocrx_word' id='word_1_35' title='bbox 298 612 440 668; x_wconf 73' lang='lat' dir='ltr'>uxoribus</span> <span class='ocrx_word' id='word_1_36' title='bbox 455 610 520 668; x_wconf 90' lang='lat' dir='ltr'>suis</span> <span class='ocrx_word' id='word_1_37' title='bbox 536 611 719 685; x_wconf 76' lang='lat' dir='ltr'>alienigenis,</span> <span class='ocrx_word' id='word_1_38' title='bbox 731 628 796 684; x_wconf 81' lang='lat' dir='ltr'>qua</span> <span class='ocrx_word' id='word_1_39' title='bbox 852 615 914 672; x_wconf 85' lang='lat' dir='ltr'>rina</span> <span class='ocrx_word' id='word_1_40' title='bbox 935 617 1035 674; x_wconf 88' lang='lat' dir='ltr'>israeli</span> <span class='ocrx_word' id='word_1_41' title='bbox 1063 618 1179 676; x_wconf 86' lang='lat' dir='ltr'>cunctis</span> <span class='ocrx_word' id='word_1_42' title='bbox 1193 617 1299 675; x_wconf 87' lang='lat' dir='ltr'>diebus</span> <span class='ocrx_word' id='word_1_43' title='bbox 1321 616 1496 685; x_wconf 85' lang='lat' dir='ltr'>Salomonis,</span> <span class='ocrx_word' id='word_1_44' title='bbox 1523 619 1552 673; x_wconf 91' lang='lat' dir='ltr'>et</span> <span class='ocrx_word' id='word_1_45' title='bbox 1563 615 1619 673; x_wconf 90' lang='lat' dir='ltr'>hoo</span> <span class='ocrx_word' id='word_1_46' title='bbox 1633 620 1679 674; x_wconf 85' lang='lat' dir='ltr'>est</span> 
     </span>
     <span class='ocr_line' id='line_1_5' title="bbox 90 704 1678 783; baseline -0.003 -17"><span class='ocrx_word' id='word_1_47' title='bbox 90 712 129 767; x_wconf 75' lang='lat' dir='ltr'>‚nt</span> <span class='ocrx_word' id='word_1_48' title='bbox 148 709 247 775; x_wconf 88' lang='lat' dir='ltr'>thura,</span> <span class='ocrx_word' id='word_1_49' title='bbox 261 713 291 765; x_wconf 90' lang='lat' dir='ltr'>et</span> <span class='ocrx_word' id='word_1_50' title='bbox 314 709 507 765; x_wconf 88' lang='lat' dir='ltr'>immolabant</span> <span class='ocrx_word' id='word_1_51' title='bbox 522 708 581 765; x_wconf 89' lang='lat' dir='ltr'>diis</span> <span class='ocrx_word' id='word_1_52' title='bbox 604 710 679 766; x_wconf 87' lang='lat' dir='ltr'>suis.</span> <span class='ocrx_word' id='word_1_53' title='bbox 704 712 798 783; x_wconf 89' lang='lat' dir='ltr'>igitur</span> <span class='ocrx_word' id='word_1_54' title='bbox 852 704 964 762; x_wconf 88' lang='lat' dir='ltr'>malum</span> <span class='ocrx_word' id='word_1_55' title='bbox 978 708 1072 772; x_wconf 71' lang='lat' dir='ltr'>adad,</span> <span class='ocrx_word' id='word_1_56' title='bbox 1085 713 1114 764; x_wconf 86' lang='lat' dir='ltr'>et</span> <span class='ocrx_word' id='word_1_57' title='bbox 1129 707 1230 764; x_wconf 90' lang='lat' dir='ltr'>odium</span> <span class='ocrx_word' id='word_1_58' title='bbox 1254 713 1358 764; x_wconf 92' lang='lat' dir='ltr'>contra</span> <span class='ocrx_word' id='word_1_59' title='bbox 1373 704 1473 774; x_wconf 88' lang='lat' dir='ltr'>lsrael,</span> <span class='ocrx_word' id='word_1_60' title='bbox 1488 704 1678 779; x_wconf 72' lang='lat' dir='ltr'>regnavitque</span> 
     </span>
     <span class='ocr_line' id='line_1_6' title="bbox 90 792 1678 869; baseline -0.004 -13"><span class='ocrx_word' id='word_1_61' title='bbox 90 803 133 856; x_wconf 82' lang='lat' dir='ltr'>est</span> <span class='ocrx_word' id='word_1_62' title='bbox 145 799 290 856; x_wconf 78' lang='lat' dir='ltr'>Dominus</span> <span class='ocrx_word' id='word_1_63' title='bbox 312 796 473 866; x_wconf 80' lang='lat' dir='ltr'>Salomoni,</span> <span class='ocrx_word' id='word_1_64' title='bbox 499 801 575 869; x_wconf 86' lang='lat' dir='ltr'>qnod</span> <span class='ocrx_word' id='word_1_65' title='bbox 602 815 705 855; x_wconf 88' lang='lat' dir='ltr'>aversa</span> <span class='ocrx_word' id='word_1_66' title='bbox 719 800 797 855; x_wconf 84' lang='lat' dir='ltr'>esset</span> <span class='ocrx_word' id='word_1_67' title='bbox 851 793 881 849; x_wconf 90' lang='lat' dir='ltr'>in</span> <span class='ocrx_word' id='word_1_68' title='bbox 896 795 990 868; x_wconf 79' lang='lat' dir='ltr'>Syria.</span> <span class='ocrx_word' id='word_1_69' title='bbox 1003 796 1051 866; x_wconf 83' lang='grc' dir='ltr'>[Τ.</span> <span class='ocrx_word' id='word_1_70' title='bbox 1066 795 1206 867; x_wconf 69' lang='lat' dir='ltr'>xxxiii]</span> <span class='ocrx_word' id='word_1_71' title='bbox 1225 795 1381 852; x_wconf 85' lang='lat' dir='ltr'>leroboam</span> <span class='ocrx_word' id='word_1_72' title='bbox 1401 810 1517 867; x_wconf 89' lang='lat' dir='ltr'>quoque</span> <span class='ocrx_word' id='word_1_73' title='bbox 1531 792 1678 852; x_wconf 86' lang='lat' dir='ltr'>ssliusNa·</span> 
     </span>
     <span class='ocr_line' id='line_1_7' title="bbox 90 883 1677 959; baseline -0.002 -16"><span class='ocrx_word' id='word_1_74' title='bbox 90 886 146 959; x_wconf 64' lang='lat' dir='ltr'>dns</span> <span class='ocrx_word' id='word_1_75' title='bbox 160 887 220 957; x_wconf 84' lang='lat' dir='ltr'>[cor</span> <span class='ocrx_word' id='word_1_76' title='bbox 241 886 344 958; x_wconf 62' lang='lat' dir='ltr'>eluda</span> <span class='ocrx_word' id='word_1_77' title='bbox 368 886 492 942; x_wconf 83' lang='lat' dir='ltr'>Domino</span> <span class='ocrx_word' id='word_1_78' title='bbox 516 892 575 943; x_wconf 83' lang='lat' dir='ltr'>Deo</span> <span class='ocrx_word' id='word_1_79' title='bbox 600 887 701 952; x_wconf 86' lang='lat' dir='ltr'>lsrael,</span> <span class='ocrx_word' id='word_1_80' title='bbox 727 886 797 958; x_wconf 92' lang='lat' dir='ltr'>quia</span> <span class='ocrx_word' id='word_1_81' title='bbox 850 883 911 951; x_wconf 83' lang='lat' dir='ltr'>bat,</span> <span class='ocrx_word' id='word_1_82' title='bbox 934 884 1136 958; x_wconf 73' lang='lat' dir='ltr'>liphralhana</span> <span class='ocrx_word' id='word_1_83' title='bbox 1158 887 1195 943; x_wconf 89' lang='lat' dir='ltr'>do</span> <span class='ocrx_word' id='word_1_84' title='bbox 1213 884 1426 957; x_wconf 77' lang='lat' dir='ltr'>Sareda‚oujos</span> <span class='ocrx_word' id='word_1_85' title='bbox 1441 887 1610 941; x_wconf 86' lang='lat' dir='ltr'>matererat</span> <span class='ocrx_word' id='word_1_86' title='bbox 1624 898 1677 941; x_wconf 91' lang='lat' dir='ltr'>no·</span> 
     </span>
     <span class='ocr_line' id='line_1_8' title="bbox 90 971 1678 1048; baseline -0.003 -15"><span class='ocrx_word' id='word_1_87' title='bbox 90 977 146 1033; x_wconf 78' lang='lat' dir='ltr'>erat</span> <span class='ocrx_word' id='word_1_88' title='bbox 160 975 187 1031; x_wconf 90' lang='lat' dir='ltr'>si</span> <span class='ocrx_word' id='word_1_89' title='bbox 202 975 343 1046; x_wconf 89' lang='lat' dir='ltr'>secundo,</span> <span class='ocrx_word' id='word_1_90' title='bbox 355 979 385 1031; x_wconf 87' lang='lat' dir='ltr'>et</span> <span class='ocrx_word' id='word_1_91' title='bbox 399 980 576 1048; x_wconf 74' lang='lat' dir='ltr'>preceperat</span> <span class='ocrx_word' id='word_1_92' title='bbox 586 975 718 1032; x_wconf 89' lang='lat' dir='ltr'>deverbo</span> <span class='ocrx_word' id='word_1_93' title='bbox 729 975 795 1044; x_wconf 81' lang='lat' dir='ltr'>hoo,</span> <span class='ocrx_word' id='word_1_94' title='bbox 850 972 930 1029; x_wconf 91' lang='lat' dir='ltr'>mine</span> <span class='ocrx_word' id='word_1_95' title='bbox 944 978 1043 1046; x_wconf 81' lang='lat' dir='ltr'>Serva,</span> <span class='ocrx_word' id='word_1_96' title='bbox 1061 975 1168 1031; x_wconf 90' lang='lat' dir='ltr'>mulier</span> <span class='ocrx_word' id='word_1_97' title='bbox 1180 975 1281 1046; x_wconf 88' lang='lat' dir='ltr'>vidua,</span> <span class='ocrx_word' id='word_1_98' title='bbox 1293 988 1395 1031; x_wconf 90' lang='lat' dir='ltr'>servus</span> <span class='ocrx_word' id='word_1_99' title='bbox 1410 971 1583 1042; x_wconf 86' lang='lat' dir='ltr'>Salomonis.</span> <span class='ocrx_word' id='word_1_100' title='bbox 1599 971 1678 1031; x_wconf 84' lang='lat' dir='ltr'>lava·</span> 
     </span>
     <span class='ocr_line' id='line_1_9' title="bbox 90 1060 1677 1137; baseline -0.001 -17"><span class='ocrx_word' id='word_1_101' title='bbox 90 1068 193 1122; x_wconf 74' lang='lat' dir='ltr'>leretur</span> <span class='ocrx_word' id='word_1_102' title='bbox 207 1065 277 1121; x_wconf 87' lang='lat' dir='ltr'>deos</span> <span class='ocrx_word' id='word_1_103' title='bbox 302 1062 423 1132; x_wconf 87' lang='lat' dir='ltr'>alienos,</span> <span class='ocrx_word' id='word_1_104' title='bbox 440 1070 469 1121; x_wconf 86' lang='lat' dir='ltr'>et</span> <span class='ocrx_word' id='word_1_105' title='bbox 485 1080 542 1120; x_wconf 90' lang='lat' dir='ltr'>non</span> <span class='ocrx_word' id='word_1_106' title='bbox 559 1064 795 1136; x_wconf 74' lang='lat' dir='ltr'>custodivitque</span> <span class='ocrx_word' id='word_1_107' title='bbox 849 1061 891 1117; x_wconf 88' lang='lat' dir='ltr'>vit</span> <span class='ocrx_word' id='word_1_108' title='bbox 906 1079 1024 1121; x_wconf 91' lang='lat' dir='ltr'>manum</span> <span class='ocrx_word' id='word_1_109' title='bbox 1040 1069 1143 1121; x_wconf 90' lang='lat' dir='ltr'>contra</span> <span class='ocrx_word' id='word_1_110' title='bbox 1157 1080 1267 1137; x_wconf 90' lang='lat' dir='ltr'>regem.</span> <span class='ocrx_word' id='word_1_111' title='bbox 1283 1060 1318 1120; x_wconf 86' lang='lat' dir='ltr'>Et</span> <span class='ocrx_word' id='word_1_112' title='bbox 1332 1063 1394 1120; x_wconf 80' lang='lat' dir='ltr'>hac</span> <span class='ocrx_word' id='word_1_113' title='bbox 1404 1078 1493 1119; x_wconf 85' lang='lat' dir='ltr'>causa</span> <span class='ocrx_word' id='word_1_114' title='bbox 1507 1061 1677 1120; x_wconf 80' lang='lat' dir='ltr'>rebellionis</span> 
     </span>
     <span class='ocr_line' id='line_1_10' title="bbox 90 1148 1678 1227; baseline -0.001 -17"><span class='ocrx_word' id='word_1_115' title='bbox 90 1152 122 1211; x_wconf 82' lang='lat' dir='ltr'>n&#39;t</span> <span class='ocrx_word' id='word_1_116' title='bbox 132 1153 159 1212; x_wconf 87' lang='lat' dir='ltr'>ei</span> <span class='ocrx_word' id='word_1_117' title='bbox 175 1153 329 1210; x_wconf 85' lang='lat' dir='ltr'>Dominus.</span> <span class='ocrx_word' id='word_1_118' title='bbox 344 1154 424 1212; x_wconf 83' lang='lat' dir='ltr'>Dixit</span> <span class='ocrx_word' id='word_1_119' title='bbox 438 1154 540 1226; x_wconf 87' lang='lat' dir='ltr'>itaque</span> <span class='ocrx_word' id='word_1_120' title='bbox 557 1154 698 1210; x_wconf 86' lang='lat' dir='ltr'>Dominus</span> <span class='ocrx_word' id='word_1_121' title='bbox 713 1151 796 1209; x_wconf 90' lang='lat' dir='ltr'>Salo·</span> <span class='ocrx_word' id='word_1_122' title='bbox 850 1150 992 1209; x_wconf 88' lang='lat' dir='ltr'>adversus</span> <span class='ocrx_word' id='word_1_123' title='bbox 1015 1168 1096 1223; x_wconf 88' lang='lat' dir='ltr'>eum,</span> <span class='ocrx_word' id='word_1_124' title='bbox 1121 1152 1192 1227; x_wconf 89' lang='lat' dir='ltr'>qula</span> <span class='ocrx_word' id='word_1_125' title='bbox 1214 1151 1353 1209; x_wconf 82' lang='lat' dir='ltr'>Salomon</span> <span class='ocrx_word' id='word_1_126' title='bbox 1369 1150 1522 1208; x_wconf 79' lang='lat' dir='ltr'>edificavit</span> <span class='ocrx_word' id='word_1_127' title='bbox 1536 1148 1634 1220; x_wconf 77' lang='lat' dir='ltr'>Mello,</span> <span class='ocrx_word' id='word_1_128' title='bbox 1647 1154 1678 1208; x_wconf 85' lang='lat' dir='ltr'>el</span> 
     </span>
     <span class='ocr_line' id='line_1_11' title="bbox 90 1237 1676 1316; baseline -0.002 -16"><span class='ocrx_word' id='word_1_129' title='bbox 90 1242 161 1310; x_wconf 78' lang='lat' dir='ltr'>Quia</span> <span class='ocrx_word' id='word_1_130' title='bbox 182 1241 311 1300; x_wconf 73' lang='lat' dir='ltr'>habuisti</span> <span class='ocrx_word' id='word_1_131' title='bbox 329 1245 382 1300; x_wconf 92' lang='lat' dir='ltr'>hoo</span> <span class='ocrx_word' id='word_1_132' title='bbox 403 1243 479 1315; x_wconf 91' lang='lat' dir='ltr'>apud</span> <span class='ocrx_word' id='word_1_133' title='bbox 511 1248 550 1308; x_wconf 80' lang='lat' dir='ltr'>te.</span> <span class='ocrx_word' id='word_1_134' title='bbox 566 1247 594 1298; x_wconf 90' lang='lat' dir='ltr'>et</span> <span class='ocrx_word' id='word_1_135' title='bbox 618 1258 674 1299; x_wconf 92' lang='lat' dir='ltr'>non</span> <span class='ocrx_word' id='word_1_136' title='bbox 696 1246 796 1299; x_wconf 84' lang='lat' dir='ltr'>custo·</span> <span class='ocrx_word' id='word_1_137' title='bbox 849 1241 1010 1314; x_wconf 82' lang='lat' dir='ltr'>coequavit</span> <span class='ocrx_word' id='word_1_138' title='bbox 1034 1242 1204 1316; x_wconf 90' lang='lat' dir='ltr'>voraginem</span> <span class='ocrx_word' id='word_1_139' title='bbox 1225 1240 1358 1297; x_wconf 87' lang='lat' dir='ltr'>civitatis</span> <span class='ocrx_word' id='word_1_140' title='bbox 1383 1239 1476 1297; x_wconf 88' lang='lat' dir='ltr'>David</span> <span class='ocrx_word' id='word_1_141' title='bbox 1500 1238 1594 1313; x_wconf 88' lang='lat' dir='ltr'>patris</span> <span class='ocrx_word' id='word_1_142' title='bbox 1617 1237 1676 1297; x_wconf 87' lang='lat' dir='ltr'>sul.</span> 
     </span>
     <span class='ocr_line' id='line_1_12' title="bbox 91 1328 1677 1405; baseline -0.002 -17"><span class='ocrx_word' id='word_1_143' title='bbox 91 1335 173 1389; x_wconf 89' lang='lat' dir='ltr'>otum</span> <span class='ocrx_word' id='word_1_144' title='bbox 190 1346 300 1400; x_wconf 86' lang='lat' dir='ltr'>meum,</span> <span class='ocrx_word' id='word_1_145' title='bbox 312 1335 496 1405; x_wconf 81' lang='lat' dir='ltr'>etpracepla</span> <span class='ocrx_word' id='word_1_146' title='bbox 507 1348 572 1388; x_wconf 91' lang='lat' dir='ltr'>mea</span> <span class='ocrx_word' id='word_1_147' title='bbox 583 1347 647 1403; x_wconf 82' lang='lat' dir='ltr'>qua</span> <span class='ocrx_word' id='word_1_148' title='bbox 659 1331 794 1387; x_wconf 91' lang='lat' dir='ltr'>mandavi</span> <span class='ocrx_word' id='word_1_149' title='bbox 847 1330 918 1386; x_wconf 81' lang='lat' dir='ltr'>licat</span> <span class='ocrx_word' id='word_1_150' title='bbox 932 1336 1031 1388; x_wconf 88' lang='lat' dir='ltr'>autem</span> <span class='ocrx_word' id='word_1_151' title='bbox 1046 1332 1202 1388; x_wconf 87' lang='lat' dir='ltr'>leroboam</span> <span class='ocrx_word' id='word_1_152' title='bbox 1217 1330 1262 1386; x_wconf 91' lang='lat' dir='ltr'>vir</span> <span class='ocrx_word' id='word_1_153' title='bbox 1275 1329 1359 1387; x_wconf 87' lang='lat' dir='ltr'>iuriis</span> <span class='ocrx_word' id='word_1_154' title='bbox 1374 1334 1403 1386; x_wconf 91' lang='lat' dir='ltr'>et</span> <span class='ocrx_word' id='word_1_155' title='bbox 1419 1333 1542 1403; x_wconf 85' lang='lat' dir='ltr'>polens:</span> <span class='ocrx_word' id='word_1_156' title='bbox 1559 1328 1677 1386; x_wconf 83' lang='lat' dir='ltr'>videns·</span> 
     </span>
     <span class='ocr_line' id='line_1_13' title="bbox 90 1417 1677 1494; baseline 0 -18"><span class='ocrx_word' id='word_1_157' title='bbox 90 1435 240 1494; x_wconf 83' lang='lat' dir='ltr'>rrumpens</span> <span class='ocrx_word' id='word_1_158' title='bbox 264 1421 397 1477; x_wconf 86' lang='lat' dir='ltr'>scindam</span> <span class='ocrx_word' id='word_1_159' title='bbox 415 1435 539 1493; x_wconf 87' lang='lat' dir='ltr'>regnum</span> <span class='ocrx_word' id='word_1_160' title='bbox 555 1425 653 1490; x_wconf 81' lang='lat' dir='ltr'>laum,</span> <span class='ocrx_word' id='word_1_161' title='bbox 677 1425 706 1476; x_wconf 84' lang='lat' dir='ltr'>et</span> <span class='ocrx_word' id='word_1_162' title='bbox 720 1421 796 1477; x_wconf 91' lang='lat' dir='ltr'>dabo</span> <span class='ocrx_word' id='word_1_163' title='bbox 849 1437 905 1491; x_wconf 87' lang='lat' dir='ltr'>que</span> <span class='ocrx_word' id='word_1_164' title='bbox 920 1419 1059 1477; x_wconf 83' lang='lat' dir='ltr'>Salomon</span> <span class='ocrx_word' id='word_1_165' title='bbox 1082 1420 1297 1478; x_wconf 85' lang='lat' dir='ltr'>adolescentem</span> <span class='ocrx_word' id='word_1_166' title='bbox 1320 1421 1403 1477; x_wconf 77' lang='lat' dir='ltr'>bona</span> <span class='ocrx_word' id='word_1_167' title='bbox 1417 1417 1527 1476; x_wconf 90' lang='lat' dir='ltr'>ludolis</span> <span class='ocrx_word' id='word_1_168' title='bbox 1542 1421 1572 1476; x_wconf 86' lang='lat' dir='ltr'>at</span> <span class='ocrx_word' id='word_1_169' title='bbox 1590 1418 1677 1476; x_wconf 90' lang='lat' dir='ltr'>indu·</span> 
     </span>
     <span class='ocr_line' id='line_1_14' title="bbox 90 1506 1676 1582; baseline -0.001 -17"><span class='ocrx_word' id='word_1_170' title='bbox 90 1524 141 1565; x_wconf 88' lang='lat' dir='ltr'>rvo</span> <span class='ocrx_word' id='word_1_171' title='bbox 161 1514 223 1566; x_wconf 91' lang='lat' dir='ltr'>tuo.</span> <span class='ocrx_word' id='word_1_172' title='bbox 249 1509 457 1567; x_wconf 83' lang='lat' dir='ltr'>Verumtamen</span> <span class='ocrx_word' id='word_1_173' title='bbox 480 1510 509 1565; x_wconf 95' lang='lat' dir='ltr'>in</span> <span class='ocrx_word' id='word_1_174' title='bbox 537 1510 642 1566; x_wconf 89' lang='lat' dir='ltr'>diebus</span> <span class='ocrx_word' id='word_1_175' title='bbox 666 1509 795 1565; x_wconf 86' lang='lat' dir='ltr'>tuisnon</span> <span class='ocrx_word' id='word_1_176' title='bbox 849 1510 967 1579; x_wconf 88' lang='lat' dir='ltr'>atrium,</span> <span class='ocrx_word' id='word_1_177' title='bbox 983 1510 1178 1568; x_wconf 87' lang='lat' dir='ltr'>constituerat</span> <span class='ocrx_word' id='word_1_178' title='bbox 1191 1525 1259 1565; x_wconf 91' lang='lat' dir='ltr'>eum</span> <span class='ocrx_word' id='word_1_179' title='bbox 1276 1509 1447 1582; x_wconf 76' lang='lat' dir='ltr'>praelectum</span> <span class='ocrx_word' id='word_1_180' title='bbox 1462 1506 1676 1581; x_wconf 86' lang='lat' dir='ltr'>supertributa</span> 
     </span>
     <span class='ocr_line' id='line_1_15' title="bbox 102 1596 1676 1671; baseline 0 -17"><span class='ocrx_word' id='word_1_181' title='bbox 102 1602 221 1670; x_wconf 88' lang='lat' dir='ltr'>propter</span> <span class='ocrx_word' id='word_1_182' title='bbox 235 1598 324 1655; x_wconf 88' lang='lat' dir='ltr'>David</span> <span class='ocrx_word' id='word_1_183' title='bbox 342 1604 454 1670; x_wconf 88' lang='lat' dir='ltr'>patrem</span> <span class='ocrx_word' id='word_1_184' title='bbox 472 1603 556 1655; x_wconf 91' lang='lat' dir='ltr'>tuum</span> <span class='ocrx_word' id='word_1_185' title='bbox 570 1615 576 1655; x_wconf 93' lang='lat'>:</span> <span class='ocrx_word' id='word_1_186' title='bbox 589 1600 626 1655; x_wconf 90' lang='lat' dir='ltr'>de</span> <span class='ocrx_word' id='word_1_187' title='bbox 642 1615 730 1655; x_wconf 88' lang='lat' dir='ltr'>manu</span> <span class='ocrx_word' id='word_1_188' title='bbox 743 1598 795 1654; x_wconf 87' lang='lat' dir='ltr'>filii</span> <span class='ocrx_word' id='word_1_189' title='bbox 849 1598 993 1655; x_wconf 80' lang='lat' dir='ltr'>universa</span> <span class='ocrx_word' id='word_1_190' title='bbox 1009 1598 1116 1656; x_wconf 89' lang='lat' dir='ltr'>domus</span> <span class='ocrx_word' id='word_1_191' title='bbox 1130 1598 1251 1671; x_wconf 83' lang='lat' dir='ltr'>loseph.</span> <span class='ocrx_word' id='word_1_192' title='bbox 1267 1597 1311 1668; x_wconf 84' lang='lat' dir='ltr'>[T.</span> <span class='ocrx_word' id='word_1_193' title='bbox 1322 1597 1481 1670; x_wconf 71' lang='lat' dir='ltr'>xxxvii]</span> <span class='ocrx_word' id='word_1_194' title='bbox 1497 1596 1618 1654; x_wconf 76' lang='lat' dir='ltr'>Factum</span> <span class='ocrx_word' id='word_1_195' title='bbox 1629 1597 1676 1654; x_wconf 85' lang='lat' dir='ltr'>eet</span> 
     </span>
     <span class='ocr_line' id='line_1_16' title="bbox 92 1685 1674 1761; baseline -0.001 -18"><span class='ocrx_word' id='word_1_196' title='bbox 92 1687 182 1743; x_wconf 93' lang='lat' dir='ltr'>ndam</span> <span class='ocrx_word' id='word_1_197' title='bbox 210 1686 295 1750; x_wconf 84' lang='lat' dir='ltr'>illud,</span> <span class='ocrx_word' id='word_1_198' title='bbox 319 1703 373 1744; x_wconf 91' lang='lat' dir='ltr'>nec</span> <span class='ocrx_word' id='word_1_199' title='bbox 394 1692 490 1744; x_wconf 92' lang='lat' dir='ltr'>totum</span> <span class='ocrx_word' id='word_1_200' title='bbox 515 1703 639 1760; x_wconf 90' lang='lat' dir='ltr'>regnum</span> <span class='ocrx_word' id='word_1_201' title='bbox 664 1686 794 1743; x_wconf 79' lang='lat' dir='ltr'>auferam</span> <span class='ocrx_word' id='word_1_202' title='bbox 850 1688 940 1761; x_wconf 88' lang='lat' dir='ltr'>igitur</span> <span class='ocrx_word' id='word_1_203' title='bbox 953 1688 984 1744; x_wconf 92' lang='lat' dir='ltr'>in</span> <span class='ocrx_word' id='word_1_204' title='bbox 998 1692 1129 1761; x_wconf 87' lang='lat' dir='ltr'>tempore</span> <span class='ocrx_word' id='word_1_205' title='bbox 1144 1687 1205 1759; x_wconf 88' lang='lat' dir='ltr'>illo,</span> <span class='ocrx_word' id='word_1_206' title='bbox 1220 1692 1252 1744; x_wconf 92' lang='lat' dir='ltr'>ut</span> <span class='ocrx_word' id='word_1_207' title='bbox 1265 1687 1421 1744; x_wconf 85' lang='lat' dir='ltr'>leroboam</span> <span class='ocrx_word' id='word_1_208' title='bbox 1437 1687 1623 1760; x_wconf 77' lang='lat' dir='ltr'>egrederetur</span> <span class='ocrx_word' id='word_1_209' title='bbox 1636 1685 1674 1741; x_wconf 83' lang='lat' dir='ltr'>da</span> 
     </span>
     <span class='ocr_line' id='line_1_17' title="bbox 90 1774 1672 1868; baseline -0.001 -36"><span class='ocrx_word' id='word_1_210' title='bbox 90 1774 140 1849; x_wconf 88' lang='lat' dir='ltr'>m]‚</span> <span class='ocrx_word' id='word_1_211' title='bbox 150 1777 201 1832; x_wconf 93' lang='lat' dir='ltr'>sed</span> <span class='ocrx_word' id='word_1_212' title='bbox 224 1775 336 1833; x_wconf 86' lang='lat' dir='ltr'>tribum</span> <span class='ocrx_word' id='word_1_213' title='bbox 348 1776 522 1833; x_wconf 89' lang='lat' dir='ltr'>unamdabo</span> <span class='ocrx_word' id='word_1_214' title='bbox 534 1776 663 1844; x_wconf 80' lang='lat' dir='ltr'>liliolus,</span> <span class='ocrx_word' id='word_1_215' title='bbox 677 1780 794 1848; x_wconf 87' lang='lat' dir='ltr'>propter</span> <span class='ocrx_word' id='word_1_216' title='bbox 808 1802 832 1868; x_wconf 78' lang='grc' dir='ltr'>Β</span> <span class='ocrx_word' id='word_1_217' title='bbox 846 1776 1023 1847; x_wconf 83' lang='lat' dir='ltr'>Jerusalem,</span> <span class='ocrx_word' id='word_1_218' title='bbox 1049 1781 1078 1835; x_wconf 90' lang='lat' dir='ltr'>et</span> <span class='ocrx_word' id='word_1_219' title='bbox 1091 1778 1236 1834; x_wconf 90' lang='lat' dir='ltr'>inveniret</span> <span class='ocrx_word' id='word_1_220' title='bbox 1258 1792 1326 1833; x_wconf 87' lang='lat' dir='ltr'>eum</span> <span class='ocrx_word' id='word_1_221' title='bbox 1341 1775 1432 1833; x_wconf 76' lang='lat' dir='ltr'>ahias</span> <span class='ocrx_word' id='word_1_222' title='bbox 1450 1774 1589 1832; x_wconf 78' lang='lat' dir='ltr'>silonites</span> <span class='ocrx_word' id='word_1_223' title='bbox 1603 1789 1672 1846; x_wconf 87' lang='lat' dir='ltr'>pro·</span> 
     </span>
     <span class='ocr_line' id='line_1_18' title="bbox 90 1863 1673 1939; baseline -0.002 -17"><span class='ocrx_word' id='word_1_224' title='bbox 90 1881 193 1922; x_wconf 86' lang='lat' dir='ltr'>arvum</span> <span class='ocrx_word' id='word_1_225' title='bbox 219 1881 317 1921; x_wconf 90' lang='lat' dir='ltr'>meum</span> <span class='ocrx_word' id='word_1_226' title='bbox 343 1870 372 1921; x_wconf 90' lang='lat' dir='ltr'>et</span> <span class='ocrx_word' id='word_1_227' title='bbox 394 1865 557 1922; x_wconf 83' lang='lat' dir='ltr'>Jerusalem</span> <span class='ocrx_word' id='word_1_228' title='bbox 589 1881 678 1939; x_wconf 86' lang='lat' dir='ltr'>quam</span> <span class='ocrx_word' id='word_1_229' title='bbox 708 1865 792 1936; x_wconf 87' lang='lat' dir='ltr'>elegi.</span> <span class='ocrx_word' id='word_1_230' title='bbox 849 1866 937 1938; x_wconf 89' lang='lat' dir='ltr'>pheta</span> <span class='ocrx_word' id='word_1_231' title='bbox 951 1865 1044 1922; x_wconf 87' lang='lat' dir='ltr'>invia</span> <span class='ocrx_word' id='word_1_232' title='bbox 1058 1869 1177 1939; x_wconf 90' lang='lat' dir='ltr'>opertus</span> <span class='ocrx_word' id='word_1_233' title='bbox 1193 1864 1280 1938; x_wconf 90' lang='lat' dir='ltr'>pallio</span> <span class='ocrx_word' id='word_1_234' title='bbox 1296 1882 1369 1922; x_wconf 94' lang='lat' dir='ltr'>novo</span> <span class='ocrx_word' id='word_1_235' title='bbox 1386 1869 1489 1922; x_wconf 89' lang='lat' dir='ltr'>:erant</span> <span class='ocrx_word' id='word_1_236' title='bbox 1503 1863 1673 1921; x_wconf 89' lang='lat' dir='ltr'>autemduo</span> 
     </span>
    </p>
   </div>
   <div class='ocr_carea' id='block_1_3' title="bbox 90 1951 1766 2028">
    <p class='ocr_par' dir='ltr' id='par_1_3' title="bbox 90 1951 1766 2028">
     <span class='ocr_line' id='line_1_19' title="bbox 90 1951 1766 2028; baseline -0.001 -18"><span class='ocrx_word' id='word_1_237' title='bbox 90 1952 170 2027; x_wconf 72' lang='lat' dir='ltr'>aru]</span> <span class='ocrx_word' id='word_1_238' title='bbox 194 1954 352 2011; x_wconf 84' lang='lat' dir='ltr'>Suscitavit</span> <span class='ocrx_word' id='word_1_239' title='bbox 374 1960 473 2010; x_wconf 85' lang='lat' dir='ltr'>aulem</span> <span class='ocrx_word' id='word_1_240' title='bbox 496 1954 793 2011; x_wconf 85' lang='lat' dir='ltr'>Dominusadversa·</span> <span class='ocrx_word' id='word_1_241' title='bbox 848 1960 963 2011; x_wconf 91' lang='lat' dir='ltr'>tantum</span> <span class='ocrx_word' id='word_1_242' title='bbox 980 1955 1010 2011; x_wconf 89' lang='lat' dir='ltr'>in</span> <span class='ocrx_word' id='word_1_243' title='bbox 1027 1971 1106 2028; x_wconf 88' lang='lat' dir='ltr'>egro.</span> <span class='ocrx_word' id='word_1_244' title='bbox 1130 1954 1419 2028; x_wconf 69' lang='lat' dir='ltr'>apprehendensque</span> <span class='ocrx_word' id='word_1_245' title='bbox 1441 1952 1533 2011; x_wconf 80' lang='lat' dir='ltr'>Ahiaa</span> <span class='ocrx_word' id='word_1_246' title='bbox 1547 1951 1672 2026; x_wconf 89' lang='lat' dir='ltr'>pallium</span> <span class='ocrx_word' id='word_1_247' title='bbox 1763 1994 1766 1999; x_wconf 75' lang='lat'><em>·</em></span> 
     </span>
    </p>
   </div>
   <div class='ocr_carea' id='block_1_4' title="bbox 90 2040 1752 4883">
    <p class='ocr_par' dir='ltr' id='par_1_4' title="bbox 90 2040 1752 4883">
     <span class='ocr_line' id='line_1_20' title="bbox 90 2040 1671 2118; baseline -0.003 -17"><span class='ocrx_word' id='word_1_248' title='bbox 90 2040 233 2111; x_wconf 69' lang='lat' dir='ltr'>ammoni,</span> <span class='ocrx_word' id='word_1_249' title='bbox 251 2043 328 2099; x_wconf 74' lang='lat' dir='ltr'>idad</span> <span class='ocrx_word' id='word_1_250' title='bbox 352 2042 514 2099; x_wconf 80' lang='lat' dir='ltr'>ldumaeum</span> <span class='ocrx_word' id='word_1_251' title='bbox 530 2043 565 2098; x_wconf 91' lang='lat' dir='ltr'>de</span> <span class='ocrx_word' id='word_1_252' title='bbox 580 2042 792 2115; x_wconf 86' lang='lat' dir='ltr'>sernineregio,</span> <span class='ocrx_word' id='word_1_253' title='bbox 846 2061 927 2100; x_wconf 83' lang='lat' dir='ltr'>auum</span> <span class='ocrx_word' id='word_1_254' title='bbox 944 2044 985 2118; x_wconf 82' lang='lat' dir='ltr'>[h.</span> <span class='ocrx_word' id='word_1_255' title='bbox 1011 2044 1183 2117; x_wconf 89' lang='lat' dir='ltr'>nonhabet]</span> <span class='ocrx_word' id='word_1_256' title='bbox 1204 2060 1322 2110; x_wconf 85' lang='lat' dir='ltr'>novum,</span> <span class='ocrx_word' id='word_1_257' title='bbox 1347 2059 1406 2117; x_wconf 92' lang='lat' dir='ltr'>qno</span> <span class='ocrx_word' id='word_1_258' title='bbox 1420 2046 1575 2115; x_wconf 85' lang='lat' dir='ltr'>coopertus</span> <span class='ocrx_word' id='word_1_259' title='bbox 1598 2046 1671 2113; x_wconf 89' lang='lat' dir='ltr'>erat,</span> 
     </span>
     <span class='ocr_line' id='line_1_21' title="bbox 90 2130 1670 2206; baseline -0.001 -18"><span class='ocrx_word' id='word_1_260' title='bbox 90 2132 257 2190; x_wconf 81' lang='lat' dir='ltr'>;inlldom.</span> <span class='ocrx_word' id='word_1_261' title='bbox 288 2135 359 2187; x_wconf 87' lang='lat' dir='ltr'>cum</span> <span class='ocrx_word' id='word_1_262' title='bbox 382 2132 461 2188; x_wconf 90' lang='lat' dir='ltr'>enim</span> <span class='ocrx_word' id='word_1_263' title='bbox 477 2137 555 2188; x_wconf 86' lang='lat' dir='ltr'>esset</span> <span class='ocrx_word' id='word_1_264' title='bbox 569 2133 660 2189; x_wconf 84' lang='lat' dir='ltr'>David</span> <span class='ocrx_word' id='word_1_265' title='bbox 676 2131 705 2187; x_wconf 96' lang='lat' dir='ltr'>in</span> <span class='ocrx_word' id='word_1_266' title='bbox 722 2133 793 2188; x_wconf 53' lang='lat' dir='ltr'>ldu‘</span> <span class='ocrx_word' id='word_1_267' title='bbox 847 2134 935 2190; x_wconf 89' lang='lat' dir='ltr'>scidit</span> <span class='ocrx_word' id='word_1_268' title='bbox 948 2135 978 2190; x_wconf 97' lang='lat' dir='ltr'>in</span> <span class='ocrx_word' id='word_1_269' title='bbox 1008 2133 1163 2190; x_wconf 87' lang='lat' dir='ltr'>duodecim</span> <span class='ocrx_word' id='word_1_270' title='bbox 1187 2139 1294 2206; x_wconf 88' lang='lat' dir='ltr'>partes.</span> <span class='ocrx_word' id='word_1_271' title='bbox 1323 2134 1359 2189; x_wconf 79' lang='lat' dir='ltr'>Et</span> <span class='ocrx_word' id='word_1_272' title='bbox 1382 2133 1474 2190; x_wconf 90' lang='lat' dir='ltr'>ailad</span> <span class='ocrx_word' id='word_1_273' title='bbox 1493 2130 1670 2188; x_wconf 89' lang='lat' dir='ltr'>leroboam:</span> 
     </span>
     <span class='ocr_line' id='line_1_22' title="bbox 90 2219 1672 2295; baseline -0.001 -16"><span class='ocrx_word' id='word_1_274' title='bbox 90 2226 98 2279; x_wconf 91' lang='lat' dir='ltr'>t</span> <span class='ocrx_word' id='word_1_275' title='bbox 111 2220 295 2279; x_wconf 75' lang='lat' dir='ltr'>ascendisset</span> <span class='ocrx_word' id='word_1_276' title='bbox 304 2222 377 2278; x_wconf 86' lang='lat' dir='ltr'>Joah</span> <span class='ocrx_word' id='word_1_277' title='bbox 388 2222 524 2294; x_wconf 86' lang='lat' dir='ltr'>princeps</span> <span class='ocrx_word' id='word_1_278' title='bbox 540 2221 652 2276; x_wconf 80' lang='lat' dir='ltr'>militie</span> <span class='ocrx_word' id='word_1_279' title='bbox 663 2221 698 2277; x_wconf 90' lang='lat' dir='ltr'>ad</span> <span class='ocrx_word' id='word_1_280' title='bbox 710 2237 793 2295; x_wconf 88' lang='lat' dir='ltr'>sepe·</span> <span class='ocrx_word' id='word_1_281' title='bbox 847 2222 928 2279; x_wconf 82' lang='lat' dir='ltr'>Tolle</span> <span class='ocrx_word' id='word_1_282' title='bbox 940 2222 993 2279; x_wconf 86' lang='lat' dir='ltr'>tibi</span> <span class='ocrx_word' id='word_1_283' title='bbox 1002 2223 1255 2280; x_wconf 85' lang='lat' dir='ltr'>decemsciasuras</span> <span class='ocrx_word' id='word_1_284' title='bbox 1265 2239 1272 2278; x_wconf 76' lang='grc' dir='ltr'>ε</span> <span class='ocrx_word' id='word_1_285' title='bbox 1284 2222 1346 2279; x_wconf 80' lang='lat' dir='ltr'>hac</span> <span class='ocrx_word' id='word_1_286' title='bbox 1356 2221 1434 2279; x_wconf 90' lang='lat' dir='ltr'>enirn</span> <span class='ocrx_word' id='word_1_287' title='bbox 1445 2219 1517 2278; x_wconf 87' lang='lat' dir='ltr'>dicit</span> <span class='ocrx_word' id='word_1_288' title='bbox 1531 2219 1672 2278; x_wconf 82' lang='lat' dir='ltr'>Dominus</span> 
     </span>
     <span class='ocr_line' id='line_1_23' title="bbox 108 2309 1669 2388; baseline -0.001 -19"><span class='ocrx_word' id='word_1_289' title='bbox 108 2326 159 2369; x_wconf 83' lang='lat' dir='ltr'>eoa</span> <span class='ocrx_word' id='word_1_290' title='bbox 183 2311 234 2383; x_wconf 91' lang='lat' dir='ltr'>qui</span> <span class='ocrx_word' id='word_1_291' title='bbox 256 2311 373 2366; x_wconf 82' lang='lat' dir='ltr'>ruerant</span> <span class='ocrx_word' id='word_1_292' title='bbox 402 2311 559 2379; x_wconf 87' lang='lat' dir='ltr'>interiecti,</span> <span class='ocrx_word' id='word_1_293' title='bbox 581 2313 610 2366; x_wconf 88' lang='lat' dir='ltr'>et</span> <span class='ocrx_word' id='word_1_294' title='bbox 637 2309 794 2368; x_wconf 87' lang='lat' dir='ltr'>occidisset</span> <span class='ocrx_word' id='word_1_295' title='bbox 847 2319 925 2370; x_wconf 79' lang='lat' dir='ltr'>treus</span> <span class='ocrx_word' id='word_1_296' title='bbox 940 2313 1046 2373; x_wconf 80' lang='lat' dir='ltr'>lsrael:</span> <span class='ocrx_word' id='word_1_297' title='bbox 1063 2319 1134 2370; x_wconf 81' lang='lat' dir='ltr'>Ecca</span> <span class='ocrx_word' id='word_1_298' title='bbox 1157 2329 1210 2388; x_wconf 90' lang='lat' dir='ltr'>ego</span> <span class='ocrx_word' id='word_1_299' title='bbox 1225 2312 1360 2370; x_wconf 88' lang='lat' dir='ltr'>scindam</span> <span class='ocrx_word' id='word_1_300' title='bbox 1385 2327 1510 2383; x_wconf 88' lang='lat' dir='ltr'>regnum</span> <span class='ocrx_word' id='word_1_301' title='bbox 1525 2311 1562 2368; x_wconf 89' lang='lat' dir='ltr'>de</span> <span class='ocrx_word' id='word_1_302' title='bbox 1578 2326 1669 2369; x_wconf 89' lang='lat' dir='ltr'>manu</span> 
     </span>
     <span class='ocr_line' id='line_1_24' title="bbox 90 2399 1670 2475; baseline 0.001 -18"><span class='ocrx_word' id='word_1_303' title='bbox 90 2399 268 2457; x_wconf 83' lang='lat' dir='ltr'>tasculinum</span> <span class='ocrx_word' id='word_1_304' title='bbox 280 2400 288 2434; x_wconf 89' lang='lat'><strong>¹</strong></span> <span class='ocrx_word' id='word_1_305' title='bbox 300 2399 329 2456; x_wconf 92' lang='lat' dir='ltr'>in</span> <span class='ocrx_word' id='word_1_306' title='bbox 342 2399 540 2470; x_wconf 78' lang='lat' dir='ltr'>ldumaealsex</span> <span class='ocrx_word' id='word_1_307' title='bbox 551 2400 629 2456; x_wconf 84' lang='lat' dir='ltr'>enim</span> <span class='ocrx_word' id='word_1_308' title='bbox 642 2399 792 2456; x_wconf 87' lang='lat' dir='ltr'>mensibus</span> <span class='ocrx_word' id='word_1_309' title='bbox 846 2402 1023 2475; x_wconf 89' lang='lat' dir='ltr'>Salomonis,</span> <span class='ocrx_word' id='word_1_310' title='bbox 1039 2407 1068 2459; x_wconf 89' lang='lat' dir='ltr'>et</span> <span class='ocrx_word' id='word_1_311' title='bbox 1093 2403 1169 2460; x_wconf 89' lang='lat' dir='ltr'>dabo</span> <span class='ocrx_word' id='word_1_312' title='bbox 1193 2402 1247 2458; x_wconf 91' lang='lat' dir='ltr'>tibi</span> <span class='ocrx_word' id='word_1_313' title='bbox 1262 2403 1364 2458; x_wconf 87' lang='lat' dir='ltr'>decem</span> <span class='ocrx_word' id='word_1_314' title='bbox 1383 2400 1490 2457; x_wconf 84' lang='lat' dir='ltr'>tribua.</span> <span class='ocrx_word' id='word_1_315' title='bbox 1507 2403 1595 2458; x_wconf 84' lang='lat' dir='ltr'>Porro</span> <span class='ocrx_word' id='word_1_316' title='bbox 1611 2416 1670 2459; x_wconf 90' lang='lat' dir='ltr'>una</span> 
     </span>
     <span class='ocr_line' id='line_1_25' title="bbox 92 2488 1671 2564; baseline -0.001 -17"><span class='ocrx_word' id='word_1_317' title='bbox 92 2494 160 2547; x_wconf 86' lang='lat' dir='ltr'>atus</span> <span class='ocrx_word' id='word_1_318' title='bbox 175 2495 221 2545; x_wconf 91' lang='lat' dir='ltr'>est</span> <span class='ocrx_word' id='word_1_319' title='bbox 234 2489 319 2560; x_wconf 82' lang='lat' dir='ltr'>Joab,</span> <span class='ocrx_word' id='word_1_320' title='bbox 334 2493 363 2544; x_wconf 87' lang='lat' dir='ltr'>et</span> <span class='ocrx_word' id='word_1_321' title='bbox 385 2488 482 2545; x_wconf 90' lang='lat' dir='ltr'>omnis</span> <span class='ocrx_word' id='word_1_322' title='bbox 498 2488 597 2557; x_wconf 88' lang='lat' dir='ltr'>lsrael,</span> <span class='ocrx_word' id='word_1_323' title='bbox 613 2489 706 2545; x_wconf 92' lang='lat' dir='ltr'>donec</span> <span class='ocrx_word' id='word_1_324' title='bbox 716 2488 792 2544; x_wconf 90' lang='lat' dir='ltr'>inte·</span> <span class='ocrx_word' id='word_1_325' title='bbox 845 2493 942 2548; x_wconf 88' lang='lat' dir='ltr'>tribus</span> <span class='ocrx_word' id='word_1_326' title='bbox 953 2493 1116 2549; x_wconf 88' lang='lat' dir='ltr'>remanebit</span> <span class='ocrx_word' id='word_1_327' title='bbox 1130 2492 1418 2564; x_wconf 89' lang='lat' dir='ltr'>si,propterservum</span> <span class='ocrx_word' id='word_1_328' title='bbox 1426 2506 1526 2547; x_wconf 90' lang='lat' dir='ltr'>meum</span> <span class='ocrx_word' id='word_1_329' title='bbox 1538 2488 1630 2546; x_wconf 85' lang='lat' dir='ltr'>David</span> <span class='ocrx_word' id='word_1_330' title='bbox 1641 2491 1671 2546; x_wconf 87' lang='lat' dir='ltr'>et</span> 
     </span>
     <span class='ocr_line' id='line_1_26' title="bbox 113 2577 1671 2654; baseline 0 -20"><span class='ocrx_word' id='word_1_331' title='bbox 113 2577 177 2652; x_wconf 77' lang='lat' dir='ltr'>[aas.</span> <span class='ocrx_word' id='word_1_332' title='bbox 202 2577 412 2649; x_wconf 83' lang='lat' dir='ltr'>interficerent]</span> <span class='ocrx_word' id='word_1_333' title='bbox 436 2594 523 2634; x_wconf 91' lang='lat' dir='ltr'>omne</span> <span class='ocrx_word' id='word_1_334' title='bbox 547 2577 746 2634; x_wconf 90' lang='lat' dir='ltr'>masculinum</span> <span class='ocrx_word' id='word_1_335' title='bbox 761 2577 791 2632; x_wconf 92' lang='lat' dir='ltr'>in</span> <span class='ocrx_word' id='word_1_336' title='bbox 845 2581 1011 2638; x_wconf 83' lang='lat' dir='ltr'>Jerusalem</span> <span class='ocrx_word' id='word_1_337' title='bbox 1037 2582 1195 2650; x_wconf 84' lang='lat' dir='ltr'>civilatem,</span> <span class='ocrx_word' id='word_1_338' title='bbox 1222 2596 1312 2653; x_wconf 86' lang='lat' dir='ltr'>quam</span> <span class='ocrx_word' id='word_1_339' title='bbox 1327 2579 1402 2654; x_wconf 90' lang='lat' dir='ltr'>elegi</span> <span class='ocrx_word' id='word_1_340' title='bbox 1417 2597 1452 2637; x_wconf 86' lang='lat' dir='ltr'>ex</span> <span class='ocrx_word' id='word_1_341' title='bbox 1466 2577 1671 2636; x_wconf 89' lang='lat' dir='ltr'>omnibustri·</span> 
     </span>
     <span class='ocr_line' id='line_1_27' title="bbox 90 2666 1670 2743; baseline -0.001 -19"><span class='ocrx_word' id='word_1_342' title='bbox 90 2668 119 2741; x_wconf 92' lang='grc' dir='ltr'>ι),</span> <span class='ocrx_word' id='word_1_343' title='bbox 136 2668 300 2740; x_wconf 85' lang='lat' dir='ltr'>iugilAdab</span> <span class='ocrx_word' id='word_1_344' title='bbox 316 2667 389 2741; x_wconf 87' lang='lat' dir='ltr'>ipse,</span> <span class='ocrx_word' id='word_1_345' title='bbox 410 2673 439 2723; x_wconf 88' lang='lat' dir='ltr'>et</span> <span class='ocrx_word' id='word_1_346' title='bbox 454 2667 508 2723; x_wconf 90' lang='lat' dir='ltr'>viri</span> <span class='ocrx_word' id='word_1_347' title='bbox 524 2666 643 2722; x_wconf 83' lang='lat' dir='ltr'>ldnmaei</span> <span class='ocrx_word' id='word_1_348' title='bbox 654 2668 689 2722; x_wconf 89' lang='lat' dir='ltr'>de</span> <span class='ocrx_word' id='word_1_349' title='bbox 700 2666 791 2723; x_wconf 83' lang='lat' dir='ltr'>servis</span> <span class='ocrx_word' id='word_1_350' title='bbox 846 2672 944 2727; x_wconf 90' lang='lat' dir='ltr'>bubus</span> <span class='ocrx_word' id='word_1_351' title='bbox 961 2670 1069 2728; x_wconf 85' lang='lat' dir='ltr'>Israel:</span> <span class='ocrx_word' id='word_1_352' title='bbox 1085 2667 1406 2743; x_wconf 86' lang='lat' dir='ltr'>eoquoddereliquarit</span> <span class='ocrx_word' id='word_1_353' title='bbox 1421 2683 1466 2725; x_wconf 90' lang='lat' dir='ltr'>me</span> <span class='ocrx_word' id='word_1_354' title='bbox 1480 2668 1502 2736; x_wconf 81' lang='lat'>⁸,</span> <span class='ocrx_word' id='word_1_355' title='bbox 1518 2672 1548 2724; x_wconf 90' lang='lat' dir='ltr'>et</span> <span class='ocrx_word' id='word_1_356' title='bbox 1564 2667 1670 2724; x_wconf 86' lang='lat' dir='ltr'>adora·</span> 
     </span>
     <span class='ocr_line' id='line_1_28' title="bbox 90 2755 1672 2831; baseline -0.003 -15"><span class='ocrx_word' id='word_1_357' title='bbox 90 2759 150 2831; x_wconf 85' lang='lat' dir='ltr'>ejus</span> <span class='ocrx_word' id='word_1_358' title='bbox 174 2775 242 2815; x_wconf 90' lang='lat' dir='ltr'>oum</span> <span class='ocrx_word' id='word_1_359' title='bbox 263 2774 308 2828; x_wconf 90' lang='lat' dir='ltr'>eo,</span> <span class='ocrx_word' id='word_1_360' title='bbox 331 2762 365 2814; x_wconf 87' lang='lat' dir='ltr'>ut</span> <span class='ocrx_word' id='word_1_361' title='bbox 390 2757 593 2830; x_wconf 82' lang='lat' dir='ltr'>ingrederetur</span> <span class='ocrx_word' id='word_1_362' title='bbox 615 2758 789 2829; x_wconf 82' lang='lat' dir='ltr'>AEgyptum:</span> <span class='ocrx_word' id='word_1_363' title='bbox 846 2757 1157 2830; x_wconf 79' lang='lat' dir='ltr'>varitAstharthenlb.</span> <span class='ocrx_word' id='word_1_364' title='bbox 1170 2757 1313 2829; x_wconf 78' lang='lat' dir='ltr'>astoreth]</span> <span class='ocrx_word' id='word_1_365' title='bbox 1332 2757 1417 2814; x_wconf 91' lang='lat' dir='ltr'>deam</span> <span class='ocrx_word' id='word_1_366' title='bbox 1431 2755 1628 2824; x_wconf 88' lang='lat' dir='ltr'>Sidoniorum,</span> <span class='ocrx_word' id='word_1_367' title='bbox 1641 2759 1672 2812; x_wconf 88' lang='lat' dir='ltr'>et</span> 
     </span>
     <span class='ocr_line' id='line_1_29' title="bbox 90 2843 1668 2919; baseline -0.003 -14"><span class='ocrx_word' id='word_1_368' title='bbox 90 2853 146 2905; x_wconf 88' lang='lat' dir='ltr'>tem</span> <span class='ocrx_word' id='word_1_369' title='bbox 157 2848 239 2904; x_wconf 81' lang='lat' dir='ltr'>adad</span> <span class='ocrx_word' id='word_1_370' title='bbox 255 2863 326 2919; x_wconf 88' lang='lat' dir='ltr'>puer</span> <span class='ocrx_word' id='word_1_371' title='bbox 337 2846 486 2919; x_wconf 88' lang='lat' dir='ltr'>parvulus.</span> <span class='ocrx_word' id='word_1_372' title='bbox 498 2846 632 2918; x_wconf 88' lang='lat' dir='ltr'>Cumque</span> <span class='ocrx_word' id='word_1_373' title='bbox 647 2846 791 2903; x_wconf 86' lang='lat' dir='ltr'>surrexis-</span> <span class='ocrx_word' id='word_1_374' title='bbox 846 2847 972 2904; x_wconf 86' lang='lat' dir='ltr'>Chamos</span> <span class='ocrx_word' id='word_1_375' title='bbox 987 2847 1074 2904; x_wconf 90' lang='lat' dir='ltr'>deurn</span> <span class='ocrx_word' id='word_1_376' title='bbox 1096 2847 1190 2914; x_wconf 86' lang='lat' dir='ltr'>bloab,</span> <span class='ocrx_word' id='word_1_377' title='bbox 1207 2851 1235 2902; x_wconf 88' lang='lat' dir='ltr'>et</span> <span class='ocrx_word' id='word_1_378' title='bbox 1258 2845 1402 2903; x_wconf 85' lang='lat' dir='ltr'>Melchom</span> <span class='ocrx_word' id='word_1_379' title='bbox 1427 2844 1515 2901; x_wconf 88' lang='lat' dir='ltr'>deum</span> <span class='ocrx_word' id='word_1_380' title='bbox 1537 2843 1668 2902; x_wconf 87' lang='lat' dir='ltr'>illiorum</span> 
     </span>
     <span class='ocr_line' id='line_1_30' title="bbox 94 2933 1670 3007; baseline -0.003 -14"><span class='ocrx_word' id='word_1_381' title='bbox 94 2936 224 3004; x_wconf 84' lang='lat' dir='ltr'>biadian,</span> <span class='ocrx_word' id='word_1_382' title='bbox 241 2939 385 2992; x_wconf 86' lang='lat' dir='ltr'>venerunt</span> <span class='ocrx_word' id='word_1_383' title='bbox 408 2935 438 2991; x_wconf 91' lang='lat' dir='ltr'>in</span> <span class='ocrx_word' id='word_1_384' title='bbox 454 2935 580 3004; x_wconf 84' lang='lat' dir='ltr'>Pharan,</span> <span class='ocrx_word' id='word_1_385' title='bbox 602 2934 791 3006; x_wconf 89' lang='lat' dir='ltr'>tuleruntque</span> <span class='ocrx_word' id='word_1_386' title='bbox 844 2939 1009 3007; x_wconf 61' lang='lat' dir='ltr'>ammonet</span> <span class='ocrx_word' id='word_1_387' title='bbox 1023 2953 1082 2992; x_wconf 93' lang='lat' dir='ltr'>non</span> <span class='ocrx_word' id='word_1_388' title='bbox 1098 2934 1292 2993; x_wconf 87' lang='lat' dir='ltr'>ambulaverit</span> <span class='ocrx_word' id='word_1_389' title='bbox 1306 2935 1337 2990; x_wconf 93' lang='lat' dir='ltr'>in</span> <span class='ocrx_word' id='word_1_390' title='bbox 1351 2934 1407 2991; x_wconf 90' lang='lat' dir='ltr'>viia</span> <span class='ocrx_word' id='word_1_391' title='bbox 1422 2934 1497 2991; x_wconf 89' lang='lat' dir='ltr'>meis</span> <span class='ocrx_word' id='word_1_392' title='bbox 1513 2937 1545 2990; x_wconf 92' lang='lat' dir='ltr'>ut</span> <span class='ocrx_word' id='word_1_393' title='bbox 1560 2933 1670 2990; x_wconf 85' lang='lat' dir='ltr'>iaceret</span> 
     </span>
     <span class='ocr_line' id='line_1_31' title="bbox 91 3019 1668 3098; baseline -0.003 -17"><span class='ocrx_word' id='word_1_394' title='bbox 91 3025 170 3082; x_wconf 88' lang='lat' dir='ltr'>viros</span> <span class='ocrx_word' id='word_1_395' title='bbox 185 3025 220 3081; x_wconf 90' lang='lat' dir='ltr'>de</span> <span class='ocrx_word' id='word_1_396' title='bbox 246 3025 372 3090; x_wconf 83' lang='lat' dir='ltr'>Pharan,</span> <span class='ocrx_word' id='word_1_397' title='bbox 389 3029 418 3081; x_wconf 89' lang='lat' dir='ltr'>et</span> <span class='ocrx_word' id='word_1_398' title='bbox 440 3024 616 3082; x_wconf 88' lang='lat' dir='ltr'>introierunt</span> <span class='ocrx_word' id='word_1_399' title='bbox 635 3028 790 3098; x_wconf 67' lang='lat' dir='ltr'>aegyptum</span> <span class='ocrx_word' id='word_1_400' title='bbox 842 3023 990 3097; x_wconf 84' lang='lat' dir='ltr'>justitium</span> <span class='ocrx_word' id='word_1_401' title='bbox 1015 3039 1112 3080; x_wconf 91' lang='lat' dir='ltr'>coram</span> <span class='ocrx_word' id='word_1_402' title='bbox 1134 3039 1191 3091; x_wconf 87' lang='lat' dir='ltr'>me,</span> <span class='ocrx_word' id='word_1_403' title='bbox 1207 3027 1234 3079; x_wconf 89' lang='lat' dir='ltr'>et</span> <span class='ocrx_word' id='word_1_404' title='bbox 1255 3029 1401 3097; x_wconf 87' lang='lat' dir='ltr'>praeoepta</span> <span class='ocrx_word' id='word_1_405' title='bbox 1424 3037 1490 3078; x_wconf 90' lang='lat' dir='ltr'>mea</span> <span class='ocrx_word' id='word_1_406' title='bbox 1504 3019 1668 3092; x_wconf 79' lang='lat' dir='ltr'>etjudioia‚</span> 
     </span>
     <span class='ocr_line' id='line_1_32' title="bbox 90 3111 1670 3188; baseline -0.002 -17"><span class='ocrx_word' id='word_1_407' title='bbox 90 3130 215 3172; x_wconf 76' lang='lat' dir='ltr'>iraouem</span> <span class='ocrx_word' id='word_1_408' title='bbox 240 3129 337 3188; x_wconf 90' lang='lat' dir='ltr'>regem</span> <span class='ocrx_word' id='word_1_409' title='bbox 362 3114 475 3187; x_wconf 78' lang='lat' dir='ltr'>AEgypli</span> <span class='ocrx_word' id='word_1_410' title='bbox 489 3131 496 3170; x_wconf 93' lang='lat'>:</span> <span class='ocrx_word' id='word_1_411' title='bbox 512 3114 559 3183; x_wconf 90' lang='lat' dir='ltr'>qui</span> <span class='ocrx_word' id='word_1_412' title='bbox 583 3115 664 3170; x_wconf 92' lang='lat' dir='ltr'>dedit</span> <span class='ocrx_word' id='word_1_413' title='bbox 678 3113 720 3169; x_wconf 86' lang='lat' dir='ltr'>eis</span> <span class='ocrx_word' id='word_1_414' title='bbox 736 3113 790 3170; x_wconf 91' lang='lat' dir='ltr'>do·</span> <span class='ocrx_word' id='word_1_415' title='bbox 846 3114 924 3172; x_wconf 89' lang='lat' dir='ltr'>sicut</span> <span class='ocrx_word' id='word_1_416' title='bbox 937 3112 1028 3170; x_wconf 88' lang='lat' dir='ltr'>David</span> <span class='ocrx_word' id='word_1_417' title='bbox 1039 3117 1121 3186; x_wconf 88' lang='lat' dir='ltr'>pater</span> <span class='ocrx_word' id='word_1_418' title='bbox 1135 3114 1212 3184; x_wconf 84' lang='lat' dir='ltr'>ejus.</span> <span class='ocrx_word' id='word_1_419' title='bbox 1228 3111 1286 3168; x_wconf 87' lang='lat' dir='ltr'>Noc</span> <span class='ocrx_word' id='word_1_420' title='bbox 1298 3112 1428 3169; x_wconf 76' lang='lat' dir='ltr'>auferam</span> <span class='ocrx_word' id='word_1_421' title='bbox 1446 3125 1533 3168; x_wconf 87' lang='lat' dir='ltr'>omne</span> <span class='ocrx_word' id='word_1_422' title='bbox 1546 3124 1670 3184; x_wconf 83' lang='lat' dir='ltr'>regnum</span> 
     </span>
     <span class='ocr_line' id='line_1_33' title="bbox 90 3173 1671 3276; baseline -0.002 -16"><span class='ocrx_word' id='word_1_423' title='bbox 90 3210 109 3261; x_wconf 83' lang='lat' dir='ltr'>a</span> <span class='ocrx_word' id='word_1_424' title='bbox 123 3204 204 3261; x_wconf 90' lang='lat' dir='ltr'>cibos</span> <span class='ocrx_word' id='word_1_425' title='bbox 215 3204 255 3276; x_wconf 91' lang='lat' dir='ltr'>[h.</span> <span class='ocrx_word' id='word_1_426' title='bbox 268 3203 386 3276; x_wconf 75' lang='lat' dir='ltr'>panem]</span> <span class='ocrx_word' id='word_1_427' title='bbox 400 3203 562 3271; x_wconf 84' lang='lat' dir='ltr'>constituit,</span> <span class='ocrx_word' id='word_1_428' title='bbox 576 3209 604 3259; x_wconf 90' lang='lat' dir='ltr'>st</span> <span class='ocrx_word' id='word_1_429' title='bbox 616 3210 722 3259; x_wconf 88' lang='lat' dir='ltr'>terram</span> <span class='ocrx_word' id='word_1_430' title='bbox 738 3203 788 3258; x_wconf 90' lang='lat' dir='ltr'>de·</span> <span class='ocrx_word' id='word_1_431' title='bbox 805 3173 827 3241; x_wconf 74' lang='lat' dir='ltr'><strong>c</strong></span> <span class='ocrx_word' id='word_1_432' title='bbox 845 3203 881 3259; x_wconf 91' lang='lat' dir='ltr'>de</span> <span class='ocrx_word' id='word_1_433' title='bbox 891 3200 1351 3275; x_wconf 78' lang='lat' dir='ltr'>manuejus,sadduoemponam</span> <span class='ocrx_word' id='word_1_434' title='bbox 1361 3200 1552 3258; x_wconf 89' lang='lat' dir='ltr'>eumounotis</span> <span class='ocrx_word' id='word_1_435' title='bbox 1567 3199 1671 3257; x_wconf 87' lang='lat' dir='ltr'>diebus</span> 
     </span>
     <span class='ocr_line' id='line_1_34' title="bbox 100 3289 1673 3367; baseline -0.001 -17"><span class='ocrx_word' id='word_1_436' title='bbox 100 3293 135 3350; x_wconf 75' lang='lat' dir='ltr'>St</span> <span class='ocrx_word' id='word_1_437' title='bbox 149 3293 262 3350; x_wconf 86' lang='lat' dir='ltr'>invenit</span> <span class='ocrx_word' id='word_1_438' title='bbox 275 3293 356 3349; x_wconf 79' lang='lat' dir='ltr'>adad</span> <span class='ocrx_word' id='word_1_439' title='bbox 381 3293 507 3365; x_wconf 90' lang='lat' dir='ltr'>gratiam</span> <span class='ocrx_word' id='word_1_440' title='bbox 524 3309 622 3348; x_wconf 90' lang='lat' dir='ltr'>coram</span> <span class='ocrx_word' id='word_1_441' title='bbox 639 3292 790 3347; x_wconf 88' lang='lat' dir='ltr'>Pharaone</span> <span class='ocrx_word' id='word_1_442' title='bbox 843 3294 909 3351; x_wconf 76' lang='lat' dir='ltr'>vitae</span> <span class='ocrx_word' id='word_1_443' title='bbox 923 3311 995 3364; x_wconf 82' lang='lat' dir='ltr'>sua,</span> <span class='ocrx_word' id='word_1_444' title='bbox 1011 3297 1131 3367; x_wconf 86' lang='lat' dir='ltr'>propter</span> <span class='ocrx_word' id='word_1_445' title='bbox 1146 3293 1236 3350; x_wconf 83' lang='lat' dir='ltr'>David</span> <span class='ocrx_word' id='word_1_446' title='bbox 1252 3310 1370 3350; x_wconf 86' lang='lat' dir='ltr'>servum</span> <span class='ocrx_word' id='word_1_447' title='bbox 1387 3308 1497 3364; x_wconf 89' lang='lat' dir='ltr'>meum,</span> <span class='ocrx_word' id='word_1_448' title='bbox 1513 3307 1601 3365; x_wconf 88' lang='lat' dir='ltr'>quem</span> <span class='ocrx_word' id='word_1_449' title='bbox 1614 3289 1673 3349; x_wconf 89' lang='lat' dir='ltr'>ela·</span> 
     </span>
     <span class='ocr_line' id='line_1_35' title="bbox 95 3382 1672 3457; baseline -0.001 -18"><span class='ocrx_word' id='word_1_450' title='bbox 95 3383 127 3440; x_wconf 90' lang='lat' dir='ltr'>in</span> <span class='ocrx_word' id='word_1_451' title='bbox 157 3386 273 3438; x_wconf 89' lang='lat' dir='ltr'>tantum</span> <span class='ocrx_word' id='word_1_452' title='bbox 298 3383 433 3438; x_wconf 82' lang='lat' dir='ltr'>uideret</span> <span class='ocrx_word' id='word_1_453' title='bbox 457 3382 482 3438; x_wconf 92' lang='lat' dir='ltr'>ei</span> <span class='ocrx_word' id='word_1_454' title='bbox 508 3397 637 3452; x_wconf 87' lang='lat' dir='ltr'>uxorem,</span> <span class='ocrx_word' id='word_1_455' title='bbox 662 3397 791 3439; x_wconf 88' lang='lat' dir='ltr'>sororem</span> <span class='ocrx_word' id='word_1_456' title='bbox 844 3385 884 3457; x_wconf 88' lang='lat' dir='ltr'>gi,</span> <span class='ocrx_word' id='word_1_457' title='bbox 901 3384 952 3457; x_wconf 92' lang='lat' dir='ltr'>qui</span> <span class='ocrx_word' id='word_1_458' title='bbox 967 3383 1125 3440; x_wconf 87' lang='lat' dir='ltr'>custodivit</span> <span class='ocrx_word' id='word_1_459' title='bbox 1149 3384 1409 3440; x_wconf 89' lang='lat' dir='ltr'>mandatamsaet</span> <span class='ocrx_word' id='word_1_460' title='bbox 1430 3386 1575 3455; x_wconf 82' lang='lat' dir='ltr'>praeapte</span> <span class='ocrx_word' id='word_1_461' title='bbox 1595 3395 1672 3438; x_wconf 88' lang='lat' dir='ltr'>mea·</span> 
     </span>
     <span class='ocr_line' id='line_1_36' title="bbox 96 3471 1669 3545; baseline 0 -15"><span class='ocrx_word' id='word_1_462' title='bbox 96 3489 158 3531; x_wconf 79' lang='lat' dir='ltr'>sua</span> <span class='ocrx_word' id='word_1_463' title='bbox 180 3488 351 3545; x_wconf 85' lang='lat' dir='ltr'>germanam</span> <span class='ocrx_word' id='word_1_464' title='bbox 368 3472 524 3545; x_wconf 84' lang='lat' dir='ltr'>Thaphnss</span> <span class='ocrx_word' id='word_1_465' title='bbox 541 3473 657 3544; x_wconf 78' lang='lat' dir='ltr'>regina.</span> <span class='ocrx_word' id='word_1_466' title='bbox 674 3472 792 3529; x_wconf 90' lang='lat' dir='ltr'>Genuit·</span> <span class='ocrx_word' id='word_1_467' title='bbox 844 3474 981 3530; x_wconf 75' lang='lat' dir='ltr'>Auferam</span> <span class='ocrx_word' id='word_1_468' title='bbox 997 3475 1096 3529; x_wconf 86' lang='lat' dir='ltr'>aulem</span> <span class='ocrx_word' id='word_1_469' title='bbox 1107 3487 1231 3545; x_wconf 90' lang='lat' dir='ltr'>regnum</span> <span class='ocrx_word' id='word_1_470' title='bbox 1245 3473 1281 3529; x_wconf 90' lang='lat' dir='ltr'>de</span> <span class='ocrx_word' id='word_1_471' title='bbox 1292 3489 1381 3529; x_wconf 91' lang='lat' dir='ltr'>manu</span> <span class='ocrx_word' id='word_1_472' title='bbox 1394 3472 1446 3528; x_wconf 86' lang='lat' dir='ltr'>lilii</span> <span class='ocrx_word' id='word_1_473' title='bbox 1462 3473 1539 3544; x_wconf 85' lang='lat' dir='ltr'>ejus,</span> <span class='ocrx_word' id='word_1_474' title='bbox 1554 3471 1669 3530; x_wconf 84' lang='lat' dir='ltr'>etdaho</span> 
     </span>
     <span class='ocr_line' id='line_1_37' title="bbox 101 3560 1669 3635; baseline 0 -17"><span class='ocrx_word' id='word_1_475' title='bbox 101 3577 187 3618; x_wconf 89' lang='lat' dir='ltr'>soror</span> <span class='ocrx_word' id='word_1_476' title='bbox 210 3561 368 3634; x_wconf 84' lang='lat' dir='ltr'>Thapbnes</span> <span class='ocrx_word' id='word_1_477' title='bbox 389 3561 544 3619; x_wconf 90' lang='lat' dir='ltr'>Genubatb</span> <span class='ocrx_word' id='word_1_478' title='bbox 563 3560 625 3635; x_wconf 78' lang='lat' dir='ltr'>[ma.</span> <span class='ocrx_word' id='word_1_479' title='bbox 651 3560 792 3633; x_wconf 84' lang='lat' dir='ltr'>Genebat]</span> <span class='ocrx_word' id='word_1_480' title='bbox 844 3562 894 3618; x_wconf 86' lang='lat' dir='ltr'>libi</span> <span class='ocrx_word' id='word_1_481' title='bbox 907 3563 1006 3619; x_wconf 89' lang='lat' dir='ltr'>decem</span> <span class='ocrx_word' id='word_1_482' title='bbox 1021 3563 1136 3618; x_wconf 89' lang='lat' dir='ltr'>tribus:</span> <span class='ocrx_word' id='word_1_483' title='bbox 1153 3561 1214 3618; x_wconf 92' lang='lat' dir='ltr'>sslio</span> <span class='ocrx_word' id='word_1_484' title='bbox 1236 3566 1335 3618; x_wconf 87' lang='lat' dir='ltr'>autern</span> <span class='ocrx_word' id='word_1_485' title='bbox 1351 3563 1439 3633; x_wconf 86' lang='lat' dir='ltr'>cujus</span> <span class='ocrx_word' id='word_1_486' title='bbox 1462 3561 1538 3619; x_wconf 93' lang='lat' dir='ltr'>dabo</span> <span class='ocrx_word' id='word_1_487' title='bbox 1555 3560 1669 3618; x_wconf 89' lang='lat' dir='ltr'>tribum</span> 
     </span>
     <span class='ocr_line' id='line_1_38' title="bbox 91 3649 1667 3722; baseline -0.001 -14"><span class='ocrx_word' id='word_1_488' title='bbox 91 3655 122 3708; x_wconf 89' lang='lat' dir='ltr'>et</span> <span class='ocrx_word' id='word_1_489' title='bbox 146 3650 270 3707; x_wconf 86' lang='lat' dir='ltr'>nutrivit</span> <span class='ocrx_word' id='word_1_490' title='bbox 284 3666 351 3706; x_wconf 89' lang='lat' dir='ltr'>eum</span> <span class='ocrx_word' id='word_1_491' title='bbox 376 3650 532 3722; x_wconf 79' lang='lat' dir='ltr'>&#39;thaphnes</span> <span class='ocrx_word' id='word_1_492' title='bbox 556 3651 586 3705; x_wconf 94' lang='lat' dir='ltr'>in</span> <span class='ocrx_word' id='word_1_493' title='bbox 611 3650 698 3707; x_wconf 83' lang='lat' dir='ltr'>domo</span> <span class='ocrx_word' id='word_1_494' title='bbox 718 3650 792 3705; x_wconf 90' lang='lat' dir='ltr'>Pha·</span> <span class='ocrx_word' id='word_1_495' title='bbox 845 3667 946 3719; x_wconf 88' lang='lat' dir='ltr'>unam,</span> <span class='ocrx_word' id='word_1_496' title='bbox 960 3649 1285 3708; x_wconf 87' lang='lat' dir='ltr'>utremanaatluuerna</span> <span class='ocrx_word' id='word_1_497' title='bbox 1296 3651 1388 3708; x_wconf 87' lang='lat' dir='ltr'>David</span> <span class='ocrx_word' id='word_1_498' title='bbox 1399 3666 1482 3708; x_wconf 88' lang='lat' dir='ltr'>servo</span> <span class='ocrx_word' id='word_1_499' title='bbox 1499 3666 1564 3707; x_wconf 92' lang='lat' dir='ltr'>meo</span> <span class='ocrx_word' id='word_1_500' title='bbox 1579 3665 1667 3707; x_wconf 76' lang='lat' dir='ltr'>eune</span> 
     </span>
     <span class='ocr_line' id='line_1_39' title="bbox 105 3737 1669 3813; baseline -0.001 -17"><span class='ocrx_word' id='word_1_501' title='bbox 105 3743 227 3813; x_wconf 90' lang='lat' dir='ltr'>eratque</span> <span class='ocrx_word' id='word_1_502' title='bbox 241 3739 395 3795; x_wconf 87' lang='lat' dir='ltr'>Genubatb</span> <span class='ocrx_word' id='word_1_503' title='bbox 418 3739 556 3795; x_wconf 89' lang='lat' dir='ltr'>habitans</span> <span class='ocrx_word' id='word_1_504' title='bbox 571 3739 648 3811; x_wconf 90' lang='lat' dir='ltr'>apud</span> <span class='ocrx_word' id='word_1_505' title='bbox 663 3738 792 3794; x_wconf 86' lang='lat' dir='ltr'>Pharao·</span> <span class='ocrx_word' id='word_1_506' title='bbox 844 3742 883 3795; x_wconf 87' lang='lat' dir='ltr'>tis</span> <span class='ocrx_word' id='word_1_507' title='bbox 899 3740 1004 3797; x_wconf 89' lang='lat' dir='ltr'>diebus</span> <span class='ocrx_word' id='word_1_508' title='bbox 1026 3756 1123 3796; x_wconf 87' lang='lat' dir='ltr'>coram</span> <span class='ocrx_word' id='word_1_509' title='bbox 1139 3756 1186 3795; x_wconf 91' lang='lat' dir='ltr'>me</span> <span class='ocrx_word' id='word_1_510' title='bbox 1201 3739 1230 3795; x_wconf 91' lang='lat' dir='ltr'>in</span> <span class='ocrx_word' id='word_1_511' title='bbox 1246 3737 1410 3796; x_wconf 85' lang='lat' dir='ltr'>Jerusalem</span> <span class='ocrx_word' id='word_1_512' title='bbox 1435 3739 1564 3810; x_wconf 86' lang='lat' dir='ltr'>civitate,</span> <span class='ocrx_word' id='word_1_513' title='bbox 1579 3754 1669 3812; x_wconf 87' lang='lat' dir='ltr'>quam</span> 
     </span>
     <span class='ocr_line' id='line_1_40' title="bbox 90 3826 1668 3901; baseline -0.002 -16"><span class='ocrx_word' id='word_1_514' title='bbox 90 3846 121 3886; x_wconf 95' lang='lat' dir='ltr'><strong>m</strong></span> <span class='ocrx_word' id='word_1_515' title='bbox 137 3828 206 3885; x_wconf 90' lang='lat' dir='ltr'>liliis</span> <span class='ocrx_word' id='word_1_516' title='bbox 221 3829 296 3901; x_wconf 86' lang='lat' dir='ltr'>ejus.</span> <span class='ocrx_word' id='word_1_517' title='bbox 312 3830 444 3901; x_wconf 86' lang='lat' dir='ltr'>Cumque</span> <span class='ocrx_word' id='word_1_518' title='bbox 459 3828 591 3885; x_wconf 85' lang='lat' dir='ltr'>audisset</span> <span class='ocrx_word' id='word_1_519' title='bbox 604 3828 684 3883; x_wconf 73' lang='lat' dir='ltr'>adad</span> <span class='ocrx_word' id='word_1_520' title='bbox 701 3827 731 3883; x_wconf 91' lang='lat' dir='ltr'>in</span> <span class='ocrx_word' id='word_1_521' title='bbox 746 3827 792 3882; x_wconf 81' lang='lat' dir='ltr'>AE-</span> <span class='ocrx_word' id='word_1_522' title='bbox 844 3828 964 3901; x_wconf 87' lang='lat' dir='ltr'>elegi‚ut</span> <span class='ocrx_word' id='word_1_523' title='bbox 975 3833 1273 3885; x_wconf 85' lang='lat' dir='ltr'>essetnomenmsum</span> <span class='ocrx_word' id='word_1_524' title='bbox 1293 3826 1668 3896; x_wconf 78' lang='lat' dir='ltr'>ibil&#39;eautemaasumam,</span> 
     </span>
     <span class='ocr_line' id='line_1_41' title="bbox 90 3915 1669 3990; baseline -0.003 -16"><span class='ocrx_word' id='word_1_525' title='bbox 90 3916 230 3974; x_wconf 76' lang='lat' dir='ltr'>dormisse</span> <span class='ocrx_word' id='word_1_526' title='bbox 256 3916 343 3972; x_wconf 87' lang='lat' dir='ltr'>David</span> <span class='ocrx_word' id='word_1_527' title='bbox 359 3931 425 3972; x_wconf 90' lang='lat' dir='ltr'>cum</span> <span class='ocrx_word' id='word_1_528' title='bbox 440 3915 574 3989; x_wconf 90' lang='lat' dir='ltr'>patribus</span> <span class='ocrx_word' id='word_1_529' title='bbox 589 3916 663 3986; x_wconf 86' lang='lat' dir='ltr'>suis,</span> <span class='ocrx_word' id='word_1_530' title='bbox 675 3922 703 3971; x_wconf 86' lang='lat' dir='ltr'>et</span> <span class='ocrx_word' id='word_1_531' title='bbox 715 3932 794 3972; x_wconf 91' lang='lat' dir='ltr'>mor·</span> <span class='ocrx_word' id='word_1_532' title='bbox 845 3922 874 3974; x_wconf 89' lang='lat' dir='ltr'>el</span> <span class='ocrx_word' id='word_1_533' title='bbox 888 3918 1025 3990; x_wconf 89' lang='lat' dir='ltr'>regnabis</span> <span class='ocrx_word' id='word_1_534' title='bbox 1035 3916 1231 3988; x_wconf 89' lang='lat' dir='ltr'>superomnia</span> <span class='ocrx_word' id='word_1_535' title='bbox 1246 3915 1465 3987; x_wconf 83' lang='lat' dir='ltr'>quadesidsrat</span> <span class='ocrx_word' id='word_1_536' title='bbox 1480 3915 1669 3972; x_wconf 64' lang='lat' dir='ltr'>animatust.</span> 
     </span>
     <span class='ocr_line' id='line_1_42' title="bbox 90 4003 1671 4080; baseline -0.003 -16"><span class='ocrx_word' id='word_1_537' title='bbox 90 4006 216 4064; x_wconf 78' lang='lat' dir='ltr'>saeloab</span> <span class='ocrx_word' id='word_1_538' title='bbox 232 4004 393 4077; x_wconf 89' lang='lat' dir='ltr'>principem</span> <span class='ocrx_word' id='word_1_539' title='bbox 416 4005 539 4077; x_wconf 82' lang='lat' dir='ltr'>militia,</span> <span class='ocrx_word' id='word_1_540' title='bbox 554 4005 629 4061; x_wconf 80' lang='lat' dir='ltr'>dixit</span> <span class='ocrx_word' id='word_1_541' title='bbox 639 4004 792 4061; x_wconf 84' lang='lat' dir='ltr'>Pharaoni.</span> <span class='ocrx_word' id='word_1_542' title='bbox 845 4007 962 4080; x_wconf 88' lang='lat' dir='ltr'>erisque</span> <span class='ocrx_word' id='word_1_543' title='bbox 977 4021 1129 4077; x_wconf 82' lang='lat' dir='ltr'>rexsuper</span> <span class='ocrx_word' id='word_1_544' title='bbox 1144 4005 1245 4062; x_wconf 86' lang='lat' dir='ltr'>lsrael.</span> <span class='ocrx_word' id='word_1_545' title='bbox 1260 4006 1288 4061; x_wconf 92' lang='lat' dir='ltr'>Si</span> <span class='ocrx_word' id='word_1_546' title='bbox 1304 4005 1394 4079; x_wconf 90' lang='lat' dir='ltr'>igitur</span> <span class='ocrx_word' id='word_1_547' title='bbox 1408 4004 1538 4061; x_wconf 89' lang='lat' dir='ltr'>audieris</span> <span class='ocrx_word' id='word_1_548' title='bbox 1558 4003 1671 4073; x_wconf 85' lang='lat' dir='ltr'>omnia,</span> 
     </span>
     <span class='ocr_line' id='line_1_43' title="bbox 90 4091 1670 4170; baseline -0.004 -18"><span class='ocrx_word' id='word_1_549' title='bbox 90 4124 92 4144; x_wconf 59' lang='lat'>1</span> <span class='ocrx_word' id='word_1_550' title='bbox 113 4108 173 4164; x_wconf 84' lang='lat' dir='ltr'>ma,</span> <span class='ocrx_word' id='word_1_551' title='bbox 186 4100 218 4151; x_wconf 88' lang='lat' dir='ltr'>ut</span> <span class='ocrx_word' id='word_1_552' title='bbox 232 4095 336 4150; x_wconf 88' lang='lat' dir='ltr'>vadam</span> <span class='ocrx_word' id='word_1_553' title='bbox 361 4094 402 4164; x_wconf 86' lang='lat' dir='ltr'>[b.</span> <span class='ocrx_word' id='word_1_554' title='bbox 420 4093 502 4151; x_wconf 88' lang='lat' dir='ltr'>llitte</span> <span class='ocrx_word' id='word_1_555' title='bbox 516 4111 574 4166; x_wconf 90' lang='lat' dir='ltr'>me,</span> <span class='ocrx_word' id='word_1_556' title='bbox 587 4099 616 4150; x_wconf 87' lang='lat' dir='ltr'>et</span> <span class='ocrx_word' id='word_1_557' title='bbox 630 4094 748 4166; x_wconf 84' lang='lat' dir='ltr'>vadam]</span> <span class='ocrx_word' id='word_1_558' title='bbox 763 4093 794 4150; x_wconf 90' lang='lat' dir='ltr'>iu</span> <span class='ocrx_word' id='word_1_559' title='bbox 846 4113 909 4170; x_wconf 82' lang='lat' dir='ltr'>qua</span> <span class='ocrx_word' id='word_1_560' title='bbox 925 4110 1087 4168; x_wconf 83' lang='lat' dir='ltr'>precepero</span> <span class='ocrx_word' id='word_1_561' title='bbox 1107 4094 1171 4160; x_wconf 87' lang='lat' dir='ltr'>tibi,</span> <span class='ocrx_word' id='word_1_562' title='bbox 1197 4098 1226 4149; x_wconf 89' lang='lat' dir='ltr'>et</span> <span class='ocrx_word' id='word_1_563' title='bbox 1240 4093 1436 4150; x_wconf 89' lang='lat' dir='ltr'>ambulaveris</span> <span class='ocrx_word' id='word_1_564' title='bbox 1459 4094 1490 4148; x_wconf 93' lang='lat' dir='ltr'>in</span> <span class='ocrx_word' id='word_1_565' title='bbox 1511 4091 1567 4151; x_wconf 86' lang='lat' dir='ltr'>viis</span> <span class='ocrx_word' id='word_1_566' title='bbox 1583 4091 1670 4160; x_wconf 84' lang='lat' dir='ltr'>mais,</span> 
     </span>
     <span class='ocr_line' id='line_1_44' title="bbox 98 4179 1672 4256; baseline -0.003 -15"><span class='ocrx_word' id='word_1_567' title='bbox 98 4200 207 4241; x_wconf 87' lang='lat' dir='ltr'>meam.</span> <span class='ocrx_word' id='word_1_568' title='bbox 231 4183 365 4255; x_wconf 80' lang='lat' dir='ltr'>[linitque</span> <span class='ocrx_word' id='word_1_569' title='bbox 379 4183 406 4238; x_wconf 91' lang='lat' dir='ltr'>ei</span> <span class='ocrx_word' id='word_1_570' title='bbox 427 4182 539 4239; x_wconf 87' lang='lat' dir='ltr'>Pharao</span> <span class='ocrx_word' id='word_1_571' title='bbox 558 4199 565 4239; x_wconf 74' lang='grc' dir='ltr'><em>τ</em></span> <span class='ocrx_word' id='word_1_572' title='bbox 582 4185 645 4241; x_wconf 85' lang='lat' dir='ltr'>Oua</span> <span class='ocrx_word' id='word_1_573' title='bbox 670 4183 748 4239; x_wconf 93' lang='lat' dir='ltr'>enim</span> <span class='ocrx_word' id='word_1_574' title='bbox 764 4197 794 4238; x_wconf 89' lang='lat' dir='ltr'>re</span> <span class='ocrx_word' id='word_1_575' title='bbox 845 4183 991 4241; x_wconf 81' lang='lat' dir='ltr'>attacoris</span> <span class='ocrx_word' id='word_1_576' title='bbox 1006 4184 1083 4256; x_wconf 91' lang='lat' dir='ltr'>quod</span> <span class='ocrx_word' id='word_1_577' title='bbox 1099 4187 1212 4239; x_wconf 90' lang='lat' dir='ltr'>rectum</span> <span class='ocrx_word' id='word_1_578' title='bbox 1227 4187 1384 4239; x_wconf 87' lang='lat' dir='ltr'>estooram</span> <span class='ocrx_word' id='word_1_579' title='bbox 1402 4197 1449 4238; x_wconf 91' lang='lat' dir='ltr'>ms</span> <span class='ocrx_word' id='word_1_580' title='bbox 1463 4182 1505 4254; x_wconf 87' lang='lat' dir='ltr'>[h.</span> <span class='ocrx_word' id='word_1_581' title='bbox 1521 4181 1551 4237; x_wconf 94' lang='lat' dir='ltr'>in</span> <span class='ocrx_word' id='word_1_582' title='bbox 1576 4179 1672 4238; x_wconf 84' lang='lat' dir='ltr'>oculis</span> 
     </span>
     <span class='ocr_line' id='line_1_45' title="bbox 91 4271 1664 4344; baseline -0.002 -15"><span class='ocrx_word' id='word_1_583' title='bbox 91 4288 109 4329; x_wconf 89' lang='lat' dir='ltr'>e</span> <span class='ocrx_word' id='word_1_584' title='bbox 123 4272 293 4344; x_wconf 69' lang='lat' dir='ltr'>indigeant</span> <span class='ocrx_word' id='word_1_585' title='bbox 305 4272 631 4344; x_wconf 81' lang='lat' dir='ltr'>quarrasireadterram</span> <span class='ocrx_word' id='word_1_586' title='bbox 644 4277 725 4328; x_wconf 89' lang='lat' dir='ltr'>tuam</span> <span class='ocrx_word' id='word_1_587' title='bbox 737 4271 796 4327; x_wconf 76' lang='lat' dir='ltr'>let</span> <span class='ocrx_word' id='word_1_588' title='bbox 846 4272 942 4344; x_wconf 79' lang='lat' dir='ltr'>meiol,</span> <span class='ocrx_word' id='word_1_589' title='bbox 957 4273 1127 4329; x_wconf 87' lang='lat' dir='ltr'>custodiens</span> <span class='ocrx_word' id='word_1_590' title='bbox 1152 4272 1291 4327; x_wconf 86' lang='lat' dir='ltr'>mandata</span> <span class='ocrx_word' id='word_1_591' title='bbox 1306 4287 1372 4328; x_wconf 89' lang='lat' dir='ltr'>mea</span> <span class='ocrx_word' id='word_1_592' title='bbox 1385 4277 1414 4327; x_wconf 86' lang='lat' dir='ltr'>et</span> <span class='ocrx_word' id='word_1_593' title='bbox 1428 4274 1573 4343; x_wconf 78' lang='lat' dir='ltr'>precepta</span> <span class='ocrx_word' id='word_1_594' title='bbox 1587 4285 1664 4339; x_wconf 87' lang='lat' dir='ltr'>mea,</span> 
     </span>
     <span class='ocr_line' id='line_1_46' title="bbox 90 4358 1671 4426; baseline -0.003 -8"><span class='ocrx_word' id='word_1_595' title='bbox 90 4361 204 4418; x_wconf 82' lang='lat' dir='ltr'>tondit:</span> <span class='ocrx_word' id='word_1_596' title='bbox 223 4360 327 4419; x_wconf 85' lang='lat' dir='ltr'>Nulla:</span> <span class='ocrx_word' id='word_1_597' title='bbox 343 4361 394 4417; x_wconf 88' lang='lat' dir='ltr'>aed</span> <span class='ocrx_word' id='word_1_598' title='bbox 414 4361 535 4417; x_wconf 86' lang='lat' dir='ltr'>obsecro</span> <span class='ocrx_word' id='word_1_599' title='bbox 551 4367 579 4417; x_wconf 90' lang='lat' dir='ltr'>te</span> <span class='ocrx_word' id='word_1_600' title='bbox 591 4362 602 4396; x_wconf 88' lang='lat'><strong>¹</strong></span> <span class='ocrx_word' id='word_1_601' title='bbox 615 4367 648 4418; x_wconf 89' lang='lat' dir='ltr'>ut</span> <span class='ocrx_word' id='word_1_602' title='bbox 663 4360 794 4418; x_wconf 86' lang='lat' dir='ltr'>dimittas</span> <span class='ocrx_word' id='word_1_603' title='bbox 846 4362 924 4418; x_wconf 89' lang='lat' dir='ltr'>sicut</span> <span class='ocrx_word' id='word_1_604' title='bbox 938 4360 1008 4418; x_wconf 83' lang='lat' dir='ltr'>iacit</span> <span class='ocrx_word' id='word_1_605' title='bbox 1023 4360 1114 4417; x_wconf 86' lang='lat' dir='ltr'>David</span> <span class='ocrx_word' id='word_1_606' title='bbox 1130 4376 1233 4417; x_wconf 89' lang='lat' dir='ltr'>servus</span> <span class='ocrx_word' id='word_1_607' title='bbox 1249 4376 1352 4417; x_wconf 89' lang='lat' dir='ltr'>meua:</span> <span class='ocrx_word' id='word_1_608' title='bbox 1369 4375 1418 4416; x_wconf 93' lang='lat' dir='ltr'>ero</span> <span class='ocrx_word' id='word_1_609' title='bbox 1433 4363 1542 4426; x_wconf 86' lang='lat' dir='ltr'>tecum,</span> <span class='ocrx_word' id='word_1_610' title='bbox 1558 4362 1587 4415; x_wconf 84' lang='lat' dir='ltr'>et</span> <span class='ocrx_word' id='word_1_611' title='bbox 1600 4358 1671 4415; x_wconf 77' lang='lat' dir='ltr'>aedi·</span> 
     </span>
     <span class='ocr_line' id='line_1_47' title="bbox 92 4447 1672 4524; baseline -0.001 -17"><span class='ocrx_word' id='word_1_612' title='bbox 92 4456 127 4507; x_wconf 90' lang='lat' dir='ltr'>ut</span> <span class='ocrx_word' id='word_1_613' title='bbox 140 4448 242 4507; x_wconf 87' lang='lat' dir='ltr'>mittas</span> <span class='ocrx_word' id='word_1_614' title='bbox 258 4449 326 4522; x_wconf 68' lang='lat' dir='ltr'>me}</span> <span class='ocrx_word' id='word_1_615' title='bbox 341 4449 385 4522; x_wconf 88' lang='grc' dir='ltr'>[Τ.</span> <span class='ocrx_word' id='word_1_616' title='bbox 401 4450 528 4524; x_wconf 80' lang='lat' dir='ltr'>XXXV.]</span> <span class='ocrx_word' id='word_1_617' title='bbox 543 4452 700 4507; x_wconf 85' lang='lat' dir='ltr'>Suscitavit</span> <span class='ocrx_word' id='word_1_618' title='bbox 721 4466 796 4523; x_wconf 93' lang='lat' dir='ltr'>quo·</span> <span class='ocrx_word' id='word_1_619' title='bbox 846 4452 939 4508; x_wconf 90' lang='lat' dir='ltr'>ilcabo</span> <span class='ocrx_word' id='word_1_620' title='bbox 954 4450 1008 4505; x_wconf 90' lang='lat' dir='ltr'>tibi</span> <span class='ocrx_word' id='word_1_621' title='bbox 1024 4449 1145 4506; x_wconf 89' lang='lat' dir='ltr'>domum</span> <span class='ocrx_word' id='word_1_622' title='bbox 1163 4448 1288 4521; x_wconf 86' lang='lat' dir='ltr'>ildelem,</span> <span class='ocrx_word' id='word_1_623' title='bbox 1300 4448 1447 4520; x_wconf 92' lang='lat' dir='ltr'>quomodo</span> <span class='ocrx_word' id='word_1_624' title='bbox 1462 4447 1602 4506; x_wconf 82' lang='lat' dir='ltr'>adilloavi</span> <span class='ocrx_word' id='word_1_625' title='bbox 1615 4447 1672 4506; x_wconf 81' lang='lat' dir='ltr'>lla·</span> 
     </span>
     <span class='ocr_line' id='line_1_48' title="bbox 90 4532 1752 4613; baseline -0.002 -17"><span class='ocrx_word' id='word_1_626' title='bbox 90 4539 165 4597; x_wconf 80' lang='lat' dir='ltr'>Deus</span> <span class='ocrx_word' id='word_1_627' title='bbox 175 4540 376 4596; x_wconf 84' lang='lat' dir='ltr'>adversarium</span> <span class='ocrx_word' id='word_1_628' title='bbox 394 4539 489 4595; x_wconf 85' lang='lat' dir='ltr'>Razon</span> <span class='ocrx_word' id='word_1_629' title='bbox 502 4539 596 4596; x_wconf 87' lang='lat' dir='ltr'>illium</span> <span class='ocrx_word' id='word_1_630' title='bbox 612 4539 724 4609; x_wconf 79' lang='lat' dir='ltr'>liliada,</span> <span class='ocrx_word' id='word_1_631' title='bbox 740 4540 792 4613; x_wconf 92' lang='lat' dir='ltr'>qui</span> <span class='ocrx_word' id='word_1_632' title='bbox 807 4543 829 4608; x_wconf 89' lang='grc'>[)</span> <span class='ocrx_word' id='word_1_633' title='bbox 844 4541 904 4608; x_wconf 90' lang='lat' dir='ltr'>vid,</span> <span class='ocrx_word' id='word_1_634' title='bbox 919 4544 949 4596; x_wconf 90' lang='lat' dir='ltr'>et</span> <span class='ocrx_word' id='word_1_635' title='bbox 962 4538 1076 4595; x_wconf 88' lang='lat' dir='ltr'>tradam</span> <span class='ocrx_word' id='word_1_636' title='bbox 1087 4536 1141 4593; x_wconf 91' lang='lat' dir='ltr'>tibi</span> <span class='ocrx_word' id='word_1_637' title='bbox 1156 4537 1257 4609; x_wconf 86' lang='lat' dir='ltr'>lsrael,</span> <span class='ocrx_word' id='word_1_638' title='bbox 1273 4542 1302 4594; x_wconf 90' lang='lat' dir='ltr'>et</span> <span class='ocrx_word' id='word_1_639' title='bbox 1315 4538 1447 4610; x_wconf 79' lang='lat' dir='ltr'>affligam</span> <span class='ocrx_word' id='word_1_640' title='bbox 1463 4552 1563 4594; x_wconf 85' lang='lat' dir='ltr'>semen</span> <span class='ocrx_word' id='word_1_641' title='bbox 1579 4536 1671 4594; x_wconf 82' lang='lat' dir='ltr'>David</span> <span class='ocrx_word' id='word_1_642' title='bbox 1749 4532 1752 4537; x_wconf 80' lang='lat'>&#39;</span> 
     </span>
     <span class='ocr_line' id='line_1_49' title="bbox 101 4627 1674 4706; baseline -0.001 -21"><span class='ocrx_word' id='word_1_643' title='bbox 101 4628 255 4685; x_wconf 76' lang='lat' dir='ltr'>adadezer</span> <span class='ocrx_word' id='word_1_644' title='bbox 269 4642 366 4700; x_wconf 91' lang='lat' dir='ltr'>regem</span> <span class='ocrx_word' id='word_1_645' title='bbox 388 4629 464 4684; x_wconf 89' lang='lat' dir='ltr'>Soba</span> <span class='ocrx_word' id='word_1_646' title='bbox 477 4629 628 4686; x_wconf 89' lang='lat' dir='ltr'>dominum</span> <span class='ocrx_word' id='word_1_647' title='bbox 652 4646 751 4699; x_wconf 90' lang='lat' dir='ltr'>suum,</span> <span class='ocrx_word' id='word_1_648' title='bbox 766 4634 796 4687; x_wconf 88' lang='lat' dir='ltr'>et</span> <span class='ocrx_word' id='word_1_649' title='bbox 849 4647 938 4706; x_wconf 89' lang='lat' dir='ltr'>super</span> <span class='ocrx_word' id='word_1_650' title='bbox 951 4630 1017 4697; x_wconf 90' lang='lat' dir='ltr'>boo,</span> <span class='ocrx_word' id='word_1_651' title='bbox 1033 4634 1236 4686; x_wconf 90' lang='lat' dir='ltr'>verumtamen</span> <span class='ocrx_word' id='word_1_652' title='bbox 1252 4645 1311 4685; x_wconf 93' lang='lat' dir='ltr'>non</span> <span class='ocrx_word' id='word_1_653' title='bbox 1322 4628 1437 4686; x_wconf 88' lang='lat' dir='ltr'>cunetis</span> <span class='ocrx_word' id='word_1_654' title='bbox 1451 4627 1674 4686; x_wconf 88' lang='lat' dir='ltr'>diebus.Voluil</span> 
     </span>
     <span class='ocr_line' id='line_1_50' title="bbox 90 4717 1673 4795; baseline 0.002 -22"><span class='ocrx_word' id='word_1_655' title='bbox 90 4717 161 4792; x_wconf 73' lang='lat' dir='ltr'>ravit</span> <span class='ocrx_word' id='word_1_656' title='bbox 183 4724 285 4774; x_wconf 87' lang='lat' dir='ltr'>contra</span> <span class='ocrx_word' id='word_1_657' title='bbox 309 4733 376 4775; x_wconf 88' lang='lat' dir='ltr'>eum</span> <span class='ocrx_word' id='word_1_658' title='bbox 392 4717 482 4785; x_wconf 87' lang='lat' dir='ltr'>viros,</span> <span class='ocrx_word' id='word_1_659' title='bbox 498 4722 527 4774; x_wconf 91' lang='lat' dir='ltr'>et</span> <span class='ocrx_word' id='word_1_660' title='bbox 542 4718 637 4775; x_wconf 84' lang='lat' dir='ltr'>seclus</span> <span class='ocrx_word' id='word_1_661' title='bbox 656 4723 701 4776; x_wconf 89' lang='lat' dir='ltr'>eat</span> <span class='ocrx_word' id='word_1_662' title='bbox 714 4719 795 4793; x_wconf 89' lang='lat' dir='ltr'>prin·</span> <span class='ocrx_word' id='word_1_663' title='bbox 849 4737 917 4795; x_wconf 91' lang='lat' dir='ltr'>ergo</span> <span class='ocrx_word' id='word_1_664' title='bbox 932 4719 1071 4778; x_wconf 88' lang='lat' dir='ltr'>Salomon</span> <span class='ocrx_word' id='word_1_665' title='bbox 1088 4717 1251 4776; x_wconf 89' lang='lat' dir='ltr'>interlicere</span> <span class='ocrx_word' id='word_1_666' title='bbox 1274 4718 1452 4775; x_wconf 85' lang='lat' dir='ltr'>leroboam:</span> <span class='ocrx_word' id='word_1_667' title='bbox 1468 4719 1520 4791; x_wconf 92' lang='lat' dir='ltr'>qui</span> <span class='ocrx_word' id='word_1_668' title='bbox 1535 4719 1673 4790; x_wconf 84' lang='lat' dir='ltr'>surrexit,</span> 
     </span>
     <span class='ocr_line' id='line_1_51' title="bbox 90 4806 1673 4883; baseline -0.001 -18"><span class='ocrx_word' id='word_1_669' title='bbox 90 4813 220 4865; x_wconf 89' lang='lat' dir='ltr'>tronum</span> <span class='ocrx_word' id='word_1_670' title='bbox 234 4822 302 4863; x_wconf 89' lang='lat' dir='ltr'>oum</span> <span class='ocrx_word' id='word_1_671' title='bbox 326 4806 505 4865; x_wconf 79' lang='lat' dir='ltr'>interficeret</span> <span class='ocrx_word' id='word_1_672' title='bbox 530 4823 580 4865; x_wconf 88' lang='lat' dir='ltr'>eos</span> <span class='ocrx_word' id='word_1_673' title='bbox 601 4807 704 4876; x_wconf 88' lang='lat' dir='ltr'>David,</span> <span class='ocrx_word' id='word_1_674' title='bbox 720 4809 796 4867; x_wconf 85' lang='lat' dir='ltr'>abia·</span> <span class='ocrx_word' id='word_1_675' title='bbox 849 4808 1041 4882; x_wconf 86' lang='lat' dir='ltr'>staulugitin</span> <span class='ocrx_word' id='word_1_676' title='bbox 1053 4809 1256 4883; x_wconf 77' lang='lat' dir='ltr'>AEgyptumad</span> <span class='ocrx_word' id='word_1_677' title='bbox 1273 4811 1359 4865; x_wconf 88' lang='lat' dir='ltr'>Sasao</span> <span class='ocrx_word' id='word_1_678' title='bbox 1370 4808 1432 4880; x_wconf 79' lang='lat' dir='ltr'>[mc.</span> <span class='ocrx_word' id='word_1_679' title='bbox 1447 4807 1673 4881; x_wconf 79' lang='lat' dir='ltr'>Susamlregam</span> 
     </span>
    </p>
   </div>
   <div class='ocr_carea' id='block_1_5' title="bbox 89 4953 1673 5117">
    <p class='ocr_par' dir='ltr' id='par_1_5' title="bbox 89 4953 1673 5117">
     <span class='ocr_line' id='line_1_52' title="bbox 90 4953 1672 5040; baseline 0 -16"><span class='ocrx_word' id='word_1_680' title='bbox 90 4982 199 5024; x_wconf 83' lang='lat' dir='ltr'>onena.</span> <span class='ocrx_word' id='word_1_681' title='bbox 226 4982 283 5023; x_wconf 89' lang='lat' dir='ltr'>ms.</span> <span class='ocrx_word' id='word_1_682' title='bbox 308 4966 470 5024; x_wconf 78' lang='lat' dir='ltr'>occidissent</span> <span class='ocrx_word' id='word_1_683' title='bbox 491 4983 600 5025; x_wconf 81' lang='lat' dir='ltr'>omnem</span> <span class='ocrx_word' id='word_1_684' title='bbox 622 4968 794 5024; x_wconf 78' lang='lat' dir='ltr'>musculum:</span> <span class='ocrx_word' id='word_1_685' title='bbox 851 4969 887 5024; x_wconf 95' lang='lat' dir='ltr'>ab</span> <span class='ocrx_word' id='word_1_686' title='bbox 904 4968 990 5025; x_wconf 89' lang='lat' dir='ltr'>llabr.</span> <span class='ocrx_word' id='word_1_687' title='bbox 1007 4953 1103 5028; x_wconf 61' lang='lat' dir='ltr'>unhin-</span> <span class='ocrx_word' id='word_1_688' title='bbox 1119 4968 1250 5039; x_wconf 89' lang='lat' dir='ltr'>Denique</span> <span class='ocrx_word' id='word_1_689' title='bbox 1265 4966 1446 5024; x_wconf 84' lang='lat' dir='ltr'>coherenter</span> <span class='ocrx_word' id='word_1_690' title='bbox 1460 4967 1604 5040; x_wconf 91' lang='lat' dir='ltr'>superiori</span> <span class='ocrx_word' id='word_1_691' title='bbox 1614 4968 1672 5024; x_wconf 86' lang='lat' dir='ltr'>ieo-</span> 
     </span>
     <span class='ocr_line' id='line_1_53' title="bbox 89 5037 1673 5117; baseline -0.009 -6"><span class='ocrx_word' id='word_1_692' title='bbox 89 5039 372 5117; x_wconf 55' lang='lat' dir='ltr'>tenebrescebat-be.</span> <span class='ocrx_word' id='word_1_693' title='bbox 850 5038 925 5107; x_wconf 88' lang='lat' dir='ltr'>colo,</span> <span class='ocrx_word' id='word_1_694' title='bbox 949 5054 983 5095; x_wconf 87' lang='lat' dir='ltr'>ao</span> <span class='ocrx_word' id='word_1_695' title='bbox 1007 5053 1126 5094; x_wconf 90' lang='lat' dir='ltr'>rursum</span> <span class='ocrx_word' id='word_1_696' title='bbox 1152 5039 1239 5094; x_wconf 88' lang='lat' dir='ltr'>llebr.</span> <span class='ocrx_word' id='word_1_697' title='bbox 1265 5037 1396 5111; x_wconf 91' lang='lat' dir='ltr'>plurium</span> <span class='ocrx_word' id='word_1_698' title='bbox 1420 5043 1673 5096; x_wconf 70' lang='lat' dir='ltr'>numerationem</span> 
     </span>
    </p>
   </div>
   <div class='ocr_carea' id='block_1_6' title="bbox 90 5107 1512 5185">
    <p class='ocr_par' dir='ltr' id='par_1_6' title="bbox 90 5107 1512 5185">
     <span class='ocr_line' id='line_1_54' title="bbox 90 5107 1512 5185; baseline 0 -2"><span class='ocrx_word' id='word_1_699' title='bbox 90 5143 99 5183; x_wconf 91' lang='grc' dir='ltr'>ι</span> <span class='ocrx_word' id='word_1_700' title='bbox 113 5127 196 5183; x_wconf 86' lang='lat' dir='ltr'>addit</span> <span class='ocrx_word' id='word_1_701' title='bbox 209 5126 287 5182; x_wconf 90' lang='lat' dir='ltr'>idem</span> <span class='ocrx_word' id='word_1_702' title='bbox 299 5142 356 5184; x_wconf 88' lang='lat' dir='ltr'>ma.</span> <span class='ocrx_word' id='word_1_703' title='bbox 368 5135 405 5183; x_wconf 85' lang='lat' dir='ltr'>le.</span> <span class='ocrx_word' id='word_1_704' title='bbox 432 5126 570 5184; x_wconf 79' lang='lat' dir='ltr'>Hebraeus</span> <span class='ocrx_word' id='word_1_705' title='bbox 585 5131 682 5183; x_wconf 83' lang='lat' dir='ltr'>autem</span> <span class='ocrx_word' id='word_1_706' title='bbox 699 5131 796 5185; x_wconf 85' lang='lat' dir='ltr'>textus</span> <span class='ocrx_word' id='word_1_707' title='bbox 850 5109 1065 5168; x_wconf 55' lang='lat' dir='ltr'>“mimmii</span> <span class='ocrx_word' id='word_1_708' title='bbox 1079 5107 1172 5167; x_wconf 61' lang='lat' dir='ltr'>iiiiii</span> <span class='ocrx_word' id='word_1_709' title='bbox 1186 5109 1256 5166; x_wconf 65' lang='grc' dir='ltr'>Μ’*</span> <span class='ocrx_word' id='word_1_710' title='bbox 1270 5113 1443 5183; x_wconf 52' lang='lat' dir='ltr'>tiliam&amp;</span> <span class='ocrx_word' id='word_1_711' title='bbox 1457 5120 1512 5169; x_wconf 49' lang='grc' dir='ltr'>θη·</span> 
     </span>
    </p>
   </div>
   <div class='ocr_carea' id='block_1_7' title="bbox 90 5179 1674 5341">
    <p class='ocr_par' dir='ltr' id='par_1_7' title="bbox 90 5179 1674 5341">
     <span class='ocr_line' id='line_1_55' title="bbox 106 5179 1674 5270; baseline -0.008 -21"><span class='ocrx_word' id='word_1_712' title='bbox 106 5213 172 5256; x_wconf 81' lang='lat' dir='ltr'>sam</span> <span class='ocrx_word' id='word_1_713' title='bbox 195 5196 342 5267; x_wconf 73' lang='lat' dir='ltr'>voculam,</span> <span class='ocrx_word' id='word_1_714' title='bbox 366 5199 418 5256; x_wconf 60' lang='lat' dir='ltr'>aad</span> <span class='ocrx_word' id='word_1_715' title='bbox 441 5202 469 5253; x_wconf 64' lang='lat' dir='ltr'>aa</span> <span class='ocrx_word' id='word_1_716' title='bbox 484 5199 650 5270; x_wconf 56' lang='lat' dir='ltr'>precedens</span> <span class='ocrx_word' id='word_1_717' title='bbox 671 5199 795 5255; x_wconf 63' lang='lat' dir='ltr'><strong>verbum</strong></span> <span class='ocrx_word' id='word_1_718' title='bbox 885 5180 1122 5255; x_wconf 76' lang='lat' dir='ltr'>‘Rescripsimus</span> <span class='ocrx_word' id='word_1_719' title='bbox 1138 5185 1184 5237; x_wconf 88' lang='lat' dir='ltr'>tuo</span> <span class='ocrx_word' id='word_1_720' title='bbox 1199 5198 1233 5238; x_wconf 87' lang='lat' dir='ltr'>ex</span> <span class='ocrx_word' id='word_1_721' title='bbox 1244 5182 1405 5239; x_wconf 88' lang='lat' dir='ltr'>Veronens.</span> <span class='ocrx_word' id='word_1_722' title='bbox 1418 5198 1487 5265; x_wconf 74' lang='lat' dir='ltr'>ms„</span> <span class='ocrx_word' id='word_1_723' title='bbox 1502 5179 1674 5264; x_wconf 79' lang='lat' dir='ltr'>concipente</span> 
     </span>
     <span class='ocr_line' id='line_1_56' title="bbox 90 5252 1674 5341; baseline -0.012 -15"><span class='ocrx_word' id='word_1_724' title='bbox 90 5313 94 5337; x_wconf 76' lang='lat'>‚</span> <span class='ocrx_word' id='word_1_725' title='bbox 131 5268 317 5327; x_wconf 76' lang='lat' dir='ltr'>ratermittit.</span> <span class='ocrx_word' id='word_1_726' title='bbox 850 5254 971 5311; x_wconf 66' lang='lat' dir='ltr'>Hebraeo</span> <span class='ocrx_word' id='word_1_727' title='bbox 995 5257 1074 5311; x_wconf 82' lang='lat' dir='ltr'>textu</span> <span class='ocrx_word' id='word_1_728' title='bbox 1098 5265 1191 5341; x_wconf 58' lang='lat' dir='ltr'>quem.</span> <span class='ocrx_word' id='word_1_729' title='bbox 1217 5254 1272 5310; x_wconf 90' lang='lat' dir='ltr'>Sed</span> <span class='ocrx_word' id='word_1_730' title='bbox 1307 5257 1336 5310; x_wconf 88' lang='lat' dir='ltr'>et</span> <span class='ocrx_word' id='word_1_731' title='bbox 1373 5252 1496 5326; x_wconf 77' lang='lat' dir='ltr'>reliquas</span> <span class='ocrx_word' id='word_1_732' title='bbox 1524 5266 1674 5308; x_wconf 78' lang='lat' dir='ltr'>versiones</span> 
     </span>
    </p>
   </div>
   <div class='ocr_carea' id='block_1_8' title="bbox 90 5337 1676 5700">
    <p class='ocr_par' dir='ltr' id='par_1_8' title="bbox 90 5337 1676 5629">
     <span class='ocr_line' id='line_1_57' title="bbox 90 5337 1675 5414; baseline -0.001 -19"><span class='ocrx_word' id='word_1_733' title='bbox 90 5344 158 5398; x_wconf 69' lang='lat' dir='ltr'>tirus</span> <span class='ocrx_word' id='word_1_734' title='bbox 179 5340 288 5398; x_wconf 91' lang='lat' dir='ltr'>iterum</span> <span class='ocrx_word' id='word_1_735' title='bbox 312 5341 348 5399; x_wconf 89' lang='lat' dir='ltr'>ad</span> <span class='ocrx_word' id='word_1_736' title='bbox 364 5338 476 5397; x_wconf 78' lang='lat' dir='ltr'>hebrai</span> <span class='ocrx_word' id='word_1_737' title='bbox 497 5337 606 5394; x_wconf 89' lang='lat' dir='ltr'>codicis</span> <span class='ocrx_word' id='word_1_738' title='bbox 631 5337 718 5395; x_wconf 87' lang='lat' dir='ltr'>iidem</span> <span class='ocrx_word' id='word_1_739' title='bbox 738 5355 794 5397; x_wconf 90' lang='lat' dir='ltr'>ms.</span> <span class='ocrx_word' id='word_1_740' title='bbox 850 5357 964 5407; x_wconf 89' lang='lat' dir='ltr'>omnes,</span> <span class='ocrx_word' id='word_1_741' title='bbox 981 5340 1102 5414; x_wconf 88' lang='lat' dir='ltr'>ipsaque</span> <span class='ocrx_word' id='word_1_742' title='bbox 1119 5340 1242 5414; x_wconf 82' lang='lat' dir='ltr'>Vulgata</span> <span class='ocrx_word' id='word_1_743' title='bbox 1263 5341 1306 5397; x_wconf 91' lang='lat' dir='ltr'>sio</span> <span class='ocrx_word' id='word_1_744' title='bbox 1319 5340 1422 5414; x_wconf 88' lang='lat' dir='ltr'>legunt</span> <span class='ocrx_word' id='word_1_745' title='bbox 1438 5358 1444 5396; x_wconf 92' lang='lat'>:</span> <span class='ocrx_word' id='word_1_746' title='bbox 1460 5342 1493 5395; x_wconf 90' lang='lat' dir='ltr'>ul</span> <span class='ocrx_word' id='word_1_747' title='bbox 1515 5354 1600 5394; x_wconf 91' lang='lat' dir='ltr'>nemo</span> <span class='ocrx_word' id='word_1_748' title='bbox 1611 5339 1675 5410; x_wconf 86' lang='lat' dir='ltr'>jam</span> 
     </span>
     <span class='ocr_line' id='line_1_58' title="bbox 90 5407 1675 5485; baseline -0.002 -17"><span class='ocrx_word' id='word_1_749' title='bbox 90 5413 152 5468; x_wconf 86' lang='lat' dir='ltr'>nais</span> <span class='ocrx_word' id='word_1_750' title='bbox 176 5411 247 5485; x_wconf 89' lang='lat' dir='ltr'>legit</span> <span class='ocrx_word' id='word_1_751' title='bbox 270 5411 399 5485; x_wconf 92' lang='lat' dir='ltr'>plurium</span> <span class='ocrx_word' id='word_1_752' title='bbox 427 5426 559 5483; x_wconf 86' lang='lat' dir='ltr'>numero,</span> <span class='ocrx_word' id='word_1_753' title='bbox 585 5411 797 5484; x_wconf 80' lang='lat' dir='ltr'>Dereliqueruut</span> <span class='ocrx_word' id='word_1_754' title='bbox 850 5414 1018 5470; x_wconf 79' lang='lat' dir='ltr'>Martianao</span> <span class='ocrx_word' id='word_1_755' title='bbox 1029 5413 1095 5482; x_wconf 86' lang='lat' dir='ltr'>juro</span> <span class='ocrx_word' id='word_1_756' title='bbox 1110 5429 1167 5468; x_wconf 91' lang='lat' dir='ltr'>non</span> <span class='ocrx_word' id='word_1_757' title='bbox 1184 5419 1366 5478; x_wconf 82' lang='lat' dir='ltr'>succenseat,</span> <span class='ocrx_word' id='word_1_758' title='bbox 1377 5412 1425 5484; x_wconf 92' lang='lat' dir='ltr'>qui</span> <span class='ocrx_word' id='word_1_759' title='bbox 1441 5416 1472 5466; x_wconf 90' lang='lat' dir='ltr'>et</span> <span class='ocrx_word' id='word_1_760' title='bbox 1486 5425 1537 5481; x_wconf 93' lang='lat' dir='ltr'>pro</span> <span class='ocrx_word' id='word_1_761' title='bbox 1553 5407 1675 5465; x_wconf 87' lang='lat' dir='ltr'>arbitrio</span> 
     </span>
     <span class='ocr_line' id='line_1_59' title="bbox 90 5481 1676 5552; baseline -0.003 -11"><span class='ocrx_word' id='word_1_762' title='bbox 90 5482 362 5541; x_wconf 69' lang='lat' dir='ltr'>demorantium</span> <span class='ocrx_word' id='word_1_763' title='bbox 386 5482 534 5540; x_wconf 77' lang='lat' dir='ltr'>dalburotb</span> <span class='ocrx_word' id='word_1_764' title='bbox 574 5500 606 5540; x_wconf 90' lang='lat' dir='ltr'>ro</span> <span class='ocrx_word' id='word_1_765' title='bbox 621 5484 795 5552; x_wconf 73' lang='lat' dir='ltr'>astharthen,</span> <span class='ocrx_word' id='word_1_766' title='bbox 849 5484 1008 5541; x_wconf 92' lang='lat' dir='ltr'>lectionem</span> <span class='ocrx_word' id='word_1_767' title='bbox 1018 5484 1161 5540; x_wconf 89' lang='lat' dir='ltr'>veriorem</span> <span class='ocrx_word' id='word_1_768' title='bbox 1177 5485 1309 5549; x_wconf 85' lang='lat' dir='ltr'>mutarit,</span> <span class='ocrx_word' id='word_1_769' title='bbox 1324 5490 1353 5541; x_wconf 90' lang='lat' dir='ltr'>et</span> <span class='ocrx_word' id='word_1_770' title='bbox 1368 5485 1503 5539; x_wconf 87' lang='lat' dir='ltr'>lectorem</span> <span class='ocrx_word' id='word_1_771' title='bbox 1529 5497 1618 5537; x_wconf 89' lang='lat' dir='ltr'>suum</span> <span class='ocrx_word' id='word_1_772' title='bbox 1639 5481 1676 5537; x_wconf 90' lang='lat' dir='ltr'>de</span> 
     </span>
     <span class='ocr_line' id='line_1_60' title="bbox 90 5552 1605 5629; baseline -0.002 -17"><span class='ocrx_word' id='word_1_773' title='bbox 90 5556 233 5612; x_wconf 85' lang='lat' dir='ltr'>sotionem</span> <span class='ocrx_word' id='word_1_774' title='bbox 242 5555 335 5612; x_wconf 80' lang='lat' dir='ltr'>Araba</span> <span class='ocrx_word' id='word_1_775' title='bbox 350 5568 467 5628; x_wconf 89' lang='lat' dir='ltr'>queque</span> <span class='ocrx_word' id='word_1_776' title='bbox 482 5571 541 5626; x_wconf 82' lang='lat' dir='ltr'>pra</span> <span class='ocrx_word' id='word_1_777' title='bbox 554 5559 608 5611; x_wconf 87' lang='lat' dir='ltr'>ert.</span> <span class='ocrx_word' id='word_1_778' title='bbox 624 5555 715 5613; x_wconf 86' lang='lat' dir='ltr'>Paulo</span> <span class='ocrx_word' id='word_1_779' title='bbox 728 5561 797 5628; x_wconf 89' lang='lat' dir='ltr'>post</span> <span class='ocrx_word' id='word_1_780' title='bbox 850 5558 905 5613; x_wconf 91' lang='lat' dir='ltr'>hac</span> <span class='ocrx_word' id='word_1_781' title='bbox 921 5556 989 5629; x_wconf 85' lang='lat' dir='ltr'>ipsa</span> <span class='ocrx_word' id='word_1_782' title='bbox 1002 5554 1164 5613; x_wconf 86' lang='lat' dir='ltr'>mutatione</span> <span class='ocrx_word' id='word_1_783' title='bbox 1179 5572 1232 5612; x_wconf 87' lang='lat' dir='ltr'>neo</span> <span class='ocrx_word' id='word_1_784' title='bbox 1247 5555 1333 5615; x_wconf 89' lang='lat' dir='ltr'>verbo</span> <span class='ocrx_word' id='word_1_785' title='bbox 1349 5562 1435 5612; x_wconf 86' lang='lat' dir='ltr'>tenua</span> <span class='ocrx_word' id='word_1_786' title='bbox 1447 5552 1605 5611; x_wconf 90' lang='lat' dir='ltr'>monuerit.</span> 
     </span>
    </p>

    <p class='ocr_par' dir='ltr' id='par_1_9' title="bbox 90 5624 795 5700">
     <span class='ocr_line' id='line_1_61' title="bbox 90 5624 795 5700; baseline -0.003 -15"><span class='ocrx_word' id='word_1_787' title='bbox 90 5642 142 5699; x_wconf 90' lang='lat' dir='ltr'>pro</span> <span class='ocrx_word' id='word_1_788' title='bbox 154 5624 296 5687; x_wconf 66' lang='lat' dir='ltr'>letalium</span> <span class='ocrx_word' id='word_1_789' title='bbox 308 5641 377 5683; x_wconf 88' lang='lat' dir='ltr'>oum</span> <span class='ocrx_word' id='word_1_790' title='bbox 387 5624 523 5699; x_wconf 79' lang='lat' dir='ltr'>vulgatis</span> <span class='ocrx_word' id='word_1_791' title='bbox 539 5641 547 5682; x_wconf 88' lang='lat'>:</span> <span class='ocrx_word' id='word_1_792' title='bbox 563 5625 683 5700; x_wconf 86' lang='lat' dir='ltr'>longius</span> <span class='ocrx_word' id='word_1_793' title='bbox 697 5630 795 5683; x_wconf 87' lang='lat' dir='ltr'>tamen</span> 
     </span>
    </p>
   </div>
   <div class='ocr_carea' id='block_1_9' title="bbox 0 0 1944 6149">
    <p class='ocr_par' dir='ltr' id='par_1_10' title="bbox 0 0 1944 6149">
     <span class='ocr_line' id='line_1_62' title="bbox 0 0 1944 6149; baseline 0 0"><span class='ocrx_word' id='word_1_794' title='bbox 0 0 1944 6149; x_wconf 95' lang='lat' dir='ltr'> </span> 
     </span>
    </p>
   </div>
  </div>
 </body>
</html>
