3870 6120
51 202 120 261 ¹341
704 210 811 266 LIBER
828 204 1106 265 ROCLESIASTES.

89 334 124 386 ut
137 335 353 401 occuparentur
367 332 397 387 in
413 346 457 388 es.
890 336 918 404 Α
972 331 1117 402 quantuni
1133 329 1230 386 differt
1243 327 1293 386 lun
1309 347 1325 387 a
1339 332 1481 391 tenebris.

50 401 122 459 Vidi
138 411 255 471 cuncta,
271 419 335 475 quae
351 403 493 460 siuntsub
509 405 580 473 soie,
937 401 1086 474 Sapientis
1101 401 1177 457 oculi
1194 402 1222 456 in
1239 401 1334 474 capite
1347 403 1411 474 elus
1427 421 1435 461 ι

89 479 117 530 et
130 489 197 529 ecce
213 473 352 530 universa
366 477 493 545 vanitas,
509 477 668 536 etaidictio
684 477 818 553 spiritus.
971 472 1081 531 stultus
1096 474 1126 528 in
1142 472 1271 529 tenebris
1285 475 1417 532 ambulat
1434 492 1441 530 :

50 544 184 602 Perversi
198 545 319 602 dillicile
334 548 534 620 corriguntur,
970 551 999 602 et
1014 543 1101 601 didici
1117 546 1196 615 quod
1214 561 1291 602 unus
1308 548 1462 620 utriusque
1476 554 1556 607 esset
1569 550 1715 612 interitus.

86 623 117 674 et
138 616 298 674 stulterum
315 618 450 675 infinitus
464 624 510 676 est
524 636 676 678 numerus.
935 618 970 675 Et
983 617 1042 673 dixi
1058 617 1089 672 in
1104 617 1191 673 eorde
1206 633 1270 673 meo
1287 634 1294 673 ε

46 689 182 747 Locutus
198 705 265 745 suin
281 689 312 745 in
329 692 416 747 conde
431 707 506 757 meo,
522 693 625 749 dicens
641 709 648 748 :
935 690 966 747 Si
983 705 1061 744 unus
1077 692 1105 745 et
1117 688 1198 744 stulti
1215 695 1244 745 et
1259 704 1342 745 meus
1357 706 1480 749 occasus
1495 693 1562 761 enit,

45 767 123 819 Beue
139 777 267 833 magnus
283 761 499 829 attentassem,
971 761 1041 835 quid
1058 758 1131 814 mibi
1147 760 1267 832 prodest
1281 762 1359 833 quod
1376 764 1679 841 majonemsapientia
1690 770 1759 829 dedi

86 839 113 891 et
129 831 268 916 praecessi
286 833 432 906 sapientis
446 851 560 907 omnes,
1007 831 1151 904 operam‘i

86 921 137 978 qui
155 905 278 960 luerunt
293 910 362 962 ante
376 922 423 963 me
437 905 467 962 in
481 904 645 964 Jerusalem
664 921 672 963 ε
935 905 1064 962 Locutus
1080 919 1147 958 cuin
1164 906 1262 959 mente
1278 920 1353 972 men,

85 982 116 1035 et
131 992 217 1033 mans
233 977 434 1049 contemplata
448 983 493 1036 est
507 979 603 1036 multu
616 976 777 1050 sapienter,
792 983 822 1036 et
970 974 1164 1033 animadverti
1180 975 1258 1046 quod
1274 974 1329 1032 hoc
1345 992 1462 1049 quoqne
1476 983 1554 1036 esset
1568 983 1693 1042 vanitas.

127 1046 241 1105 didicit.
934 1052 998 1105 Non
1013 1048 1092 1105 enim
1108 1045 1164 1102 snit
1179 1048 1321 1105 memoria
1336 1050 1478 1121 sapientie
1488 1051 1626 1111 similiter
1636 1061 1668 1112 ut
1678 1055 1760 1113 stulti
1874 1102 1877 1109 .
1921 1100 1925 1111 .

50 1119 187 1193 Dedique
202 1135 254 1176 uon
269 1134 380 1188 meum,
397 1124 431 1178 ut
445 1121 552 1178 scirem
567 1121 765 1195 prudentiam,
778 1125 865 1197 atque
1006 1120 1035 1175 in
1053 1124 1237 1191 perpetuum,

125 1190 303 1258 doctrinam,
971 1194 1000 1247 et
1015 1191 1113 1246 lutura
1130 1195 1261 1264 tempora
1276 1189 1421 1249 oblivione
1437 1199 1544 1254 cuncta
1559 1197 1669 1271 pariter
1691 1213 1761 1273 ope·

87 1279 264 1336 annonasque
279 1267 308 1318 et
322 1261 500 1329 stultitiam
1008 1263 1093 1321 nient.

52 1335 89 1392 lit
103 1336 207 1408 agnovi
223 1334 302 1417 qued
322 1334 352 1390 in
367 1334 414 1391 bis
430 1351 548 1409 quoque
562 1340 642 1394 esset
656 1335 749 1404 labor,
936 1333 1060 1391 Moritur
1073 1335 1178 1389 doctus
1193 1333 1204 1368 ²
1219 1331 1357 1389 similiter
1370 1338 1399 1391 et
1413 1333 1551 1397 indoctus
1568 1357 1576 1398 ε

90 1412 121 1463 et
137 1407 256 1463 alliictic
273 1405 397 1477 spiritus
415 1423 422 1462 :
971 1405 1122 1462 etidcirco
1138 1405 1240 1460 taduit
1255 1421 1302 1462 me
1316 1405 1380 1462 vita
1396 1422 1480 1472 mea,

52 1482 92 1536 Eu
108 1478 187 1551 qued
204 1479 233 1532 in
251 1477 346 1533 muita
359 1476 517 1563 sapientia.
533 1478 625 1535 muita
640 1478 678 1535 sit
693 1477 754 1535 indi
778 1479 857 1536 natio
874 1495 881 1534 :
933 1478 1090 1533 videntem
1105 1475 1182 1532 mata
1192 1476 1333 1559 univorsa
1346 1494 1412 1534 esse
1426 1481 1482 1536 sub
1495 1480 1566 1550 sele,
1643 1544 1647 1549 ,

89 1556 120 1607 et
134 1551 186 1622 qui
200 1549 283 1604 addit
297 1550 463 1618 scientiam,
479 1549 561 1606 addit
576 1549 704 1609 laborem
721 1493 776 1624 [Αὲ
969 1553 998 1606 et
1012 1552 1119 1605 cuncta
1132 1553 1292 1605 vanitatem
1308 1554 1337 1605 et
1353 1549 1542 1609 alliictionem
1557 1554 1682 1639 spiritus
1698 1572 1704 1613 :

126 1620 281 1692 doioreni].
936 1627 1047 1679 Rursus
1063 1620 1226 1676 detestatus
1240 1636 1307 1676 sum
1323 1636 1440 1678 omnem
1458 1622 1636 1684 industriam
1652 1644 1747 1685 meam

52 1693 133 1763 (Cep.
150 1693 198 1765 ΙΙ.)
212 1691 278 1749 Dixi
292 1706 345 1763 ege
362 1691 391 1747 in
408 1694 494 1749 corde
510 1711 576 1753 meo
592 1711 600 1750 :
896 1703 921 1771 Β
972 1709 1031 1820 qua
1045 1693 1100 1747 sub
1116 1691 1177 1747 soie
1192 1691 1409 1750 studiosissime
1423 1693 1563 1769 laboravi,
1753 1674 1761 1699 ’

55 1764 181 1828 Vadam.
196 1769 225 1820 et
240 1762 361 1820 affluam
376 1765 504 1834 deliciis,
936 1770 978 1822 Ha
1000 1765 1097 1820 iturus
1111 1763 1256 1820 heredem
1273 1768 1339 1836 post
1351 1781 1407 1834 me,

90 1841 122 1893 et
137 1837 219 1892 lnuar
233 1835 330 1891 bonis.
972 1851 1060 1909 quem
1070 1836 1578 1920 ignoro,utrumsapiensanstultus
1588 1842 1760 1916 iuturussit,

55 1912 91 1964 Et
106 1906 166 1964 vidi
180 1908 257 1978 quod
275 1907 329 1963 boe
343 1921 461 1979 queque
476 1912 555 1965 esset
569 1907 695 1966 vanitas.
936 1909 970 1965 iit
985 1907 1186 1964 dominabitur
1201 1908 1231 1964 in
1248 1907 1399 1965 laboribus
1414 1910 1497 1977 meis,

56 1981 164 2037 Risum
181 1977 313 2050 reputavi
329 1994 457 2037 erronem
475 1996 482 2037 :
972 1980 1081 2053 quibus
1096 1978 1237 2036 desudavi
1252 1983 1281 2036 et
1295 1978 1441 2039 sollicitus
1457 1982 1498 2039 tui
1514 1999 1522 2038 ε

93 2056 124 2108 et
139 2051 248 2122 gaudio
262 2048 342 2106 diiii:
358 2053 432 2116 Quid
449 2053 559 2108 inustis
573 2051 737 2124 deciperis?
972 2061 1000 2107 et
1013 2055 1058 2108 est
1073 2050 1236 2123 quidquam
1253 2056 1314 2108 tam
1326 2052 1457 2109 varium?

58 2123 191 2197 Cogitavi
207 2122 236 2177 in
252 2122 338 2179 conde
353 2139 417 2180 ineo
433 2124 603 2181 abstrahere
617 2141 635 2181 a
649 2123 716 2180 vino
731 2138 849 2180 carnem
938 2123 1019 2182 Unde
1033 2123 1155 2205 cessavi,

93 2208 273 2350 utsslrffilm
290 2280 387 2322 meum
403 2265 595 2348 transferrem
607 2265 643 2323 ad
659 2265 848 2340 sapientiam,
937 2194 1761 2350 Nartqnqlqlgagqitqqqaegiorrffialqlinsqigqgggssqoertiiangrngla

94 2337 314 2409 devitaremque
330 2336 497 2393 stultitiam.
974 2343 1004 2396 et
1018 2335 1229 2403 sollieitudine,

58 2408 157 2465 Donec
171 2408 299 2466 viderem
313 2409 385 2481 quid
400 2415 479 2466 esset
493 2407 566 2467 utile
581 2405 651 2465 liliis
666 2408 819 2466 bominum
836 2427 844 2468 e
973 2408 1088 2467 bomini
1103 2409 1197 2465 otioso
1213 2407 1339 2482 quaesita
1354 2408 1475 2467 dimittit
1491 2427 1499 2468 :

95 2497 154 2553 quo
171 2480 247 2537 iacto
261 2496 335 2552 epus
350 2484 395 2537 est
409 2481 466 2537 sub
480 2479 542 2539 soie
557 2496 680 2538 numere
695 2481 810 2539 dierum
820 2480 885 2539 vita
975 2487 1003 2539 et
1018 2480 1074 2537 hoc
1087 2496 1156 2553 engo
1171 2484 1288 2537 vanitas
1302 2480 1323 2550 ³,
1340 2485 1370 2536 et
1385 2498 1525 2555 magnum
1541 2482 1664 2542 matum.

131 2569 203 2609 snei.
939 2553 1014 2620 Quid
1027 2552 1107 2609 enim
1124 2551 1251 2624 proderit
1265 2551 1379 2607 bomini
1394 2554 1429 2609 de
1445 2554 1582 2612 universo
1593 2555 1693 2614 labore
1703 2573 1769 2623 suo,

58 2622 226 2697 Magnicavi
241 2637 329 2696 opera
345 2638 429 2678 mea:
975 2630 1005 2681 et
1020 2622 1178 2680 atssictione
1194 2623 1388 2694 spiritusque
1403 2625 1459 2682 sub
1473 2625 1536 2683 sete
1551 2629 1699 2685 cruciatus
1709 2630 1771 2685 esti

96 2694 239 2752 aedilicavi
255 2693 328 2750 inibi
343 2695 459 2765 domos,
939 2697 1044 2755 Cuncti
1059 2694 1198 2765 dicasius
1214 2694 1366 2751 doloribus
1379 2699 1409 2751 et
1424 2698 1564 2755 arumnis
1579 2699 1658 2773 pteni
1674 2704 1756 2770 sunt,

94 2772 124 2823 et
157 2766 273 2824 iactavi
288 2766 414 2823 vineas:
976 2782 1092 2840 nauper
1107 2770 1222 2823 noctem
1237 2770 1333 2822 mente
1349 2767 1534 2840 requiescit:

60 2838 128 2895 Feci
138 2783 255 2906 zontas,
272 2842 301 2893 et
315 2836 459 2911 pomaria,
976 2844 1004 2896 et
1019 2838 1074 2895 hoc
1089 2855 1157 2912 ergo
1171 2837 1285 2895 vanitas
1299 2841 1345 2895 est
1358 2839 1379 2893 ⁴.

96 2913 128 2966 et
141 2910 256 2967 consevi
272 2926 307 2967 ea
322 2909 419 2967 cunuti
432 2908 549 2982 generis
563 2910 737 2980 arboribus3
941 2912 1043 2971 Nonne
1059 2909 1165 2967 metius
1177 2914 1223 2967 est
1238 2910 1390 2967 comedere
1404 2914 1434 2968 et
1447 2910 1557 2980 bibere,

60 2981 97 3038 Tt
110 2981 239 3039 exstruxi
254 2980 328 3037 mibi
344 2981 474 3108 piscinas
488 2998 646 3054 aquarum,
975 2989 1004 3040 et
1019 2983 1173 3039 ostendere
1188 2981 1293 3039 anima
1308 2997 1371 3040 sua
1384 2983 1461 3041 bona
1474 2984 1511 3041 da
1526 2982 1678 3042 latioribus
1688 2983 1768 3043 suis?

98 3057 132 3110 ut
148 3053 304 3126 irrigarem
319 3053 344 3109 si
357 3069 423 3109 vain
438 3052 586 3126 tignorum
602 3053 851 3128 germinantium
904 3077 926 3148 c
980 3060 1010 3112 et
1024 3054 1078 3111 hoe
1094 3055 1130 3111 de
1145 3070 1234 3111 inanu
1248 3055 1301 3111 Dei
1315 3059 1369 3111 est.

61 3125 184 3183 Possedi
200 3140 299 3181 servos
313 3128 342 3181 et
356 3123 490 3191 ancillas,
945 3126 1016 3194 Quis
1031 3126 1074 3182 ita
1087 3125 1211 3193 vorabit,

97 3196 284 3268 multamque
296 3195 440 3252 familiam
453 3195 544 3253 habui
561 3212 568 3252 :
979 3203 1009 3256 et
1023 3197 1137 3254 deliciis
1151 3198 1253 3255 atlluet
1266 3201 1299 3253 ut
1313 3195 1388 3269 ego?

61 3271 205 3326 Armenta
219 3283 348 3340 queque,
363 3274 393 3324 et
409 3284 533 3341 magnos
548 3268 645 3325 ovium
661 3284 776 3342 greges,
945 3269 1063 3329 ilomini
1078 3270 1154 3327 bono
1169 3270 1200 3326 in
1215 3274 1373 3343 conspectu
1388 3284 1443 3327 suo
1458 3269 1540 3327 dedit
1554 3269 1632 3328 Deus
1654 3268 1775 3343 sapien·

96 3340 177 3397 nitra
192 3355 295 3397 omnes
317 3341 367 3413 qui
382 3339 503 3397 luerunt
517 3344 584 3397 sate
601 3356 646 3397 me
660 3342 690 3398 in
705 3338 865 3398 ierusalem
883 3353 891 3394 :
1016 3341 1099 3399 tiam.

63 3412 238 3470 Coacenmvi
254 3410 328 3468 mihi
343 3416 511 3484 argentum,
525 3418 555 3468 et
569 3428 687 3480 surum,
703 3418 732 3469 et
981 3417 1009 3471 ot
1023 3412 1190 3482 scientiam,
1206 3415 1234 3469 et
1250 3411 1381 3469 iaetitiam
1399 3427 1406 3468 ε

98 3483 285 3540 substantias
300 3498 416 3556 regum,
432 3500 466 3542 ae
481 3483 717 3556 provinnierum;
945 3484 1091 3544 Peccatori
1102 3488 1201 3542 autem
1211 3484 1295 3541 dedit
1307 3483 1541 3554 aillietionem,et
1553 3499 1656 3543 curam
1670 3501 1774 3560 super·

61 3555 128 3613 Feci
143 3555 218 3612 mibi
234 3560 380 3625 cantores,
394 3560 424 3613 et
438 3555 624 3628 cantatrices,
1017 3557 1118 3622 llusm,

97 3633 128 3684 et
141 3626 264 3684 delicias
278 3626 408 3683 fitiorum
424 3627 589 3694 hominum,
981 3634 1014 3686 ut
1029 3628 1128 3696 addat,
1141 3630 1171 3684 et
1184 3631 1352 3700 congreget,
1367 3631 1396 3684 et
1412 3628 1510 3684 tradat
1523 3628 1550 3685 ei
1566 3628 1617 3701 qui
1632 3627 1745 3701 placuit

62 3698 196 3774 Sapphus
210 3701 240 3754 et
255 3715 358 3756 urceos
373 3699 403 3755 in
419 3700 583 3757 ministerio
598 3698 635 3756 ad
650 3699 718 3756 vina
733 3698 891 3766 fundenda,
1018 3701 1075 3756 Deo
1090 3715 1098 3755 ε

98 3778 129 3828 et
144 3784 355 3842 supergressus
368 3787 433 3827 suni
450 3771 556 3842 opibus
570 3787 673 3829 cinnes
688 3771 739 3844 qui
755 3770 874 3829 luerunt
980 3772 1031 3827 sed
1047 3776 1075 3828 et
1089 3770 1145 3826 hcc
1157 3767 1282 3835 vanitas,
1299 3773 1328 3824 et
1342 3785 1427 3826 casse
1442 3768 1612 3827 sollicitudo
1626 3769 1743 3827 mentis.

136 3847 205 3899 ante
220 3841 311 3899 mein
326 3842 500 3900 Jerusalem.
980 3840 1059 3915 (Cup.
1076 3840 1138 3912 ili.)
1152 3840 1260 3898 Omnia
1275 3845 1394 3911 tempus
1408 3840 1530 3906 babent,

64 3913 218 3986 Sapientia
232 3930 350 3986 quoque
367 3915 561 3985 perseveravit
576 3930 692 3971 mecum
709 3929 716 3970 :
980 3918 1008 3970 et
1022 3914 1086 3970 suis
1101 3910 1207 3984 spatiis
1222 3915 1379 3969 transeunt
1395 3913 1532 3970 universa
1546 3912 1602 3969 sub
1617 3912 1700 3971 caelo.

100 3991 130 4043 et
144 3985 256 4052 omnis,
272 4002 336 4069 qua
352 3986 593 4044 desideraverunt
604 3984 681 4044 oculi
698 3984 766 4056 mei,
783 4000 848 4040 nen
944 3985 1073 4058 Tempus
1087 3983 1241 4066 nascendi,

137 4057 240 4131 negavi
256 4073 299 4115 sis
317 4074 324 4114 :
980 4062 1009 4113 et
1024 4062 1144 4128 tempus
1159 4055 1314 4112 moriendi.

64 4128 124 4186 Nec
140 4128 278 4202 probibui
293 4145 344 4186 con
357 4144 455 4186 meum
471 4129 545 4202 quin
559 4126 799 4202 omnivoluptate
815 4128 892 4185 irue-
945 4131 1074 4199 Tempus
1091 4127 1253 4200 plantandi,

140 4206 232 4268 retur,
981 4205 1009 4256 et
1024 4205 1141 4273 tempus
1156 4196 1299 4255 evellendi
1315 4198 1392 4271 quod
1410 4198 1576 4273 plantatum
1591 4202 1646 4256 est.

100 4276 129 4328 et
144 4271 304 4330 oblectaret
318 4287 350 4328 se
365 4272 395 4329 in
411 4271 458 4327 his
471 4288 535 4344 qua
552 4287 801 4345 praeparaveram:
945 4272 1075 4344 Tempus
1091 4270 1254 4338 occidendi,

63 4346 100 4400 Et
115 4343 192 4401 banc
208 4350 290 4401 natus
306 4361 372 4400 sum
388 4350 501 4418 partem
516 4361 621 4413 meam,
981 4348 1010 4402 et
1025 4350 1143 4416 tempus
1159 4341 1295 4399 sanandi.

100 4416 127 4471 si
142 4419 240 4473 uterer
255 4415 355 4473 tabcie
370 4431 445 4473 mco.
907 4455 932 4521 D
946 4416 1077 4491 Tempus
1092 4412 1275 4483 destruendi,

62 4490 200 4559 Cumque
215 4504 260 4544 me
276 4487 486 4544 convertissem
503 4486 537 4543 nd
554 4487 691 4545 universa
705 4503 804 4560 opera,
829 4502 895 4559 quie
983 4491 1012 4544 et
1026 4493 1142 4560 tempus
1158 4484 1332 4542 adilicandi.

140 4560 269 4616 lecerunt
283 4575 390 4616 manus
405 4574 487 4626 meae,
946 4558 1076 4631 Tempus
1092 4557 1189 4623 flendi,

101 4632 131 4685 et
145 4632 181 4687 ad
198 4629 325 4700 labores,
341 4630 370 4687 in
388 4631 496 4702 quibus
512 4630 623 4686 trustra
637 4631 822 4696 sudaveram,
983 4634 1012 4687 et
1023 4635 1141 4704 tempus
1158 4627 1284 4685 ridendi.

64 4700 131 4759 viiii
146 4702 176 4758 in
192 4703 332 4760 omnibus
346 4702 504 4758 vanitatem
522 4707 550 4757 et
575 4702 765 4760 stillationem
790 4701 894 4768 animi,
947 4704 1077 4776 Tempus
1092 4700 1261 4775 plangendi,

100 4776 133 4829 st
147 4773 222 4830 nibil
260 4773 566 4831 ermanenesubscie.
983 4771 1292 4848 attempussattandi.

64 4844 203 4902 Transivi
219 4792 257 4902 ag
271 4845 531 4916 contemplandum
547 4844 734 4918 sapientiem,
948 4847 1078 4920 Tempus
1095 4844 1250 4919 spargendi
1267 4842 1392 4927 lapides,

101 4932 278 5003 erroresque
291 4923 321 4975 et
334 4917 502 4974 stultitiam.
983 4922 1013 4975 et
1027 4924 1145 4991 tempus
1160 4915 1327 4988 colligendi.

64 4986 142 5052 onio
159 4995 215 5056 est,
230 5006 365 5063 inquam,
381 4990 481 5056 bomo,
948 4990 1078 5065 Tempus
1094 4988 1290 5064 amplexandi,

102 5065 138 5117 ut
152 5062 239 5134 aequi
254 5062 350 5135 possit
364 5077 463 5135 regem
479 5060 630 5117 Fautorem
643 5058 754 5117 sunm?
984 5066 1013 5119 et
1027 5068 1144 5135 tempus
1161 5061 1246 5131 longe
1261 5058 1323 5115 lieri
1338 5074 1355 5114 a
1369 5057 1583 5133 complexibus.

62 5132 169 5190 Btvidi
180 5133 377 5207 quietantum
389 5130 896 5207 praecederetsapientisstultitiam,
948 5133 1077 5208 Tempus
1093 5131 1276 5206 acquirendi,

103 5350 113 5384 ¹
128 5346 316 5405 corbeiensis
332 5364 389 5405 ms.
406 5365 489 5406 num.
507 5348 527 5416 i,
540 5349 617 5406 addit
631 5351 657 5407 st
670 5346 896 5417 dotorem,quod
985 5344 1221 5403 ’Memmisnum
1236 5344 1285 5402 hic
1298 5347 1446 5402 canonem
1463 5344 1554 5400 secuti
1568 5358 1684 5401 suiuus.
1705 5341 1775 5398 Can·

64 5419 275 5477 emendatores
289 5426 453 5493 posuerunt
467 5422 497 5478 in
514 5420 651 5493 piurimis
665 5419 895 5489 exemplaribus,
951 5418 1138 5475 caesariensis
1170 5416 1241 5490 legit
1272 5416 1479 5489 interrogative
1507 5434 1513 5472 :
1544 5421 1575 5474 si
1599 5417 1656 5471 taec
1682 5430 1776 5471 acuas

66 5490 117 5547 ubi
136 5491 232 5560 prima
247 5493 493 5564 manuscriptum
509 5493 662 5563 erat,uddit
678 5491 897 5549 iuberemUten·
951 5489 1063 5546 ueritus
1086 5492 1147 5545 est?
1171 5489 1224 5547 Cui
1259 5492 1422 5545 consonant
1455 5503 1544 5561 quain
1573 5487 1673 5563 plures
1702 5502 1774 5544 mss.

65 5562 897 5636 queCanon,GaroassonensisvidelicetsuMemmianus,
951 5561 1075 5619 codices.
1093 5560 1186 5617 Mser.

66 5651 181 5710 purum
197 5635 495 5694 retinetcontsxtum.
513 5641 607 5695 Mser.
986 5633 1070 5688 *sub
1097 5631 1294 5703 interrogandi
1320 5634 1389 5685 nota
1414 5631 1556 5760 Viitqatue
1578 5630 1655 5686 inter
1679 5645 1725 5686 res
1749 5632 1779 5687 et

106 5705 254 5779 'Aliquot
269 5725 341 5766 mss.
356 5725 425 5765 cum
441 5710 557 5767 Canone
572 5715 704 5767 cerussa.
729 5707 897 5776 emendato,
952 5705 1071 5779 quidem
1087 5719 1177 5777 peries
1191 5704 1325 5761 liertian.
1341 5718 1414 5759 mss.
1429 5714 1457 5761 et
1490 5719 1520 5762 ec
1535 5702 1585 5776 (ol.
1598 5645 1675 5775 tusc?
1686 5702 1778 5761 emes

66 5777 246 5837 absimus
261 5779 399 5840 induam
415 5779 508 5839 itaer.
950 5778 1062 5836 annuus
1074 5779 1135 5834 sii?
