3878 6150
567 247 675 304 ttetttt
693 246 801 301 ISAIAE
819 242 1031 304 PROPHR'I'AE.

91 372 137 426 est
151 384 251 426 meum
267 370 472 445 refrigerium:
786 375 809 440 Α
863 386 916 426 uec
927 369 955 426 in
972 370 1093 446 ungulis
1108 371 1170 428 suis
1182 372 1365 431 comminuet
1379 390 1457 442 eum,

86 448 183 497 terunt
198 442 310 499 audire.
827 442 861 499 ut
877 443 929 498 boc
945 460 962 498 a
976 443 1100 500 Domino
1115 445 1126 480 ¹
1144 446 1199 501 ileo
1214 447 1394 504 exercituum
1410 444 1507 505 exivit.

85 513 110 569 is
122 514 245 570 verbum
261 515 400 572 Domini:
862 520 895 569 ot
910 515 1045 572 mirabile
1060 517 1168 573 laceret
1180 517 1348 591 consilium,

86 626 100 655 .,
116 588 277 654 remanda;
861 591 890 640 et
906 603 951 641 rue
976 587 1108 644 uilicaret
1118 589 1276 660 justitiam.

86 676 101 729 r,
118 660 279 728 remenda3
826 656 904 730 (Cup.
919 602 1035 730 xiix.)
1047 659 1095 715 Vra
1112 659 1188 715 Ariel
1205 661 1318 732 civitas,

87 736 127 799 ta,
141 735 329 802 reexspecta;
862 745 951 802 quem
963 731 1142 803 expugnavit
1160 733 1245 787 David
1260 749 1266 787 :

87 806 127 870 ta,
143 808 310 875 reexspecta
323 821 330 871 3
490 807 497 817 “
825 801 950 857 Additus
965 808 1010 859 est
1024 820 1120 859 annus
1135 804 1170 859 ad
1187 820 1319 861 anuum:

86 890 129 928 am
146 873 197 943 ibi,
215 876 361 929 modicum
378 872 437 928 ibi:
861 873 1061 932 solemnitates
1077 874 1197 931 evoluta
1213 882 1293 932 sunt.

86 949 115 1011 rt,
131 950 158 1001 et
173 947 279 1002 cadant
294 951 468 1013 retrorsum,
824 943 860 1000 tit
873 946 1099 1003 circumvallabo
1114 947 1202 1013 Ariel,

86 1021 222 1073 ,terantur
245 1022 265 1084 ¹,
283 1024 311 1073 et
326 1016 534 1090 illaqueentur,
553 1020 581 1071 et
607 1031 639 1070 cu
661 1014 769 1070 tantur.
860 1022 888 1073 et
902 1019 957 1074 erit
972 1019 1065 1075 tristis
1080 1024 1110 1074 et
1125 1034 1263 1089 moerens,

91 1088 145 1144 beo
161 1090 260 1146 audite
275 1091 396 1145 verbum
413 1089 528 1144 Domini
544 1087 598 1144 viri
623 1032 771 1152 illusores,
860 1093 889 1145 et
901 1089 956 1146 erit
970 1090 1042 1146 mihi
1057 1090 1141 1162 quasi
1153 1091 1240 1146 Ariel.

86 1160 234 1217 minamini
247 1178 335 1234 super
346 1160 487 1235 populum
500 1175 611 1227 meum,
623 1159 672 1232 qui
685 1164 729 1215 est
740 1159 769 1214 iu
824 1163 859 1219 itt
873 1162 1061 1218 circumdabo
1076 1162 1160 1234 quasi
1178 1163 1323 1235 spbaram
1341 1162 1371 1218 in
1387 1163 1511 1219 circuitu
1528 1167 1591 1238 tuo,

89 1231 192 1300 salem,
860 1239 888 1290 et
900 1234 1008 1305 janiam
1026 1240 1128 1290 contra
1142 1239 1170 1289 te
1181 1250 1327 1318 aggerem.

86 1305 182 1361 enlm:
857 1311 887 1362 et
900 1306 1084 1362 munimenta
1099 1322 1205 1379 ponam
1222 1322 1251 1361 ru
1266 1305 1452 1363 obsidionem
1467 1309 1560 1363 tuam:

86 1375 169 1432 vimus
185 1377 281 1433 soedus
295 1393 363 1433 cum
381 1384 484 1440 morte,
823 1377 1043 1446 Humiliaberis‚
1059 1378 1095 1432 de
1112 1382 1190 1434 terra
1204 1377 1344 1450 loqueris.

86 1467 91 1504 ι
108 1447 221 1505 interno
237 1448 361 1505 fecimus
377 1454 504 1522 paetum.
858 1456 887 1507 ct
902 1451 937 1504 de
953 1450 1042 1506 bumo
1057 1450 1195 1506 audietur
1208 1449 1359 1523 eloquium
1372 1453 1476 1507 tuum:

86 1534 107 1575 u
119 1520 269 1578 inundans
284 1538 350 1577 cum
361 1521 523 1591 transierit,
539 1535 596 1573 non
613 1518 710 1574 veniet
720 1534 769 1573 su·
895 1526 928 1577 et
942 1521 998 1578 erit
1012 1522 1097 1593 quasi
1113 1521 1253 1595 Pythonis
1264 1522 1388 1578 deterre
1402 1539 1457 1578 vox
1471 1527 1533 1591 tua,
1544 1522 1580 1581 de
1591 1522 1647 1580 bu·

86 1608 158 1648 uos:
894 1609 941 1648 mo
956 1593 1107 1666 eloquium
1123 1598 1207 1649 tuum
1224 1594 1402 1650 mussitabit.

86 1663 215 1719 nsuiruus
231 1665 418 1720 mendacium
430 1680 511 1737 spem
527 1666 671 1730 nostrum,
687 1666 715 1719 et
822 1665 855 1721 tit
865 1666 921 1721 erit
931 1664 1008 1721 sicut
1015 1665 1110 1737 pulvis
1121 1666 1217 1721 tenuis
1229 1664 1642 1725 multituduventilantiumte:

87 1736 170 1792 dacio
187 1737 308 1806 protecti
323 1753 437 1793 sumus.
783 1750 805 1814 Β
856 1741 885 1792 et
900 1738 977 1792 sicut
993 1737 1089 1793 isvilla
1106 1737 1303 1808 pertransiens
1316 1737 1477 1795 multitudo
1489 1754 1590 1796 eorum

90 1823 129 1864 aa
145 1808 215 1862 dicit
228 1808 371 1864 Dominus
386 1808 481 1865 Deus:
860 1809 910 1881 qui
925 1813 1026 1866 contra
1041 1815 1067 1864 te
1085 1809 1316 1877 prevaluerunt:

102 1880 215 1934 mittam
231 1881 260 1935 in
278 1880 475 1936 fundamentis
490 1879 556 1934 Sion
574 1878 713 1949 lapidem,
858 1881 973 1953 eritque
985 1887 1102 1953 repente
1118 1882 1284 1938 confestim.

86 1967 107 2006 u
115 1952 473 2097 probatguzmnfflnrrenui,
482 1950 694 2078 pretiosurdnstn
704 1950 768 2090 iun
822 1953 845 2008 A
863 1953 985 2009 Domino
1007 1955 1187 2080 exercituum
1217 1952 1388 2009 visitabitur
1403 1951 1432 2007 iu
1462 1952 1603 2025 tonitruo,
1619 1957 1649 2011 et

88 2037 155 2078 eno
179 2041 216 2077 un
242 2041 321 2080 aum
381 2066 387 2079 .
409 2040 447 2079 un
472 2040 553 2080 aum
574 2040 611 2078 un
636 2038 721 2078 amen
736 2038 766 2077 ι.
894 2040 1010 2081 commo
1024 2041 1090 2081 rona
1117 2040 1188 2081 erra

86 2093 217 2164 ediderit,
858 2099 886 2152 et
901 2112 969 2152 vnce
986 2112 1094 2170 magua
1106 2095 1235 2152 turbinis
1251 2099 1279 2152 et
1295 2095 1491 2167 tempestatis,

85 2167 174 2223 stinet
189 2168 213 2233 ²,
858 2173 887 2224 et
900 2168 1018 2223 [lamma
1036 2169 1113 2240 ignis
1129 2167 1304 2224 devorantis·

85 2254 104 2294 u
118 2239 264 2310 judicium
281 2238 310 2293 in
328 2239 465 2311 pondere,
823 2239 857 2295 Et
872 2239 927 2297 erit
938 2239 1172 2297 siouteomuium
1188 2239 1310 2296 visionis
1322 2242 1472 2295 nocturne
1488 2236 1646 2295 multitudo

87 2309 168 2366 itiam
186 2311 214 2365 iu
231 2326 386 2366 mensura:
893 2311 1026 2368 omnium
1042 2311 1187 2386 gentium,
1198 2328 1261 2385 quse
1277 2311 1490 2368 dimicaverunt
1498 2314 1610 2368 contra.

86 2385 146 2438 >rtet
161 2383 271 2454 grando
287 2398 369 2455 spem
386 2381 549 2437 mendacii:
893 2382 980 2452 ariel,

86 2454 231 2510 ‚sotionem
248 2470 330 2525 aquis
346 2453 546 2509 inundabunt.
857 2461 884 2509 et
898 2454 1061 2527 omnesqui
1074 2453 1288 2525 militaverunt,
1300 2454 1647 2526 etobsederunt,etprn·

89 2531 137 2582 tur
147 2526 241 2581 ioedus
256 2531 385 2581 vestrum
402 2541 469 2581 cum
486 2529 589 2592 morte,
892 2527 1046 2582 valuerunt
1060 2526 1201 2582 adversus
1214 2542 1289 2582 eam.

86 2614 140 2652 ‚um
157 2601 287 2653 vestrum
305 2614 372 2652 oum
388 2596 502 2652 interno
519 2613 577 2653 uon
593 2595 704 2652 stabit:
823 2597 857 2652 Et
872 2598 950 2653 sicut
965 2597 1092 2653 somniet
1107 2599 1256 2663 esuriens,
1270 2603 1298 2653 et
1313 2597 1451 2666 comedit,

86 2669 266 2725 nimandans
282 2686 348 2724 curn
366 2668 526 2739 transierit,
858 2683 924 2724 cem
941 2672 1038 2725 autem
1056 2669 1143 2724 luerit
1156 2670 1388 2742 expergefactus,

86 2757 102 2796 n
119 2740 380 2799 conculcationem.
858 2755 949 2796 vneua
964 2745 1009 2797 est
1023 2742 1122 2796 anima
1132 2742 1216 2824 ejus:

88 2830 187 2886 unque
211 2814 265 2885 (tt.
282 2815 360 2882 cum)
378 2811 592 2885 pertransierit,
607 2809 689 2866 tollet
703 2827 767 2876 vos,
858 2824 886 2867 ot
902 2813 1116 2868 sicutsomniat
1132 2814 1245 2880 sitiens,
1262 2816 1291 2868 et
1300 2811 1386 2867 bibit.

86 2902 123 2940 rm
140 2901 226 2941 mane
241 2884 370 2940 diluculo
387 2883 578 2956 pertransibit
593 2883 622 2937 in
638 2883 684 2937 die
699 2888 728 2937 ot
738 2882 768 2938 in
857 2888 1065 3011 {etposteqdulem
1076 2880 1645 2957 tueritexpergefactus(Alevigilaverit),

88 2973 114 3024 e,
870 2972 987 3012 assues
1032 2973 1066 3012 uc
1082 2956 1155 3024 sitit,

86 3024 768 3085 tmodosolavexatioiutellectumdabitauditu.
858 3032 887 3082 et
899 3029 998 3084 anime
1012 3029 1077 3100 ejus
1091 3043 1181 3084 vacua
1196 3032 1256 3082 eat:

91 3105 183 3158 totum
201 3107 244 3156 est
261 3103 288 3155 in
305 3107 440 3170 stratum,
452 3100 493 3155 ita
509 3105 540 3154 ut
554 3099 627 3154 alter
642 3099 766 3165 decidat,
782 3121 803 3190 c
823 3099 869 3155 sle
885 3103 941 3155 orit
957 3099 1114 3155 multitudo
1130 3100 1261 3154 omnium
1278 3096 1408 3167 gentium

85 3173 144 3229 ium
171 3173 255 3228 breve
272 3175 428 3245 utrumque
450 3171 563 3244 operire
580 3187 636 3226 non
662 3177 765 3243 potest.
859 3188 922 3244 que
937 3172 1411 3228 dimicaveruntcontrementem
1426 3168 1508 3226 bion.

89 3260 116 3300 m
141 3243 171 3299 iu
189 3249 287 3300 moute
302 3245 477 3301 divisionum
494 3243 584 3298 stabit
602 3242 764 3299 Dominus:
821 3242 1033 3314 obstupescite,
1049 3248 1078 3299 et
1092 3241 1291 3308 admiramini,

86 3315 200 3386 nvetie,
218 3332 280 3388 qua
301 3322 345 3373 eet
359 3317 389 3372 in
405 3317 534 3386 Gabaon,
555 3316 707 3383 irascetur,
734 3320 766 3371 ut
858 3316 997 3372 fluctuate
1012 3320 1041 3372 et
1054 3315 1207 3371 vacillate:

86 3404 159 3461 opus
174 3404 275 3456 suum,
856 3386 1056 3458 inebriamini,
1073 3394 1101 3443 et
1118 3404 1175 3443 uon
1192 3403 1208 3442 a
1224 3384 1309 3443 vino:

86 3477 109 3515 m
127 3476 201 3534 opus
217 3461 298 3530 ejus:
857 3458 1027 3530 movemini,
1040 3462 1068 3514 et
1085 3476 1141 3516 uun
1157 3458 1194 3514 ab
1209 3457 1359 3513 ebrietate.

86 3538 158 3588 etur
173 3548 247 3603 opus
263 3547 350 3586 suum
821 3528 964 3594 Quoniam
980 3530 1101 3587 miscuit
1114 3530 1196 3587 vobis
1211 3527 1354 3586 Dominus
1369 3526 1506 3601 spiritum
1521 3524 1647 3600 soporis,

86 3606 162 3658 inum
175 3610 219 3658 est
231 3619 304 3674 opus
320 3604 356 3657 ab
369 3618 411 3658 en.
856 3602 975 3659 claudet
988 3604 1108 3659 occulos
1123 3607 1247 3666 vestros,
1264 3600 1423 3674 propbetas

88 3675 177 3732 nolite
192 3674 324 3730 illudere.
857 3680 884 3730 et
896 3674 1044 3758 principes
1054 3675 1194 3742 certmst,
1206 3673 1363 3744 quivident
1373 3670 1509 3738 visiones,
1521 3668 1644 3743 operiet.

86 3764 107 3804 :e
122 3747 361 3819 constringantur
376 3744 492 3801 vincula
506 3749 612 3800 vestra.
821 3750 853 3801 Et
868 3746 924 3802 erit
939 3745 1020 3801 vobis
1035 3745 1108 3802 visio
1125 3746 1258 3802 omnium

86 3820 234 3875 nationem
250 3819 328 3874 enim
345 3821 374 3872 et
388 3816 636 3873 abbreviationem
858 3818 935 3874 siout
948 3817 1038 3873 verbe
1053 3816 1120 3872 libri
1137 3817 1256 3891 signati,
1476 3884 1482 3895 ι

95 3891 247 3947 aDominn
265 3893 320 3945 ileo
335 3890 517 3944 exercituum
878 3905 943 3944 uem
960 3905 1026 3943 eum
1043 3889 1177 3945 dederint
1192 3885 1297 3944 scienti
1315 3885 1437 3956 litterae,
1454 3885 1572 3941 dicent:

85 3963 249 4019 universam
266 3966 385 4017 terrum.
855 3906 931 4033 lege
943 3960 1051 4015 istum:
1069 3965 1098 4016 et
1114 3958 1331 4039 respondebit:

92 4036 240 4107 percipite,
257 4040 285 4089 et
300 4032 398 4087 audite
419 4048 517 4087 vocem
536 4047 644 4100 meam,
854 4033 916 4088 Non
930 4047 1060 4103 possum,
1077 4032 1212 4104 signatus
1228 4033 1272 4086 est
1287 4044 1376 4085 eorm.
1618 4096 1625 4109 Ι

91 4112 127 4176 te,
143 4112 171 4162 et
186 4105 284 4162 audite
298 4105 446 4177 eloquium
464 4119 573 4159 meum.
856 4106 889 4161 Et
904 4103 1022 4159 dabitur
1036 4103 1110 4159 liber
1124 4101 1266 4160 nescienti
1277 4099 1400 4168 litteras,
1413 4097 1585 4170 diceturque
1600 4112 1626 4154 et

94 4183 154 4234 tota
178 4178 223 4232 die
239 4176 335 4233 arabit
346 4193 433 4232 araus
444 4180 476 4232 ut
493 4179 584 4242 serat,
596 4174 766 4247 proscindet
856 4178 949 4248 Lege:
965 4180 992 4231 et
1008 4176 1213 4247 respondebit:

87 4249 126 4306 iet
135 4250 260 4305 humum
275 4247 385 4305 suam‘l
854 4246 957 4304 Nescio
967 4248 1091 4303 litteras.

86 4338 125 4377 rm
139 4321 336 4392 adaequaverit
351 4319 454 4377 taciem
472 4319 544 4389 ejus,
560 4322 638 4374 seret
651 4317 724 4390 gith,
735 4321 764 4374 et
821 4321 853 4375 Et
868 4319 942 4376 dixit
956 4320 1118 4374 Dominus:
1136 4318 1173 4372 llo
1190 4317 1266 4389 quod
1284 4313 1502 4389 appropinquat
1516 4311 1646 4385 populus

93 4410 161 4451 num
176 4399 304 4477 sparget,
891 4392 945 4445 iste
961 4407 1010 4445 ore
1025 4406 1091 4457 eno,

86 4470 110 4521 et
126 4465 270 4522 trictroum
286 4480 337 4536 per
351 4463 496 4519 ordinem.
783 4498 805 4562 D
856 4466 884 4516 et
902 4461 987 4517 labiis
1003 4462 1066 4517 suis
1082 4460 1225 4534 glorificat
1241 4474 1297 4524 me,

86 4539 160 4592 leum
176 4536 338 4605 similium,
355 4541 382 4591 et
399 4535 501 4590 violam
518 4531 669 4588 infinibus
684 4531 766 4587 ruisi
857 4538 1020 4591 curantem
1036 4534 1101 4604 ejus
1116 4531 1200 4602 louge
1216 4535 1286 4587 este
1301 4544 1358 4596 me,
1381 4599 1386 4611 Ι
1621 4598 1628 4611 ·

86 4615 102 4662 t
117 4608 200 4664 illum
214 4609 336 4675 justicio,
855 4608 885 4660 et
912 4606 1075 4662 timuerunt
1092 4620 1137 4659 me
1151 4605 1287 4658 mandato
1307 4600 1462 4657 bominum
1478 4602 1507 4658 et
1535 4599 1644 4657 dactri-

86 4697 106 4736 ,s
121 4680 236 4735 docebit
251 4679 345 4734 illum.
892 4676 959 4732 uis:

85 4768 102 4806 n
122 4752 150 4805 in
168 4752 252 4807 terris
266 4748 452 4807 triturabitur
468 4747 542 4820 gith,
822 4747 889 4803 ldeo
900 4764 966 4804 soce
976 4762 1030 4820 ego
1042 4748 1146 4803 addam
1156 4741 1645 4816 utadmiretionemiaciempopulo

86 4839 111 4878 :a
126 4822 247 4895 plaustri
264 4838 353 4894 super
368 4819 515 4893 cyminum
532 4817 678 4884 circuibit,
892 4819 972 4887 huic,
990 4818 1130 4875 miraculo
1144 4817 1248 4890 grandi
1263 4821 1291 4872 et
1302 4816 1446 4889 stupendo
1466 4833 1474 4872 ι

90 4894 169 4968 virgo
187 4895 348 4950 excutietur
363 4892 436 4964 gith,
855 4891 963 4962 peribit
983 4891 1061 4946 enim
1074 4888 1438 4962 sapientiaasapieutibua

86 4968 166 5021 inum
179 4967 209 5022 in
225 4965 348 5021 baculo:
855 4967 884 5017 et
900 4962 1063 5018 intellectus
1080 4959 1553 5046 prudentiumejueabscondetur.
1648 5028 1651 5033 Ι

86 5043 178 5094 autem
194 5037 411 5094 comminuetur
427 5050 433 5089 :
820 5033 865 5087 Vs
881 5035 930 5104 qui
948 5033 1087 5090 Proiuudr
1100 5033 1173 5088 estis
1188 5033 1285 5099 corde,

86 5127 119 5166 ou
131 5109 160 5166 iu
173 5114 345 5183 perpetuum
357 5109 495 5163 triturans
506 5105 762 5175 triturabitillum,
855 5112 887 5159 ut
903 5123 918 5158 u
933 5105 1057 5161 Domino
1074 5104 1262 5160 abscondatis
1275 5102 1452 5159 consilium:

86 5183 204 5238 vexabit
218 5197 285 5237 eum
302 5183 365 5236 rota
380 5177 513 5252 plaustri.
856 5193 981 5248 quorum
997 5181 1067 5232 suut
1079 5178 1106 5231 in
1124 5175 1252 5231 tenebris
1269 5191 1365 5247 opera,
1381 5179 1410 5229 et
1425 5173 1544 5229 dieunt:
1644 5214 1647 5219 .

86 5410 109 5451 te
124 5400 186 5452 erat
201 5411 289 5467 penes
305 5393 441 5462 Martiae,
452 5397 658 5450 resumuntur:
669 5393 698 5449 iu
711 5394 763 5450 lle·
853 5397 864 5432 ³
879 5397 940 5452 Non
955 5398 1105 5455 interserit
1121 5398 1246 5465 Domine,
1265 5398 1312 5454 ubi
1329 5396 1425 5454 locum
1438 5395 1517 5451 buno
1527 5394 1641 5461 recitat,

94 5468 221 5538 reliquus
237 5465 326 5521 libros
342 5472 465 5532 tuream,
482 5471 535 5535 est,
552 5476 654 5526 tenuo.
818 5467 845 5522 in
863 5471 1076 5526 coarmanteriu
1091 5471 1120 5527 S.
1137 5474 1231 5541 Pater,
1248 5472 1298 5526 sed
1317 5475 1429 5525 tautum
1445 5466 1641 5534 babet,etbec

86 5554 134 5595 tou
145 5540 267 5613 pertinet,
285 5541 361 5609 quod
377 5539 459 5605 ,iuxta
483 5540 637 5593 Hebraeum
662 5536 761 5591 Hiero·
816 5558 834 5597 u
850 5541 903 5596 Deo
918 5545 1089 5599 exercituum
1102 5561 1109 5612 ;
1121 5543 1241 5599 omnino
1256 5543 1353 5600 verius
1367 5541 1403 5597 ad
1419 5540 1572 5598 uebreum
1589 5553 1638 5596 ex·

90 5610 238 5674 ranetulit,
253 5610 350 5666 Canon
376 5609 658 5665 San-Germaueneis
679 5608 761 5678 legit,
817 5611 940 5684 empler.
1189 5618 1192 5623 ⁴

86 5692 148 5738 uer.
165 5681 478 5753 Antiquissimus-vero
496 5683 584 5736 codex
601 5679 760 5736 bibliorum
853 5683 974 5740 ‘Canon
989 5686 1017 5739 S.
1034 5684 1169 5741 Germani
1179 5684 1260 5756 legit,
1277 5701 1333 5741 nou
1350 5688 1410 5740 tam
1422 5683 1647 5740 diversoeeueu

86 5770 137 5811 rnr.
153 5752 171 5809 3
187 5758 280 5810 utrum
305 5770 341 5809 ue
357 5754 462 5808 retinet
472 5752 642 5808 lectionem:
659 5748 761 5824 Nosse·
817 5771 906 5829 quem
922 5757 1037 5812 diversa
1051 5757 1164 5829 phrasi,
1180 5759 1205 5812 el
1215 5757 1353 5830 principes
1364 5759 1460 5824 uestri,
1472 5755 1525 5828 qut
1543 5753 1646 5811 uident

86 5826 283 5885 nonar-tetur.
318 5825 383 5896 XX,
395 5826 455 5882 Nou
465 5824 651 5896 confundente
662 5824 759 5881 Mser.
816 5828 945 5898 vuiouer,
958 5827 1218 5905 peribuntldauu.
