3870 6120
65 310 106 370 65
272 356 275 361 ,
773 298 1078 364 PROLHGOMHNA.
1740 306 1781 369 bb

63 443 149 506 ciam
165 461 232 501 ase
246 437 375 520 aliquid
399 436 543 499 mutuari
564 436 574 496 l
587 438 654 499 Non
671 437 763 498 aliter
777 433 940 502 GraeeieA
957 433 1040 495 modi
1067 440 1144 496 texrt
1172 436 1333 499 inbutam:
1376 439 1517 512 Quidam
1537 444 1647 515 frater
1674 448 1780 504 noster

64 541 267 604 exsultansa
291 537 410 599 Latinis
426 543 570 598 mutuata
587 541 644 606 est,
667 535 752 614 quod
768 533 900 595 studiosi
954 532 1125 613 episeopus,
1151 552 1220 593 crem
1235 534 1374 595 lectitari
1395 536 1588 599 instituisset
1610 538 1645 600 iu
1668 539 1780 602 Eccle-

67 646 141 720 posl
172 643 276 698 tantus
303 634 492 715 interpretes
520 652 583 694 non
610 633 799 705 fastidirent,
839 631 898 691 nisi
954 629 1015 705 sio,
1031 631 1084 689 cui
1092 637 1217 713 praest,
1243 631 1527 714 interpretationem
1556 642 1654 709 tnam,
1684 639 1780 700 mouit

68 735 245 817 suscipiens
272 732 513 796 translationem
549 731 826 811 Hieronymienam
861 729 900 790 de
954 726 1106 806 quiddam
1149 729 1245 809 longe
1265 729 1360 790 aliter
1387 729 1442 791 obs
1471 737 1499 792 te
1519 734 1662 816 positum
1695 737 1780 819 apud

68 835 205 898 Hebraeu
233 832 265 893 in
294 832 442 893 Latinum
467 830 596 902 editam,
639 847 735 909 quam
763 827 901 908 Sophro·
953 822 1062 889 Ionam
1083 823 1282 906 prophetam,
1302 846 1395 906 quam
1411 835 1478 889 erat
1507 831 1646 892 omnium
1674 835 1779 895 sensi·
1904 864 1907 869 ·

68 933 142 995 nius
167 936 314 992 Graecam
356 928 430 990 tecit
467 929 561 1008 juxta
594 926 795 1007 promissum,
836 944 899 1006 quo
955 919 1013 981 bus
1040 923 1254 1002 memoriaque
1279 924 1496 1002 inveteratum,
1523 934 1553 988 et
1581 934 1627 990 tot
1654 936 1780 992 atatam

66 1031 155 1112 apud
190 1029 418 1108 Hieronymum
447 1026 624 1099 tenebatur,
654 1023 901 1087 utilldemtacit
953 1020 1203 1082 successionibus
1218 1022 1427 1099 decantatum,
1445 1033 1505 1086 etc.
1520 1028 1568 1087 Hx
1579 1027 1639 1090 boc
1652 1033 1777 1108 Augus-

67 1125 213 1206 ejusdem
232 1122 425 1203 praelatioiu
446 1121 645 1183 Psalmorum
675 1120 803 1182 tibrum.
829 1124 899 1182 Me·
955 1118 1012 1179 tini
1040 1118 1110 1180 loeo
1140 1120 1234 1200 plane
1261 1121 1371 1200 liquet,
1402 1122 1572 1186 nonnullus
1600 1126 1633 1186 in
1664 1127 1779 1190 Atricue

66 1225 131 1305 juri
147 1222 255 1284 adhue
284 1220 388 1283 studio
416 1226 569 1300 susceptae
586 1225 658 1282 snut
672 1219 757 1299 apud
774 1219 901 1281 Latinos
954 1216 1098 1296 partibus
1134 1217 1300 1298 episcopos
1339 1219 1464 1299 privata
1490 1221 1624 1284 lectione
1651 1223 1779 1287 minime
1898 1254 1904 1263 ·

68 1330 101 1385 et
124 1324 288 1401 usurpata
317 1318 499 1399 Hieronymi
527 1317 748 1380 translationes
776 1335 814 1378 ex
841 1320 902 1378 He·
955 1319 1133 1389 contentus,
1176 1316 1470 1396 interpretationem
1512 1339 1626 1382 novam
1668 1322 1780 1386 Hiero·

68 1419 189 1482 braicis
207 1423 393 1498 prognatae:
411 1434 484 1478 nam
516 1416 657 1478 omnium
687 1415 900 1477 Eeclesiarum
955 1411 1043 1491 nymi
1061 1412 1094 1472 in
1122 1413 1186 1474 anis
1214 1414 1354 1477 eeclesiis
1380 1416 1508 1498 publice
1536 1415 1704 1499 legendam
1732 1419 1782 1482 in·

69 1538 127 1580 usu
144 1516 337 1598 quotidiano
352 1514 527 1577 celebratus
542 1514 648 1590 tuisse,
663 1514 751 1575 testis
778 1518 824 1575 est
853 1518 900 1575 ta·
954 1510 1215 1591 plenioremque
1244 1519 1317 1575 ante
1345 1532 1464 1576 aunum
1479 1515 1596 1578 Christi
1623 1519 1694 1593 ⁴03,
1716 1538 1781 1599 qno

67 1616 203 1677 marens
233 1612 354 1674 invidia
395 1611 511 1685 Rufini,
541 1611 597 1692 qui
632 1616 765 1691 propter
792 1610 900 1672 odium
955 1607 1073 1688 scripta
1101 1608 1215 1670 dicitur
1254 1612 1423 1690 Augustini
1451 1613 1585 1692 epistola
1625 1618 1677 1690 'll,
1713 1615 1782 1696 jam
1868 1680 1871 1685 ,

68 1711 213 1776 auctoris
242 1729 305 1773 non
336 1728 388 1771 eae
413 1710 507 1771 modo
535 1709 746 1789 repudiabat;
777 1708 831 1770 sed
868 1707 900 1768 in
954 1703 1095 1767 laudata.
1139 1707 1329 1770 Psalterium
1374 1729 1394 1771 a
1436 1717 1547 1774 saneto
1588 1713 1782 1795 Hieronymo

71 1830 154 1874 nora
182 1810 240 1871 illa
268 1808 371 1870 sancti
399 1807 538 1870 doctoris
565 1807 703 1869 editione
727 1806 847 1886 flagitia
876 1801 1145 1873 etlttranslatum
1162 1823 1199 1866 0¹
1215 1805 1347 1868 Hebraeo
1378 1824 1411 1869 ὅθ
1440 1825 1504 1870 ⁰0¹1
1533 1808 1650 1871 habere
1672 1811 1783 1873 scribit

70 1907 242 1988 marilegia
266 1910 448 1988 perpetrata
476 1924 543 1968 esse
574 1904 676 1967 voluit
702 1909 810 1966 oratur
837 1903 905 1985 ipse
958 1899 1041 1961 idem
1057 1904 1089 1962 S.
1106 1904 1223 1964 Ductor
1236 1903 1328 1983 epist.
1345 1905 1416 1978 261,
1432 1905 1473 1967 ad
1495 1907 1669 1969 Audacem.
1699 1908 1782 1970 lllud

70 2005 377 2070 criminosissimos:
394 2003 558 2074 lliauero,
589 2001 693 2083 inquit
719 2002 774 2063 lib.
805 2018 829 2062 ιι
856 2001 904 2063 ln·
958 2015 1033 2060 vero
1073 2003 1225 2079 tanquam
1265 2001 1437 2081 perlectam
1486 2002 1657 2066 editionem
1699 2005 1784 2068 Psal-

69 2105 205 2167 rectirae
234 2121 300 2164 suee
328 2101 360 2163 in
398 2103 637 2181 Hieronymum,
666 2118 733 2180 qun
760 2119 843 2159 nnnc
870 2104 904 2161 tu
959 2112 1083 2157 morum
1111 2097 1258 2160 Latinam
1285 2105 1420 2180 uterque
1445 2101 1607 2180 requirere
1643 2102 1780 2176 ridetur,

71 2201 307 2284 interpretaris,
345 2205 376 2260 et
395 2207 456 2283 per
483 2198 630 2260 eeclesias
645 2202 675 2258 et
702 2196 903 2276 monasterie,
958 2191 984 2253 si
999 2192 1037 2254 de
1053 2194 1165 2256 eodem
1193 2194 1348 2258 Psalteriu
1375 2197 1437 2259 ista
1464 2197 1701 2279 intelligamus:
1730 2200 1782 2263 Ite

71 2310 127 2369 per
154 2299 273 2381 oppida
299 2304 330 2358 et
364 2296 495 2390 castella
523 2295 726 2374 transmittis,
751 2293 904 2376 quomodo
958 2289 1044 2351 illud
1070 2290 1155 2373 quod
1178 2294 1349 2374 perfectum
1377 2299 1425 2354 est
1451 2301 1549 2356 tecum
1578 2316 1635 2359 nos
1662 2317 1783 2381 quoque
1889 2304 1906 2329 “’

72 2396 306 2480 suscipiemus?
343 2401 489 2474 tanquam
531 2393 653 2467 diuina,
682 2412 722 2452 an
755 2397 903 2473 tanquam
958 2387 1161 2468 requirimus.
1178 2389 1275 2452 Plura
1303 2409 1342 2454 ex
1369 2392 1544 2474 Augustino
1571 2394 1704 2459 interius
1730 2395 1780 2459 di·

74 2495 212 2557 lausana
226 2495 240 2555 i
256 2494 299 2555 Et
313 2493 553 2576 quidfacimus‚
568 2492 654 2574 qnod
674 2510 741 2573 qne
766 2490 903 2573 prophe·
957 2486 1058 2548 canda
1072 2493 1264 2569 supersunt3
1294 2496 1489 2574 quapropter
1515 2491 1564 2555 bis
1588 2511 1782 2560 commemo-

75 2599 178 2653 tarum
195 2592 244 2652 uel
259 2591 481 2672 legislatorum
510 2588 690 2652 nominibus
718 2589 901 2667 titulantur,
958 2583 1065 2645 randis
1091 2602 1176 2647 nune
1209 2587 1409 2668 supersedeo.
1458 2589 1582 2653 Laudat
1621 2592 1781 2674 praecipue

78 2691 201 2751 veriora
244 2688 307 2751 hee
330 2687 386 2751 obs
414 2694 452 2762 te,
479 2708 572 2770 quam
595 2686 655 2748 illa
679 2706 745 2768 qua
768 2685 904 2769 apostoli
959 2681 1167 2762 Hieronymus
1190 2683 1223 2744 in
1246 2685 1377 2748 Lacinio
1418 2687 1536 2750 Baetico
1564 2689 1720 2752 terrorem
1747 2695 1781 2753 et

73 2788 296 2870 probauerunt,
327 2784 560 2865 affirmantur?
586 2784 679 2845 istud
706 2783 902 2845 commissum
956 2779 1096 2841 studium
1111 2781 1357 2861 scripturarum,
1382 2803 1447 2864 qno
1475 2785 1610 2848 describi
1631 2787 1691 2850 sibi
1704 2788 1778 2852 iecit

78 2886 128 2946 dic
155 2884 314 2966 quomodo
343 2881 581 2944 emendabitur:
613 2882 675 2944 imo
708 2884 797 2959 nefas
824 2901 903 2963 quo·
956 2877 1110 2956 opuscula
1147 2895 1344 2960 quaecunque
1385 2883 1418 2944 S.
1460 2884 1577 2945 Ductor
1603 2884 1777 2948 dictaverat

79 2984 165 3044 modo
206 2981 418 3063 expiabitur?
454 2981 492 3041 Si
522 2981 604 3041 enim
648 2981 681 3041 in
718 2979 903 3063 explicanda
957 2974 1225 3039 abadolescentia
1247 2996 1347 3057 nsque
1375 2980 1407 3041 in
1436 2997 1554 3043 annum
1582 2981 1778 3046 Obristieir·

79 3080 289 3163 legealiqnid
304 3080 399 3140 aliter
435 3079 571 3140 sensisse
607 3077 786 3140 damnabile
820 3077 905 3161 apud
956 3073 1034 3135 citer
1048 3074 1106 3135 394
1123 3090 1130 3134 :
1148 3074 1314 3155 Hispanias
1344 3077 1428 3139 enim
1456 3085 1666 3161 occupaverat
1694 3100 1779 3162 pre-
1903 3072 1913 3085 '

80 3185 104 3238 te
142 3178 288 3255 ducitur,
345 3178 444 3245 ipsam
486 3177 587 3258 legem
647 3181 825 3260 pervertere
866 3175 899 3236 iu
915 3172 938 3243 (l
956 3171 1043 3233 clara
1056 3171 1239 3253 Hieronymi
1254 3192 1291 3235 ae
1305 3173 1373 3255 ejus
1401 3175 1656 3241 lucubrationum
1680 3180 1778 3243 tama.
1816 3253 1820 3260 Ι
1888 3206 1891 3211 ·

80 3277 169 3338 eliud
210 3295 304 3358 quom
348 3275 485 3359 apostoli
526 3275 739 3354 tradiderunt,
782 3274 903 3354 quoties
958 3270 1041 3331 unde
1055 3270 1236 3332 vehementi
1262 3272 1416 3336 desiderio
1444 3275 1591 3338 incensus
1617 3277 1779 3357 Lucinius,

80 3372 259 3434 intonabile
269 3372 485 3452 judicandum
500 3372 569 3433 est!
596 3374 678 3452 Ergo
707 3390 905 3452 quoquover·
957 3384 1013 3428 sex
1040 3367 1081 3429 ad
1119 3368 1344 3449 Hieronymum
1375 3371 1459 3434 misit
1473 3374 1626 3450 notarios,
1641 3376 1698 3456 qui
1724 3376 1780 3441 de·

80 3490 145 3534 snm
175 3472 361 3534 terebantur
394 3470 647 3550 Hieronymiauae
682 3470 904 3532 translationes
958 3466 1185 3546 seriptahujus
1213 3467 1402 3532 immortalia
1424 3470 1543 3551 ingenii
1575 3481 1782 3538 monuments
1897 3486 1901 3491 “

79 3589 130 3650 per
165 3570 319 3632 ecelesias
345 3575 377 3630 et
407 3569 609 3643 monasterie,
641 3587 698 3648 per
726 3567 845 3649 oppida
873 3570 905 3629 et
958 3563 999 3624 ad
1014 3581 1047 3625 se
1062 3565 1246 3644 perterrent.
1276 3567 1355 3630 Huic
1384 3570 1558 3633 rescribens
1572 3571 1783 3654 Hieronymus

80 3668 206 3730 castella
223 3667 417 3729 transmissa.
436 3669 551 3728 Earum
572 3666 766 3746 exemplaria
795 3669 904 3728 Romae
958 3678 1087 3723 suarum
1102 3662 1273 3743 Scriptura
1288 3665 1463 3730 editionum
1477 3668 1621 3732 meminit
1647 3669 1697 3733 bis
1710 3689 1783 3734 rer·

79 3766 319 3828 inveniebantur
358 3772 425 3826 tum
453 3763 540 3844 apud
575 3764 773 3826 doctissimos
807 3764 903 3840 viros,
959 3759 1031 3821 bis:
1052 3759 1211 3822 Canonem
1225 3761 1392 3826 Hebraico
1406 3766 1561 3841 veritatis,
1577 3774 1698 3851 excepto
1715 3767 1782 3830 Oa·

79 3872 142 3925 tum
170 3862 260 3944 apud
282 3881 336 3925 eos
364 3863 420 3943 qui
443 3863 618 3925 sanctitatis
647 3862 741 3924 lauda
769 3861 905 3925 calabra·
959 3857 1112 3937 intentabo,
1127 3878 1217 3940 quent
1231 3862 1363 3923 nuncin
1378 3862 1645 3946 manibusitabeo‚
1670 3866 1785 3948 pueris

80 3962 190 4023 tissimi
207 3962 337 4022 luerunt
360 3960 391 4021 in
407 3960 497 4022 urba,
525 3959 759 4033 Pammachius,
784 3960 905 4021 viano-
960 3956 1025 4014 luis
1048 3959 1078 4013 el
1105 3955 1241 4016 notoriis
1270 3956 1346 4018 dedi
1372 3957 1624 4022 describendum.
1653 3960 1784 4044 Septua-

81 4060 264 4132 bilissimus,
294 4057 383 4137 cujus
419 4058 451 4119 in
479 4058 576 4120 sacris
617 4058 730 4121 litteris
766 4058 906 4119 studium
958 4053 1053 4133 ginta
1069 4051 1276 4134 lnlerpreium
1291 4055 1459 4117 editionem
1474 4063 1503 4117 ei
1527 4062 1555 4117 ie
1576 4056 1693 4120 babere
1723 4078 1785 4120 nott

81 4157 293 4236 Hieronymus
320 4154 379 4215 eibi
408 4154 579 4234 aliquando
620 4155 770 4235 praetulit,
810 4155 907 4216 libros
961 4149 1082 4231 dubito,
1099 4156 1214 4212 etante
1239 4171 1339 4213 anuos
1355 4152 1518 4235 plurimos
1535 4155 1788 4237 diligentissime

79 4253 214 4315 sedecim
245 4251 475 4334 Prophetarum
499 4253 583 4332 apud
612 4271 645 4314 ae
660 4252 816 4315 habebat:
833 4271 905 4314 san·
961 4249 1152 4310 emendatam
1168 4250 1323 4312 studiosis
1352 4252 1488 4314 tradidi.
1519 4253 1643 4316 Nouum
1678 4255 1786 4318 Testa-

79 4361 129 4415 eta
159 4350 312 4413 Marcella
327 4351 473 4431 exempla
488 4350 560 4411 libri
579 4348 634 4417 iob
651 4371 657 4411 ε
674 4352 907 4413 sanutusPater
962 4352 1095 4408 mentum
1114 4346 1232 4408 Graece
1254 4348 1385 4411 reddidi
1407 4351 1601 4414 auctoritati.
1633 4352 1678 4416 Ut
1703 4354 1786 4416 euim

79 4447 239 4511 Homnien
267 4445 442 4508 Samuelem
470 4451 500 4506 et
513 4445 689 4508 Malacbim
703 4447 745 4526 Qin
760 4447 905 4509 Latinum
961 4451 1095 4507 ueterum
1111 4445 1264 4507 librorum
1277 4448 1368 4524 fides
1383 4448 1422 4509 de
1449 4448 1595 4512 Hebruis
1617 4451 1787 4514 uolumini·

80 4544 118 4606 de
133 4542 271 4606 Hebraeo
287 4560 432 4604 sermone
458 4560 625 4605 conversos
653 4543 799 4605 manibus
826 4562 903 4623 quo·
921 4546 943 4612 lt
960 4543 1017 4605 bus
1032 4544 1240 4606 examinanda
1261 4553 1318 4625 est,
1337 4547 1381 4607 ita
1392 4568 1540 4610 nouorum
1555 4548 1662 4612 Greci
1674 4571 1789 4613 sermo-

80 4642 156 4705 tidie
186 4641 322 4714 terebat,
351 4640 544 4702 otiabunda
568 4648 716 4704 testatum
745 4648 848 4703 exstat
875 4640 908 4702 in
962 4643 1013 4704 nis
1042 4662 1181 4704 normam
1209 4643 1378 4707 desiderat.
1402 4649 1543 4728 Excepto
1563 4647 1672 4728 itaque
1693 4651 1788 4714 Octa·

82 4739 217 4820 epistola
232 4740 272 4798 52
287 4738 328 4799 ad
351 4737 590 4799 Pammachium
610 4739 739 4820 scripta.
756 4739 908 4800 Eumdem
962 4740 1089 4816 tenebo,
1114 4760 1229 4804 novam
1258 4760 1296 4803 ex
1336 4744 1469 4806 Hebraee
1496 4746 1789 4826 interpretationem

83 4856 174 4900 naum
200 4837 288 4917 apud
318 4836 504 4897 Latinorum
534 4837 710 4919 episcopos,
747 4855 784 4899 ac
814 4837 910 4898 Italos
963 4839 1149 4918 Hieronymi
1192 4840 1414 4920 Hispaniarum
1457 4842 1603 4906 Ecclesia
1644 4863 1790 4926 suscepe-

85 4936 255 5017 preceipue,
283 4932 419 5013 probare
459 4941 595 5014 possunt
622 4935 769 5016 quaedam
793 4935 910 5016 presta·
963 4943 1039 4999 runt
1065 4937 1149 4999 circa
1173 4955 1291 4999 annum
1316 4939 1386 5002 395.
1409 4942 1535 5020 Parque
1549 4947 1597 5003 est
1625 4948 1661 5005 ut
1683 4942 1791 5006 creda·

83 5032 235 5096 tioneulre
259 5031 374 5093 veteris
400 5033 612 5094 testamenti:
637 5033 740 5114 ipsum
768 5032 909 5113 epistolae
965 5051 1034 5096 mus
1062 5034 1200 5114 priorem
1240 5033 1309 5114 etus
1336 5036 1507 5099 editionem
1550 5038 1791 5119 diligentissime

83 5142 114 5194 et
133 5128 292 5213 opuscula
318 5131 518 5195 nonnrrllaS.
549 5133 718 5212 Augustini
746 5133 910 5195 manileste
964 5131 1271 5212 emendatemjuxta
1297 5133 1392 5197 ltdem
1417 5137 1642 5217 Hexaplurum,
1668 5137 1792 5217 abqnut

83 5231 317 5293 demonstrant.
349 5231 466 5290 Narrat
491 5232 685 5309 Augustinus
700 5231 834 5312 epistola
860 5231 909 5305 71,
965 5229 1057 5292 annis
1084 5237 1158 5292 ante
1197 5230 1369 5293 adventum
1397 5234 1593 5298 notariorum
1622 5235 1731 5298 bucini
1757 5232 1790 5297 in

83 5329 168 5409 apud
196 5327 426 5405 Hieronymum
454 5328 505 5403 88,
535 5329 695 5408 quomodo
732 5329 911 5391 institutum
966 5328 1178 5406 Palaestinam,
1202 5328 1298 5392 luisse
1321 5331 1542 5413 pervulgatam
1570 5335 1655 5414 apud
1683 5333 1793 5413 Hispa·

83 5425 233 5488 essetab
275 5422 433 5485 Africana
475 5425 642 5505 eujusdam
671 5426 817 5488 aeclesis
846 5425 912 5505 epi·
967 5444 1025 5489 nos
1039 5432 1071 5489 et
1084 5432 1271 5507 usurpatam
1287 5428 1327 5490 ab
1350 5448 1462 5492 eurum
1490 5431 1649 5493 studiosis.
1679 5431 1715 5493 Id
1744 5438 1794 5495 eat

83 5542 193 5602 scopo,
211 5527 246 5583 ut
268 5538 351 5583 nore
366 5521 552 5605 Hieronymi
586 5523 805 5603 interpretatio
841 5543 913 5604 pro·
968 5523 1133 5587 manifesto
1158 5524 1297 5587 indicare
1327 5526 1475 5591 ridentur
1501 5527 1599 5591 rerba
1622 5527 1701 5591 haec.
1735 5527 1793 5590 Se-

84 5618 255 5699 plretarum
283 5617 315 5681 in
343 5617 483 5681 Ecclesia
508 5620 679 5698 legeretur,
704 5625 735 5682 et
762 5619 913 5698 hujusce·
959 5622 1136 5706 ptuagiuta
1150 5621 1359 5706 Interpretnm
1389 5623 1556 5686 editionem
1585 5633 1615 5691 et
1640 5632 1669 5690 te
1684 5625 1795 5691 babere
