3870 6120
60 324 119 381 649
748 330 854 386 unna
872 333 885 386 1
902 330 1094 390 sanantis.
1717 344 1771 401 650

62 450 277 526 praeoptatihi
292 450 664 525 [ms.tccettihl]dederim:
677 469 745 510 nam
756 459 785 512 et
796 454 894 528 pueris
909 458 936 525 A
951 457 986 514 tut
1003 459 1122 532 reliquit
1147 477 1197 519 eos
1226 468 1293 521 ante
1321 465 1425 523 taciem
1441 468 1516 539 ragis
1531 469 1616 528 Moab
1633 489 1640 528 :
1658 489 1771 531 manse·

65 541 185 600 condixi
196 540 323 599 inillam
334 540 458 598 stillum
470 540 578 597 locum.
590 541 674 600 Nunc
685 543 811 617 igitursi
824 545 894 617 quid
951 553 1077 621 rnntque
1089 552 1166 623 apud
1182 568 1248 608 eum
1278 555 1393 612 cunctis
1408 557 1524 625 diebus,
1548 560 1657 632 quihus
1681 562 1772 619 David

65 630 162 689 hahes
177 630 215 688 ad
230 646 364 699 manum,
376 629 420 687 vel
435 629 566 703 quinqua
578 647 677 703 panes,
694 632 731 688 da
746 632 829 690 mihi.
844 640 895 691 aut
948 635 1005 691 tuit
1019 637 1048 693 in
1067 640 1213 710 praesidio,
1227 641 1363 715 Dixitque
1377 644 1438 701 (iad
1454 648 1596 720 propheta
1609 652 1646 707 ad
1663 651 1771 709 David:

66 720 215 794 quidquid
226 718 385 776 inveneris.
400 718 436 775 nt
451 720 632 792 respondens
647 721 893 794 sacerdosjbavid,
948 726 1013 782 Noli
1029 743 1145 785 manere
1161 729 1190 785 in
1220 732 1365 802 presidio.
1388 735 1584 807 proficiscare,
1600 744 1628 795 et
1654 740 1726 798 vade
1741 740 1771 798 in

67 808 893 881 ait:Nonhaheopaneslaicosadmanum,eedtantum
947 820 1057 871 terram
1072 815 1158 873 luda.
1175 819 1210 874 ht
1238 821 1384 892 proiectus
1407 822 1496 880 David
1512 827 1634 883 venitin
1663 828 1771 885 saltum

63 916 175 973 panem
191 903 327 956 sanctum
345 914 352 953 :
369 898 394 954 si
410 899 513 954 mundi
533 903 603 955 sunt
626 899 719 972 puori,
736 901 862 957 maxime
878 918 895 956 a
948 904 1067 960 Hareth.
1084 907 1119 962 llt
1133 907 1245 964 audivit
1259 909 1327 966 Saul
1344 912 1421 982 quod
1438 916 1620 986 apparuisset
1628 917 1731 988 David,
1744 921 1773 975 ct

64 987 314 1055 mulieribustmr.
331 986 484 1055 muliero)‘l
494 987 688 1060 Etraspondit
698 988 894 1046 Davideaccr·
947 992 1000 1048 viri
1013 995 1064 1067 qui
1079 1003 1163 1052 erant
1178 1012 1244 1053 cum
1259 1014 1303 1056 eo.
1320 1000 1389 1056 Saul
1401 1005 1500 1059 autem
1512 1020 1578 1060 cum
1590 1010 1723 1063 maneret
1740 1008 1770 1064 in

64 1079 140 1150 doti,
156 1082 186 1135 et
209 1077 283 1134 dixit
296 1076 506 1148 sititquidem
518 1077 542 1132 si
554 1077 894 1152 demolierihusagitur,
948 1081 1056 1153 Gabar,
1084 1089 1114 1139 et
1139 1090 1217 1142 esset
1241 1086 1271 1142 in
1300 1104 1419 1145 nemore
1448 1092 1527 1163 quod
1551 1096 1597 1148 est
1624 1093 1652 1148 in
1669 1098 1762 1152 Rama
1870 1102 1905 1113 ''

64 1167 272 1226 continuimus
287 1182 341 1223 nos
356 1165 392 1222 ab
408 1165 471 1222 heri
486 1174 514 1221 et
534 1166 763 1237 nudiustertius,
775 1168 893 1239 qnando
950 1170 1064 1228 hastam
1082 1190 1170 1230 manu
1189 1179 1303 1242 tenens,
1334 1179 1491 1251 cunctique
1506 1181 1686 1254 servi⁸ejus
1714 1185 1772 1240 oir-

63 1256 305 1331 egrediebamur,
315 1260 344 1312 et
359 1255 478 1312 inerunt
493 1270 568 1319 ¹irrisa
594 1271 753 1327 puerorum
779 1261 892 1314 sancta.
948 1266 1221 1333 cumstarenteum,
1234 1265 1275 1321 ait
1296 1267 1332 1322 ad
1349 1283 1447 1324 servos
1471 1284 1551 1327 suos.
1577 1270 1626 1340 qui
1655 1272 1774 1329 assiste-

65 1346 157 1405 Porro
171 1347 219 1403 aia
233 1346 294 1402 hec
309 1343 421 1418 polluta
449 1343 548 1414 est[h.
565 1343 701 1402 vialaica
723 1350 784 1418 erit,
802 1348 895 1404 sodet
947 1348 1303 1426 hanteizauditetl'alq
1332 1356 1403 1412 odd.
1435 1361 1534 1429 nunc),
1561 1358 1614 1414 tilii
1638 1361 1772 1420 lamini:

67 1437 231 1511 ipsehodia
251 1433 527 1492 sanctificabiturin
550 1434 639 1490 vasis.
657 1435 743 1491 Dedit
771 1452 840 1507 ergo
866 1437 892 1493 ei
948 1439 1081 1510 uunquid
1099 1442 1238 1498 omnibus
1254 1444 1336 1500 vobis
1360 1446 1441 1502 dabit
1463 1440 1543 1504 filius
1571 1448 1626 1504 lsai
1643 1465 1729 1522 agros
1744 1454 1774 1508 et

66 1523 749 1598 sacerdossanctificatumpanem.Nequeenim
763 1524 895 1597 [hiledit
947 1527 1059 1594 vineas,
1076 1532 1105 1584 et
1120 1531 1270 1587 universos
1286 1549 1336 1589 vos
1367 1534 1453 1590 iaciat
1466 1535 1601 1594 trihunos
1614 1543 1643 1594 et
1671 1544 1773 1595 centu·

68 1617 176 1689 argaei
195 1614 331 1671 sacerdos
342 1612 537 1669 sanctitatem.
558 1612 657 1685 Neque
672 1613 761 1685 enirn]
776 1620 839 1671 arat
853 1616 892 1671 ihi
949 1618 1057 1684 rienes,
1074 1619 1214 1691 quoniam
1225 1621 1403 1692 conjurastis
1419 1639 1521 1682 omnes
1542 1625 1696 1684 adversum
1714 1644 1772 1697 mc,

69 1705 164 1778 panis,
182 1703 241 1760 nisi
254 1706 369 1758 tantum
380 1717 471 1774 panes
487 1701 706 1774 propositionis,
723 1704 773 1775 qui
785 1703 893 1760 sublati
948 1712 976 1763 et
991 1723 1047 1762 non
1064 1712 1109 1763 est
1123 1709 1173 1780 qui
1186 1708 1257 1764 mihi
1269 1712 1427 1777 renuntiet,
1440 1715 1566 1771 maximo
1576 1724 1678 1774 oumet
1693 1716 1773 1776 illius

71 1796 184 1853 lucrant
200 1811 218 1850 a
232 1792 305 1849 tacis
321 1792 445 1857 Domini,
462 1796 494 1846 nt
510 1796 688 1863 ponerentur
701 1809 791 1864 panes
806 1793 892 1848 calidi
948 1811 1032 1851 meus
1048 1795 1143 1852 foedus
1171 1797 1271 1852 inierit
1285 1799 1297 1833 ⁴
1310 1815 1377 1855 cum
1404 1800 1463 1858 filio
1475 1802 1531 1858 lsai
1544 1806 1556 1858 i
1567 1807 1630 1860 Non
1647 1809 1693 1862 est
1719 1806 1771 1878 qui

70 1883 133 1943 lirat
148 1888 250 1940 autem
266 1882 306 1937 ihi
320 1880 438 1953 quidem
450 1886 513 1955 [ms.
529 1884 597 1937 tacet
622 1882 785 1955 quidpiam]
800 1882 890 1939 virdo
947 1884 1038 1940 vicem
1057 1901 1152 1941 meam
1177 1885 1273 1942 doleat
1288 1904 1322 1943 ex
1346 1889 1440 1959 vohis,
1465 1907 1518 1947 nec
1539 1893 1589 1964 qui
1614 1895 1771 1951 annuntiet

73 1974 159 2031 servis
172 1971 283 2029 Saulin
298 1971 344 2026 die
360 1969 421 2038 illa,
437 1967 557 2026 intusin
573 1970 888 2027 tabernaculoDomini
944 1971 1071 2029 mihizeo
1082 1974 1442 2046 quodsuscitaveritfilins
1454 1996 1662 2038 mousservnm
1670 1998 1769 2039 meum

74 2062 225 2134 [obligatus
240 2060 433 2132 inconspectu
442 2058 558 2115 Domini
570 2061 797 2131 :etuomencjus
813 2065 890 2134 Doeg
944 2061 1099 2118 adversum
1112 2064 1362 2131 me,insidiantem
1370 2067 1768 2143 mihiusquehodiethsiout

73 2147 698 2222 idumaeuspotentissimuspastorumSaul.
708 2148 888 2205 Dixitautam
943 2148 1053 2221 hodie).
1069 2151 1366 2222 Respondensautem
1380 2160 1456 2228 [ioeg
1467 2158 1678 2233 idumeus,qui
1693 2161 1765 2218 assi·

72 2239 152 2297 david
168 2240 206 2296 ad
235 2235 487 2294 achimelech:Si
512 2237 602 2293 habas
632 2237 678 2293 hio
702 2239 737 2293 ad
766 2254 887 2294 manum
943 2240 1169 2303 siebat,etorat
1198 2240 1312 2312 primus
1338 2242 1415 2299 inter
1439 2260 1537 2301 servos
1551 2246 1619 2302 Saul
1643 2247 1684 2319 (h.
1716 2248 1768 2321 qui

69 2328 192 2395 hastam,
210 2332 261 2383 aut
274 2323 638 2400 gladiumiquiagladium
649 2342 747 2381 meum
763 2329 792 2381 et
806 2343 888 2382 arma
943 2328 1103 2384 assistebat
1118 2329 1377 2401 cumservisSaul)
1388 2332 1701 2407 :Vidi,iuquit‚tllium
1712 2337 1770 2394 lsai

66 2415 409 2487 mconontulitmecum,
420 2429 517 2469 sermo
528 2414 606 2469 enim
618 2414 695 2485 regis
707 2416 837 2485 urgebat.
854 2415 888 2470 itt
943 2416 973 2470 lu
990 2416 1080 2485 Nobe,
1096 2418 1172 2488 npnd
1186 2418 1373 2476 achimelech
1386 2419 1479 2478 illium
1495 2422 1685 2497 ahitobtl'atp
1699 2425 1768 2484 cdd.

62 2508 137 2565 dixit
152 2501 553 2573 sacerdostlicce¹gladiue
571 2501 686 2559 Goliath
716 2502 887 2573 Philisthni,
943 2505 1147 2576 sacerdotem).
1169 2506 1222 2570 Oui
1252 2510 1381 2565 consulit
1403 2526 1456 2582 pro
1486 2528 1518 2568 eo
1548 2514 1716 2581 Dominum,
1740 2519 1771 2572 et

56 2610 152 2667 quem
169 2593 340 2668 percussisti
355 2592 385 2649 in
401 2591 473 2647 valle
488 2591 668 2661 Terebinthi,
680 2597 725 2648 est
739 2591 888 2650 involutus
941 2592 1052 2648 cibaria
1068 2595 1148 2649 dedit
1163 2594 1189 2650 ei
1201 2613 1207 2651 ε
1220 2597 1271 2652 aed
1287 2602 1316 2653 ct
1329 2597 1462 2669 gladium
1478 2600 1592 2657 Goliath
1603 2601 1766 2659 Philisthaei

50 2685 150 2755 pallio
167 2689 234 2756 post
248 2681 359 2753 ephod:
375 2680 497 2737 siistum
512 2680 556 2735 vis
567 2679 680 2747 tollere,
694 2679 771 2737 tolle.
784 2671 883 2752 Neque
942 2681 1165 2739 dedititiiblisit
1175 2700 1243 2756 ergo
1255 2702 1304 2741 rex
1314 2688 1350 2741 ad
1362 2691 1569 2745 accersendum
1580 2690 1765 2748 achimelech

44 2775 140 2831 onim
154 2776 202 2831 eet
216 2773 264 2828 hic
278 2770 353 2831 alius
377 2771 489 2841 absquo
517 2786 560 2826 eo.
579 2771 612 2825 Et
627 2769 667 2826 ait
682 2771 792 2826 [invidt
824 2770 886 2827 Non
941 2768 1037 2826 lilium
1053 2770 1770 2852 Ahitobsacsrdotam,etomnemdomnmpatris

38 2875 102 2920 eat
116 2862 185 2921 huic
198 2862 272 2918 alter
286 2859 407 2927 similis,
429 2860 467 2915 da
482 2857 556 2914 mihi
578 2875 657 2916 eum.
678 2860 808 2916 Surrexit
831 2860 885 2917 ita·
941 2860 1006 2930 ejus
1022 2861 1219 2933 sacordotum,
1235 2863 1285 2934 qui
1300 2869 1384 2920 erant
1398 2864 1428 2920 in
1443 2866 1532 2933 Nobe,
1558 2866 1607 2937 qui
1621 2873 1772 2924 venerunt

37 2964 118 3023 que
132 2951 236 3015 David,
251 2956 280 3007 at
294 2949 369 3021 tagit
383 2949 412 3003 in
429 2948 476 3004 dia
491 2946 739 3016 illaalaoiossaul,
754 2951 886 3021 stianit,
942 2948 1071 3004 universi
1088 2950 1123 3005 ad
1140 2967 1248 3023 regem.
1264 2955 1297 3006 Et
1313 2952 1355 3007 ait
1368 2953 1437 3009 Saul
1452 2954 1531 3025 (Vutq
1542 2955 1604 3011 add.
1625 2956 1662 3012 ad
1677 2955 1764 3012 Achi-

32 3044 98 3098 nd
126 3041 212 3098 lehis
240 3055 338 3111 regem
367 3036 467 3097 Geth:
493 3037 685 3111 dixeruntque
728 3039 784 3095 ei¹
811 3038 887 3095 servi
942 3036 1085 3109 melech):
1113 3037 1764 3115 Audi,illiithitob.Quiresponditfflresto

30 3128 146 3188 Achis
160 3148 170 3186 .·
186 3129 326 3202 Nunquid
354 3142 411 3183 non
441 3127 495 3183 iste
523 3130 567 3182 eat
595 3126 686 3182 David
703 3143 752 3182 rex
776 3133 859 3183 terro
873 3128 888 3183 t
943 3141 1022 3198 sum,
1038 3126 1164 3183 domine.
1183 3127 1317 3200 Dixitque
1333 3129 1368 3186 ad
1386 3146 1453 3186 eum
1470 3131 1558 3188 Saul:
1576 3134 1670 3199 Quare
1694 3150 1767 3191 oon·

26 3228 157 3276 uonna
171 3217 241 3275 huic
255 3216 415 3273 cantabant
430 3232 481 3288 per
509 3215 624 3282 choros,
641 3215 772 3273 dicentes
790 3233 797 3272 ι
816 3217 879 3273 Per·
898 3194 920 3263 C
936 3215 1112 3285 jurastisth.
1139 3216 1314 3291 rebellastis)
1341 3219 1496 3276 adversum
1514 3237 1571 3290 me,
1586 3227 1618 3279 tu
1645 3222 1764 3281 attilius

26 3306 237 3365 euasissent
254 3304 346 3375 milla,
361 3310 390 3360 ct
399 3303 490 3361 David
503 3304 601 3359 decem
614 3303 733 3359 millia?
745 3305 789 3376 [T.
806 3305 884 3377 bxi]
939 3305 1008 3369 lsai,
1023 3309 1052 3360 et
1067 3305 1174 3362 dedisti
1190 3306 1216 3362 ei
1232 3323 1322 3379 panes
1338 3312 1367 3364 et
1381 3306 1524 3381 gladium,
1545 3316 1574 3367 et
1588 3312 1763 3370 consuluisti

28 3390 161 3453 Posuit
176 3400 275 3452 autam
290 3393 379 3449 David
390 3408 541 3449 sermones
556 3373 634 3450 istus
651 3392 680 3449 in
696 3394 782 3449 corde
794 3410 847 3450 suo
858 3399 887 3451 ct
939 3410 992 3467 pro
1008 3410 1040 3449 co
1056 3393 1160 3464 Deum,
1175 3400 1206 3450 ut
1231 3400 1423 3469 consurgeret
1433 3398 1587 3455 adversum
1603 3417 1666 3469 me,
1694 3400 1766 3459 insi·

27 3487 195 3543 extimuit
209 3483 322 3540 valdee
338 3481 410 3538 facie
424 3480 512 3538 achis
528 3482 606 3554 regis
624 3482 706 3538 Geth.
725 3484 759 3538 lit
772 3482 884 3538 immu-
939 3484 1036 3539 diator
1051 3500 1145 3556 usque
1157 3484 1244 3541 hodie
1259 3485 1299 3555 th.
1316 3485 1471 3543 insidiator
1491 3488 1569 3544 sicut
1584 3488 1683 3560 hodie)
1699 3508 1766 3562 per·

33 3568 133 3631 tavit
146 3592 179 3631 os
198 3589 287 3630 snum
303 3587 400 3628 coram
411 3571 464 3641 ois,
480 3575 509 3626 et
523 3569 808 3628 collabebatur-inter
823 3589 885 3628 ma·
939 3572 1087 3629 manans?
1103 3572 1352 3646 Respondensque
1366 3575 1634 3650 achimeleohregi,
1649 3579 1690 3635 ait
1706 3595 1713 3634 τ
1730 3580 1766 3636 lit

36 3668 247 3734 noseorum,
263 3667 292 3718 et
308 3660 489 3732 impingebat
503 3659 532 3714 in
555 3660 632 3715 ostia
660 3664 759 3731 portas,
776 3661 886 3718 denua·
939 3660 1007 3732 quis
1022 3661 1050 3715 in
1064 3662 1202 3718 omnibns
1218 3663 1310 3718 servis
1323 3664 1394 3732 tuis,
1412 3664 1488 3720 sicut
1504 3665 1596 3722 David
1613 3666 1719 3738 tidelis,
1735 3671 1765 3724 et

38 3738 192 3826 benique
206 3749 303 3807 salivas
327 3751 392 3821 ejus
408 3753 437 3804 in
451 3748 583 3804 horbam.
607 3749 643 3805 Et
669 3749 711 3804 ait
736 3749 822 3806 bohis
848 3751 884 3806 ad
938 3747 1121 3819 generregis,
1135 3749 1764 3825 atpergcusadimpsrinn:tuum,etglorro·

36 3844 257 3898 Bomossoos:
287 3838 405 3898 Vidistis
433 3835 583 3893 hominem
612 3836 770 3894 insanum:
795 3855 885 3910 quare
938 3835 1288 3895 susiudornotuaittum
1311 3838 1645 3911 hodiecoapiconsulsrs
1668 3858 1764 3914 proco

43 3930 227 3986 {dduxistis
242 3944 310 3985 eum
326 3928 363 3983 ad
388 3943 435 3983 me
449 3928 464 3981 ‘i
478 3932 522 3981 tin
547 3927 655 3982 dosunt
670 3926 755 3983 nohis
770 3927 884 3998 luriosi,
939 3923 1049 3979 Deum
1063 3925 1140 3979 absit
1155 3924 1238 3980 hoca
1253 3941 1309 3995 me,
1325 3942 1361 3981 uo
1375 3927 1542 3999 suspicetur
1558 3945 1609 3985 rex
1623 3929 1763 3988 adversus

45 4019 138 4085 quod
153 4015 359 4074 introduxistis
374 4014 474 4081 istum,
492 4018 524 4071 ut
539 4014 646 4071 iuraret
661 4031 708 4071 me
720 4016 885 4087 praesentat
937 4029 1054 4069 servum
1070 4030 1156 4069 suum
1171 4029 1233 4069 rem
1245 4014 1460 4085 hujuscemodi,
1480 4016 1508 4073 in
1525 4017 1661 4074 univorsa
1676 4019 1763 4076 domo

48 4092 172 4164 hiscine
184 4106 369 4178 ingredietur
382 4104 504 4159 domum
516 4102 637 4159 meam?
937 4101 1030 4174 patris
1046 4102 1101 4157 mai
1116 4120 1122 4170 ;
1141 4120 1197 4158 non
1213 4102 1290 4159 enim
1307 4105 1392 4159 scivit
1406 4120 1509 4161 servus
1528 4110 1597 4162 tons
1610 4107 1761 4179 quidpiam

99 4196 137 4269 [Τ.
148 4195 234 4265 nitu,
250 4194 315 4263 Cap.
331 4193 432 4262 XXIL]
460 4192 539 4248 Abiit
558 4207 627 4264 crgo
640 4191 708 4248 iudo
737 4193 838 4261 David,
855 4197 884 4252 et
937 4207 1026 4263 super
1041 4190 1096 4247 hcc
1111 4192 1238 4263 negotio,
1254 4191 1298 4247 vel
1314 4192 1462 4248 modicum
1474 4193 1517 4249 vel
1532 4196 1652 4266 grande.
1670 4196 1760 4253 [lixit-

57 4276 134 4357 !ogit
145 4286 185 4359 [h.
198 4284 302 4356 evasit]
311 4281 519 4355 inspelunoam
529 4279 661 4338 Odollam
674 4281 712 4349 [h.
723 4282 882 4358 Adollam].
937 4296 994 4352 qua
1008 4296 1057 4335 rex
1069 4295 1076 4334 :
1089 4280 1180 4337 llorte
1191 4280 1335 4350 morieris,
1358 4280 1558 4353 achimelech,
1569 4288 1611 4353 tu,
1626 4289 1654 4341 et
1665 4286 1761 4343 omnis

63 4371 136 4436 Quod
152 4390 220 4431 oum
237 4373 391 4428 audissent
411 4372 514 4427 tratres
529 4371 604 4442 ejus,
621 4375 649 4426 et
664 4370 761 4427 omnis
776 4371 883 4431 domus
937 4369 1042 4425 domna
1059 4369 1151 4440 patris
1165 4368 1219 4424 tui.
1229 4369 1264 4424 nt
1274 4368 1315 4425 ait
1328 4386 1379 4426 rex
1389 4371 1560 4440 emissariis,
1575 4373 1624 4445 qui
1636 4373 1762 4431 circurn-

65 4463 146 4530 patris
161 4464 240 4534 ejus,
257 4459 472 4516 descenderunt
486 4458 522 4514 ad
534 4474 601 4514 eum
615 4456 695 4514 illuc.
708 4458 741 4514 na
756 4476 882 4517 conven·
937 4458 1371 4531 stabantsum:convortimini,
1383 4465 1411 4516 et
1429 4461 1583 4519 interlinita
1595 4464 1762 4520 sacerdotes

69 4557 163 4609 nerunt
177 4552 214 4607 ad
230 4566 298 4606 eum
321 4564 424 4605 omnes
439 4546 489 4619 qui
505 4551 588 4603 erant
603 4548 633 4603 in
662 4549 797 4620 angustia
813 4567 882 4607 con·
897 4573 922 4637 D
938 4547 1071 4616 Domini3
1089 4564 1156 4603 nam
1170 4564 1276 4604 manus
1286 4564 1386 4604 eorum
1398 4566 1465 4606 cum
1479 4551 1570 4607 David
1582 4556 1628 4609 est
1643 4567 1651 4609 ι
1667 4551 1764 4609 scien·

68 4640 167 4708 stituti,
183 4646 212 4696 et
228 4637 361 4712 oppressi
377 4652 432 4693 oro
446 4635 552 4703 alieno,
563 4641 593 4692 et
615 4653 712 4694 amaro
730 4640 840 4709 animo,
855 4646 884 4696 et
938 4641 983 4694 tes
994 4637 1072 4709 quod
1086 4637 1218 4709 fugisset,
1231 4635 1587 4697 nonindicavarnntmihi.
1599 4640 1764 4699 Noluerunt

64 4727 152 4787 baua
166 4734 323 4786 esteornm
336 4726 669 4799 princeps,tueruntque
680 4742 786 4784 eumco
798 4730 883 4802 quasi
939 4731 1036 4783 autom
1052 4725 1126 4782 servi
1142 4725 1219 4799 regis
1229 4726 1512 4785 extendercmanum
1524 4745 1608 4786 snam
1620 4730 1650 4786 in
1665 4746 1764 4788 sacer·

63 4818 263 4891 quadringenti
275 4815 339 4872 viri.
364 4817 399 4871 Et
413 4815 561 4888 proiectus
584 4821 628 4871 est
652 4815 744 4872 David
770 4817 883 4875 indein
940 4815 1022 4871 dotes
1037 4812 1165 4870 Domini.
1196 4814 1286 4870 Etait
1312 4831 1361 4871 rex
1376 4820 1475 4889 Doeg:
1506 4816 1645 4876 Converte
1660 4823 1704 4888 to,
1733 4823 1762 4877 et

60 4906 189 4982 Eupho,
205 4920 269 4978 quat
279 4908 319 4962 ast
334 4904 373 4973 th.
405 4920 462 4959 non
478 4903 578 4975 hahet)
593 4905 688 4973 ltoab,
714 4911 743 4962 et
759 4907 831 4964 dixit
846 4909 882 4964 ad
939 4902 1018 4960 irruo
1029 4903 1244 4960 insaocrdotes.
1257 4904 1303 4965 (Τ.
1315 4904 1426 4973 extu.)
1448 4905 1669 4981 Convsrsueque
1683 4914 1762 4979 Doeg

57 5012 153 5066 regem
166 4995 251 5054 Moab
268 4992 414 5061 :Maneat
430 5008 493 5059 oro,
520 5001 602 5064 potor
630 5008 712 5050 mene
734 5000 763 5052 at
791 5001 884 5054 mater
938 4994 1082 5049 ldumaeus
1094 4993 1116 5063 ¹,
1127 4991 1248 5048 irruitin
1259 4994 1435 5065 secerdotes,
1449 5000 1479 5052 et
1490 4997 1648 5054 trucidavit
1669 4997 1699 5052 in
1713 4995 1762 5052 die

55 5100 123 5144 mea
136 5083 304 5154 vobiscum,
316 5083 407 5139 donec
418 5081 509 5139 sciam
526 5080 598 5152 quid
609 5081 698 5140 faciat
709 5084 882 5145 mihinaua.
938 5081 989 5139 illa
1002 5081 1285 5154 octogintaquinque
1298 5083 1377 5141 viros
1391 5083 1512 5143 vestitos
1537 5086 1632 5159 ephod
1651 5084 1728 5141 lineo
1752 5082 1763 5119 ⁸

87 5248 98 5285 ¹
115 5244 174 5303 lde.
189 5247 352 5302 veronens.
369 5241 624 5311 wunebaldum,
641 5244 718 5315 qnod
744 5262 838 5318 neque
852 5246 882 5303 io
939 5261 996 5301 non
1009 5241 1197 5300 assentiento.

50 5318 177 5377 llehraeo
212 5321 266 5373 ost.
310 5314 428 5398 vulgati
467 5312 533 5387 plus
570 5313 690 5384 habent,
728 5318 794 5374 Ecce
829 5319 883 5376 bic.
974 5315 1076 5371 ‘tidem
1091 5313 1442 5388 mos.,Foedusj1cnxerit,
1460 5322 1515 5374 etc.

83 5390 97 5427 ⁸
121 5388 242 5445 addunt
263 5385 381 5459 Vulgatr
399 5385 464 5442 libri
490 5385 588 5449 verba,
606 5385 714 5443 adeam
729 5406 790 5445 cum
801 5390 886 5446 aridis·
974 5388 986 5423 ⁸
1002 5387 1032 5442 ln
1042 5403 1097 5442 ms.
1109 5385 1281 5456 Veronensi,
1305 5388 1385 5458 Dosa,
1396 5389 1474 5460 quod
1490 5385 1760 5469 draotpratarunt,

46 5467 115 5520 sent
130 5460 229 5529 maid,
242 5475 307 5542 quae
322 5474 418 5530 neque
434 5456 522 5513 Hehr.
539 5462 647 5523 textus,
678 5476 730 5516 noc
743 5461 885 5535 Hierony·
940 5458 1083 5542 ex'iisque
1099 5463 1210 5514 veteres
1229 5458 1331 5528 belini,
1348 5459 1418 5530 quin
1435 5464 1464 5514 et
1483 5458 1546 5530 ipse
1561 5457 1764 5540 Hieronymus,

47 5538 883 5673 0tttlttlttttttttttttttnn„meran,
940 5528 1361 5673 ⁰liittltttlttiltlt
1375 5527 1766 5670 iilldllafftllllmtai

45 5676 123 5734 cccii
141 5673 245 5747 legant
260 5689 316 5746 pao
340 5671 423 5742 acroi,
442 5672 564 5729 Hebraeo
590 5677 689 5730 tamen
713 5677 885 5743 textntttnt
939 5672 1067 5731 editions
1082 5687 1139 5727 nou
1160 5672 1219 5741 teti,
1235 5670 1285 5725 sad
1301 5674 1328 5736 8,
1345 5675 1480 5744 ponetur,
1511 5670 1644 5726 eamdem
1674 5671 1764 5727 hahes

213 5792 345 5857 Parnon.
370 5787 504 5854 xxvttt.
1570 5792 1617 5852 nt
