<?xml version="1.0" encoding="UTF-8"?>
<!DOCTYPE html PUBLIC "-//W3C//DTD XHTML 1.0 Transitional//EN"
    "http://www.w3.org/TR/xhtml1/DTD/xhtml1-transitional.dtd">
<html xmlns="http://www.w3.org/1999/xhtml" xml:lang="en" lang="en">
 <head>
  <title>
</title>
<meta http-equiv="Content-Type" content="text/html;charset=utf-8" />
  <meta name='ocr-system' content='tesseract 3.04.00' />
  <meta name='ocr-capabilities' content='ocr_page ocr_carea ocr_par ocr_line ocrx_word'/>
</head>
<body>
  <div class='ocr_page' id='page_1' title='image "./patrologiaecurs13goog_0582.png"; bbox 0 0 3878 6150; ppageno 0'>
   <div class='ocr_carea' id='block_1_1' title="bbox 114 138 1818 235">
    <p class='ocr_par' dir='ltr' id='par_1_1' title="bbox 114 138 1818 235">
     <span class='ocr_line' id='line_1_1' title="bbox 114 138 1818 235; baseline -0.001 0"><span class='ocrx_word' id='word_1_1' title='bbox 114 174 185 235; x_wconf 81' lang='lat' dir='ltr'><strong>tt57</strong></span> <span class='ocrx_word' id='word_1_2' title='bbox 307 138 311 143; x_wconf 67' lang='grc'><strong>’</strong></span> <span class='ocrx_word' id='word_1_3' title='bbox 431 152 433 157; x_wconf 75' lang='grc'>’</span> <span class='ocrx_word' id='word_1_4' title='bbox 870 176 976 233; x_wconf 76' lang='lat' dir='ltr'><strong>ranna</strong></span> <span class='ocrx_word' id='word_1_5' title='bbox 994 174 1066 233; x_wconf 80' lang='lat' dir='ltr'><strong>con.</strong></span> <span class='ocrx_word' id='word_1_6' title='bbox 1748 175 1818 234; x_wconf 83' lang='lat' dir='ltr'><strong>nse</strong></span> 
     </span>
    </p>
   </div>
   <div class='ocr_carea' id='block_1_2' title="bbox 107 296 1814 1159">
    <p class='ocr_par' dir='ltr' id='par_1_2' title="bbox 114 296 1814 522">
     <span class='ocr_line' id='line_1_2' title="bbox 114 296 1731 376; baseline 0.001 -18"><span class='ocrx_word' id='word_1_7' title='bbox 114 302 178 358; x_wconf 88' lang='lat' dir='ltr'><strong>Non</strong></span> <span class='ocrx_word' id='word_1_8' title='bbox 196 298 309 355; x_wconf 82' lang='lat' dir='ltr'><strong>recolet</strong></span> <span class='ocrx_word' id='word_1_9' title='bbox 324 297 359 353; x_wconf 78' lang='lat' dir='ltr'><strong>ilc</strong></span> <span class='ocrx_word' id='word_1_10' title='bbox 376 296 522 353; x_wconf 86' lang='lat' dir='ltr'><strong>tenebris:</strong></span> <span class='ocrx_word' id='word_1_11' title='bbox 952 303 978 368; x_wconf 73' lang='grc' dir='ltr'>Α</span> <span class='ocrx_word' id='word_1_12' title='bbox 997 300 1067 355; x_wconf 79' lang='lat' dir='ltr'><strong>Ecce</strong></span> <span class='ocrx_word' id='word_1_13' title='bbox 1080 298 1158 354; x_wconf 88' lang='lat' dir='ltr'><strong>enim</strong></span> <span class='ocrx_word' id='word_1_14' title='bbox 1175 298 1276 354; x_wconf 84' lang='lat' dir='ltr'><strong>breves</strong></span> <span class='ocrx_word' id='word_1_15' title='bbox 1290 296 1343 368; x_wconf 66' lang='lat' dir='ltr'><strong>(ll.</strong></span> <span class='ocrx_word' id='word_1_16' title='bbox 1361 296 1451 370; x_wconf 85' lang='lat' dir='ltr'><strong>brevi)</strong></span> <span class='ocrx_word' id='word_1_17' title='bbox 1466 296 1535 354; x_wconf 86' lang='lat' dir='ltr'><strong>anni</strong></span> <span class='ocrx_word' id='word_1_18' title='bbox 1549 303 1731 376; x_wconf 88' lang='lat' dir='ltr'><strong>transecunt,</strong></span> 
     </span>
     <span class='ocr_line' id='line_1_3' title="bbox 149 369 1814 452; baseline 0.004 -25"><span class='ocrx_word' id='word_1_19' title='bbox 149 388 248 427; x_wconf 86' lang='lat' dir='ltr'><strong>ramos</strong></span> <span class='ocrx_word' id='word_1_20' title='bbox 262 372 327 442; x_wconf 85' lang='lat' dir='ltr'><strong>ejus</strong></span> <span class='ocrx_word' id='word_1_21' title='bbox 341 369 479 425; x_wconf 73' lang='lat' dir='ltr'><strong>arefaciet</strong></span> <span class='ocrx_word' id='word_1_22' title='bbox 495 373 627 437; x_wconf 90' lang='lat' dir='ltr'><strong>flamma,</strong></span> <span class='ocrx_word' id='word_1_23' title='bbox 1029 379 1058 429; x_wconf 87' lang='lat' dir='ltr'><strong>et</strong></span> <span class='ocrx_word' id='word_1_24' title='bbox 1073 371 1220 437; x_wconf 79' lang='lat' dir='ltr'>semitam,</span> <span class='ocrx_word' id='word_1_25' title='bbox 1245 387 1295 452; x_wconf 84' lang='lat' dir='ltr'><strong>per</strong></span> <span class='ocrx_word' id='word_1_26' title='bbox 1309 385 1397 441; x_wconf 85' lang='lat' dir='ltr'><strong>quatu</strong></span> <span class='ocrx_word' id='word_1_27' title='bbox 1412 387 1470 426; x_wconf 90' lang='lat' dir='ltr'><strong>noa</strong></span> <span class='ocrx_word' id='word_1_28' title='bbox 1486 378 1622 444; x_wconf 88' lang='lat' dir='ltr'><strong>revertar,</strong></span> <span class='ocrx_word' id='word_1_29' title='bbox 1646 377 1814 436; x_wconf 89' lang='lat' dir='ltr'><strong>ambulabo.</strong></span> 
     </span>
     <span class='ocr_line' id='line_1_4' title="bbox 150 439 1655 522; baseline 0.001 -22"><span class='ocrx_word' id='word_1_30' title='bbox 150 450 179 500; x_wconf 92' lang='lat' dir='ltr'><strong>ct</strong></span> <span class='ocrx_word' id='word_1_31' title='bbox 194 442 342 499; x_wconf 75' lang='lat' dir='ltr'><strong>auferetur</strong></span> <span class='ocrx_word' id='word_1_32' title='bbox 357 439 480 512; x_wconf 86' lang='lat' dir='ltr'><strong>spiritus</strong></span> <span class='ocrx_word' id='word_1_33' title='bbox 496 440 555 496; x_wconf 91' lang='lat' dir='ltr'><strong>cris</strong></span> <span class='ocrx_word' id='word_1_34' title='bbox 569 440 628 497; x_wconf 88' lang='lat' dir='ltr'><strong>sui.</strong></span> <span class='ocrx_word' id='word_1_35' title='bbox 994 448 1073 522; x_wconf 72' lang='lat' dir='ltr'><strong>(unp.</strong></span> <span class='ocrx_word' id='word_1_36' title='bbox 1089 441 1188 513; x_wconf 72' lang='lat' dir='ltr'><strong>livii.)</strong></span> <span class='ocrx_word' id='word_1_37' title='bbox 1202 442 1329 513; x_wconf 78' lang='lat' dir='ltr'><strong>Spiritus</strong></span> <span class='ocrx_word' id='word_1_38' title='bbox 1345 457 1428 497; x_wconf 88' lang='lat' dir='ltr'><strong>meus</strong></span> <span class='ocrx_word' id='word_1_39' title='bbox 1443 445 1655 513; x_wconf 70' lang='lat' dir='ltr'><strong>attenuabitur,</strong></span> 
     </span>
    </p>

    <p class='ocr_par' dir='ltr' id='par_1_3' title="bbox 110 512 1610 660">
     <span class='ocr_line' id='line_1_5' title="bbox 110 512 1610 584; baseline -0.003 -12"><span class='ocrx_word' id='word_1_40' title='bbox 110 513 175 572; x_wconf 85' lang='lat' dir='ltr'><strong>Nou</strong></span> <span class='ocrx_word' id='word_1_41' title='bbox 191 514 290 570; x_wconf 89' lang='lat' dir='ltr'><strong>credat</strong></span> <span class='ocrx_word' id='word_1_42' title='bbox 306 513 414 568; x_wconf 88' lang='lat' dir='ltr'><strong>frustra</strong></span> <span class='ocrx_word' id='word_1_43' title='bbox 428 526 526 568; x_wconf 91' lang='lat' dir='ltr'><strong>errore</strong></span> <span class='ocrx_word' id='word_1_44' title='bbox 540 512 608 569; x_wconf 90' lang='lat' dir='ltr'><strong>deco</strong></span> <span class='ocrx_word' id='word_1_45' title='bbox 632 516 691 584; x_wconf 90' lang='lat' dir='ltr'><strong>tus,</strong></span> <span class='ocrx_word' id='word_1_46' title='bbox 1030 517 1094 573; x_wconf 90' lang='lat' dir='ltr'><strong>dies</strong></span> <span class='ocrx_word' id='word_1_47' title='bbox 1110 513 1168 569; x_wconf 89' lang='lat' dir='ltr'><strong>mei</strong></span> <span class='ocrx_word' id='word_1_48' title='bbox 1183 512 1401 582; x_wconf 78' lang='lat' dir='ltr'><strong>breviabuntur,</strong></span> <span class='ocrx_word' id='word_1_49' title='bbox 1608 540 1610 543; x_wconf 95' lang='lat'>·</span> 
     </span>
     <span class='ocr_line' id='line_1_6' title="bbox 148 529 1604 660; baseline 0.001 -19"><span class='ocrx_word' id='word_1_50' title='bbox 148 586 228 659; x_wconf 93' lang='lat' dir='ltr'><strong>qaod</strong></span> <span class='ocrx_word' id='word_1_51' title='bbox 246 585 347 655; x_wconf 89' lang='lat' dir='ltr'><strong>aliquo</strong></span> <span class='ocrx_word' id='word_1_52' title='bbox 362 583 454 655; x_wconf 90' lang='lat' dir='ltr'><strong>pretio</strong></span> <span class='ocrx_word' id='word_1_53' title='bbox 471 529 660 640; x_wconf 58' lang='lat' dir='ltr'><strong>redimemfus</strong></span> <span class='ocrx_word' id='word_1_54' title='bbox 676 583 725 641; x_wconf 87' lang='lat' dir='ltr'><strong>sit.</strong></span> <span class='ocrx_word' id='word_1_55' title='bbox 1031 594 1060 645; x_wconf 90' lang='lat' dir='ltr'><strong>et</strong></span> <span class='ocrx_word' id='word_1_56' title='bbox 1072 586 1168 641; x_wconf 92' lang='lat' dir='ltr'><strong>solum</strong></span> <span class='ocrx_word' id='word_1_57' title='bbox 1185 583 1257 641; x_wconf 89' lang='lat' dir='ltr'><strong>mihi</strong></span> <span class='ocrx_word' id='word_1_58' title='bbox 1273 589 1408 657; x_wconf 78' lang='lat' dir='ltr'><strong>superest</strong></span> <span class='ocrx_word' id='word_1_59' title='bbox 1422 584 1604 660; x_wconf 89' lang='lat' dir='ltr'><strong>sepulcrum,</strong></span> 
     </span>
    </p>

    <p class='ocr_par' dir='ltr' id='par_1_4' title="bbox 110 653 1748 797">
     <span class='ocr_line' id='line_1_7' title="bbox 110 653 1202 740; baseline -0.004 -26"><span class='ocrx_word' id='word_1_60' title='bbox 110 658 275 730; x_wconf 77' lang='lat' dir='ltr'><strong>Antequam</strong></span> <span class='ocrx_word' id='word_1_61' title='bbox 290 656 353 711; x_wconf 91' lang='lat' dir='ltr'><strong>dies</strong></span> <span class='ocrx_word' id='word_1_62' title='bbox 368 656 433 725; x_wconf 90' lang='lat' dir='ltr'><strong>ejus</strong></span> <span class='ocrx_word' id='word_1_63' title='bbox 448 653 638 726; x_wconf 84' lang='lat' dir='ltr'><strong>impleantur,</strong></span> <span class='ocrx_word' id='word_1_64' title='bbox 655 654 782 728; x_wconf 83' lang='lat' dir='ltr'><strong>peribit:</strong></span> <span class='ocrx_word' id='word_1_65' title='bbox 995 662 1059 719; x_wconf 84' lang='lat' dir='ltr'><strong>Non</strong></span> <span class='ocrx_word' id='word_1_66' title='bbox 1074 655 1202 740; x_wconf 88' lang='lat' dir='ltr'><strong>peceavi,</strong></span> 
     </span>
     <span class='ocr_line' id='line_1_8' title="bbox 151 726 1748 797; baseline 0.001 -11"><span class='ocrx_word' id='word_1_67' title='bbox 151 734 182 786; x_wconf 93' lang='lat' dir='ltr'><strong>et</strong></span> <span class='ocrx_word' id='word_1_68' title='bbox 197 744 302 784; x_wconf 89' lang='lat' dir='ltr'><strong>manus</strong></span> <span class='ocrx_word' id='word_1_69' title='bbox 318 728 382 797; x_wconf 89' lang='lat' dir='ltr'><strong>ejus</strong></span> <span class='ocrx_word' id='word_1_70' title='bbox 396 730 538 794; x_wconf 70' lang='lat' dir='ltr'><strong>arescere</strong></span> <span class='ocrx_word' id='word_1_71' title='bbox 858 792 861 797; x_wconf 37' lang='grc'><strong><em>,</em></strong></span> <span class='ocrx_word' id='word_1_72' title='bbox 1031 737 1060 788; x_wconf 86' lang='lat' dir='ltr'><strong>et</strong></span> <span class='ocrx_word' id='word_1_73' title='bbox 1075 745 1105 783; x_wconf 87' lang='lat' dir='ltr'><strong>ru</strong></span> <span class='ocrx_word' id='word_1_74' title='bbox 1121 726 1371 784; x_wconf 86' lang='lat' dir='ltr'><strong>amaritudinibus</strong></span> <span class='ocrx_word' id='word_1_75' title='bbox 1387 733 1520 784; x_wconf 87' lang='lat' dir='ltr'><strong>moratur</strong></span> <span class='ocrx_word' id='word_1_76' title='bbox 1534 729 1637 789; x_wconf 89' lang='lat' dir='ltr'><strong>oculus</strong></span> <span class='ocrx_word' id='word_1_77' title='bbox 1654 748 1748 795; x_wconf 80' lang='lat' dir='ltr'><strong>meus.</strong></span> 
     </span>
    </p>

    <p class='ocr_par' dir='ltr' id='par_1_5' title="bbox 114 796 1671 944">
     <span class='ocr_line' id='line_1_9' title="bbox 114 796 1671 876; baseline 0.003 -18"><span class='ocrx_word' id='word_1_78' title='bbox 114 802 249 858; x_wconf 75' lang='lat' dir='ltr'><strong>tradetur</strong></span> <span class='ocrx_word' id='word_1_79' title='bbox 263 800 348 871; x_wconf 89' lang='lat' dir='ltr'><strong>quasi</strong></span> <span class='ocrx_word' id='word_1_80' title='bbox 362 797 448 854; x_wconf 88' lang='lat' dir='ltr'><strong>vinea</strong></span> <span class='ocrx_word' id='word_1_81' title='bbox 461 798 491 852; x_wconf 93' lang='lat' dir='ltr'><strong>iu</strong></span> <span class='ocrx_word' id='word_1_82' title='bbox 508 796 602 871; x_wconf 90' lang='lat' dir='ltr'><strong>primo</strong></span> <span class='ocrx_word' id='word_1_83' title='bbox 619 796 690 854; x_wconf 89' lang='lat' dir='ltr'><strong>llere</strong></span> <span class='ocrx_word' id='word_1_84' title='bbox 705 798 808 856; x_wconf 89' lang='lat' dir='ltr'><strong>botrus</strong></span> <span class='ocrx_word' id='word_1_85' title='bbox 822 798 900 869; x_wconf 87' lang='lat' dir='ltr'><strong>ejus,</strong></span> <span class='ocrx_word' id='word_1_86' title='bbox 996 804 1099 862; x_wconf 76' lang='lat' dir='ltr'><strong>libera</strong></span> <span class='ocrx_word' id='word_1_87' title='bbox 1119 815 1176 866; x_wconf 91' lang='lat' dir='ltr'><strong>me,</strong></span> <span class='ocrx_word' id='word_1_88' title='bbox 1194 797 1326 865; x_wconf 88' lang='lat' dir='ltr'><strong>Domine,</strong></span> <span class='ocrx_word' id='word_1_89' title='bbox 1342 802 1371 854; x_wconf 90' lang='lat' dir='ltr'><strong>et</strong></span> <span class='ocrx_word' id='word_1_90' title='bbox 1386 814 1461 872; x_wconf 91' lang='lat' dir='ltr'><strong>pona</strong></span> <span class='ocrx_word' id='word_1_91' title='bbox 1476 801 1618 871; x_wconf 88' lang='lat' dir='ltr'><strong>mejuxta</strong></span> <span class='ocrx_word' id='word_1_92' title='bbox 1634 810 1671 876; x_wconf 87' lang='lat' dir='ltr'><strong>te,</strong></span> 
     </span>
     <span class='ocr_line' id='line_1_10' title="bbox 151 868 1628 944; baseline 0.002 -15"><span class='ocrx_word' id='word_1_93' title='bbox 151 879 181 929; x_wconf 87' lang='lat' dir='ltr'><strong>et</strong></span> <span class='ocrx_word' id='word_1_94' title='bbox 204 871 288 944; x_wconf 83' lang='lat' dir='ltr'><strong>quasi</strong></span> <span class='ocrx_word' id='word_1_95' title='bbox 302 870 379 926; x_wconf 92' lang='lat' dir='ltr'><strong>oliva</strong></span> <span class='ocrx_word' id='word_1_96' title='bbox 395 868 552 941; x_wconf 88' lang='lat' dir='ltr'><strong>projiciens</strong></span> <span class='ocrx_word' id='word_1_97' title='bbox 571 870 626 942; x_wconf 82' lang='lat' dir='ltr'><strong>(At.</strong></span> <span class='ocrx_word' id='word_1_98' title='bbox 644 869 811 944; x_wconf 78' lang='lat' dir='ltr'><strong>projicient)</strong></span> <span class='ocrx_word' id='word_1_99' title='bbox 837 869 940 928; x_wconf 89' lang='lat' dir='ltr'><strong>florem</strong></span> <span class='ocrx_word' id='word_1_100' title='bbox 1032 878 1061 931; x_wconf 90' lang='lat' dir='ltr'><strong>et</strong></span> <span class='ocrx_word' id='word_1_101' title='bbox 1076 869 1208 942; x_wconf 87' lang='lat' dir='ltr'><strong>cujusvis</strong></span> <span class='ocrx_word' id='word_1_102' title='bbox 1224 885 1312 925; x_wconf 90' lang='lat' dir='ltr'><strong>manu</strong></span> <span class='ocrx_word' id='word_1_103' title='bbox 1328 873 1440 942; x_wconf 81' lang='lat' dir='ltr'><strong>pugnet</strong></span> <span class='ocrx_word' id='word_1_104' title='bbox 1454 877 1556 928; x_wconf 89' lang='lat' dir='ltr'><strong>contra</strong></span> <span class='ocrx_word' id='word_1_105' title='bbox 1572 891 1628 932; x_wconf 90' lang='lat' dir='ltr'><strong>me.</strong></span> 
     </span>
    </p>

    <p class='ocr_par' dir='ltr' id='par_1_6' title="bbox 107 939 1585 1159">
     <span class='ocr_line' id='line_1_11' title="bbox 188 939 1585 1016; baseline 0.001 -17"><span class='ocrx_word' id='word_1_106' title='bbox 188 958 291 999; x_wconf 90' lang='lat' dir='ltr'><strong>suum.</strong></span> <span class='ocrx_word' id='word_1_107' title='bbox 996 950 1051 1004; x_wconf 83' lang='lat' dir='ltr'><strong>Cor</strong></span> <span class='ocrx_word' id='word_1_108' title='bbox 1065 958 1165 1000; x_wconf 89' lang='lat' dir='ltr'><strong>eorum</strong></span> <span class='ocrx_word' id='word_1_109' title='bbox 1182 939 1267 1014; x_wconf 90' lang='lat' dir='ltr'><strong>longe</strong></span> <span class='ocrx_word' id='word_1_110' title='bbox 1281 940 1372 996; x_wconf 85' lang='lat' dir='ltr'><strong>fecisti</strong></span> <span class='ocrx_word' id='word_1_111' title='bbox 1387 959 1404 995; x_wconf 90' lang='lat' dir='ltr'><strong>s</strong></span> <span class='ocrx_word' id='word_1_112' title='bbox 1418 941 1585 1016; x_wconf 89' lang='lat' dir='ltr'><strong>disciplina,</strong></span> 
     </span>
     <span class='ocr_line' id='line_1_12' title="bbox 107 1010 1494 1145; baseline -0.001 -74"><span class='ocrx_word' id='word_1_113' title='bbox 107 1014 312 1087; x_wconf 77' lang='lat' dir='ltr'><strong>congregatio</strong></span> <span class='ocrx_word' id='word_1_114' title='bbox 327 1010 583 1093; x_wconf 79' lang='lat' dir='ltr'><strong>enimbypooritoe</strong></span> <span class='ocrx_word' id='word_1_115' title='bbox 599 1010 720 1081; x_wconf 90' lang='lat' dir='ltr'><strong>sterilis,</strong></span> <span class='ocrx_word' id='word_1_116' title='bbox 1033 1020 1186 1145; x_wconf 59' lang='lat' dir='ltr'><strong>Broptereu</strong></span> <span class='ocrx_word' id='word_1_117' title='bbox 1202 1029 1260 1068; x_wconf 91' lang='lat' dir='ltr'><strong>noa</strong></span> <span class='ocrx_word' id='word_1_118' title='bbox 1276 1011 1494 1094; x_wconf 73' lang='lat' dir='ltr'><strong>exaltabantur.</strong></span> 
     </span>
     <span class='ocr_line' id='line_1_13' title="bbox 150 1082 1447 1159; baseline -0.002 -18"><span class='ocrx_word' id='word_1_119' title='bbox 150 1093 180 1142; x_wconf 92' lang='lat' dir='ltr'><strong>et</strong></span> <span class='ocrx_word' id='word_1_120' title='bbox 193 1088 270 1159; x_wconf 88' lang='lat' dir='ltr'><strong>ignis</strong></span> <span class='ocrx_word' id='word_1_121' title='bbox 285 1084 435 1140; x_wconf 80' lang='lat' dir='ltr'><strong>devorabit</strong></span> <span class='ocrx_word' id='word_1_122' title='bbox 448 1082 637 1140; x_wconf 89' lang='lat' dir='ltr'><strong>tabernacula</strong></span> <span class='ocrx_word' id='word_1_123' title='bbox 651 1098 764 1152; x_wconf 90' lang='lat' dir='ltr'><strong>eorum,</strong></span> <span class='ocrx_word' id='word_1_124' title='bbox 1057 1087 1165 1143; x_wconf 83' lang='lat' dir='ltr'><strong>radam</strong></span> <span class='ocrx_word' id='word_1_125' title='bbox 1182 1083 1336 1157; x_wconf 88' lang='lat' dir='ltr'><strong>pollicetur</strong></span> <span class='ocrx_word' id='word_1_126' title='bbox 1348 1099 1447 1141; x_wconf 81' lang='lat' dir='ltr'><strong>sociis.</strong></span> 
     </span>
    </p>
   </div>
   <div class='ocr_carea' id='block_1_3' title="bbox 113 1154 1705 1442">
    <p class='ocr_par' dir='ltr' id='par_1_7' title="bbox 113 1154 1705 1442">
     <span class='ocr_line' id='line_1_14' title="bbox 151 1154 1534 1230; baseline -0.002 -13"><span class='ocrx_word' id='word_1_127' title='bbox 151 1158 203 1230; x_wconf 88' lang='lat' dir='ltr'><strong>qul</strong></span> <span class='ocrx_word' id='word_1_128' title='bbox 220 1171 341 1213; x_wconf 74' lang='lat' dir='ltr'><strong>munere</strong></span> <span class='ocrx_word' id='word_1_129' title='bbox 356 1154 483 1210; x_wconf 69' lang='lat' dir='ltr'><strong>libenter</strong></span> <span class='ocrx_word' id='word_1_130' title='bbox 497 1154 656 1227; x_wconf 71' lang='lat' dir='ltr'><strong>accipluul·</strong></span> <span class='ocrx_word' id='word_1_131' title='bbox 1034 1164 1063 1217; x_wconf 92' lang='lat' dir='ltr'><strong>et</strong></span> <span class='ocrx_word' id='word_1_132' title='bbox 1077 1157 1153 1214; x_wconf 93' lang='lat' dir='ltr'><strong>oculi</strong></span> <span class='ocrx_word' id='word_1_133' title='bbox 1171 1154 1298 1212; x_wconf 88' lang='lat' dir='ltr'><strong>filiorum</strong></span> <span class='ocrx_word' id='word_1_134' title='bbox 1314 1154 1534 1226; x_wconf 87' lang='lat' dir='ltr'><strong>ejusdefloient.</strong></span> 
     </span>
     <span class='ocr_line' id='line_1_15' title="bbox 113 1226 1705 1304; baseline -0.001 -19"><span class='ocrx_word' id='word_1_135' title='bbox 113 1229 253 1300; x_wconf 83' lang='lat' dir='ltr'><strong>Concepit</strong></span> <span class='ocrx_word' id='word_1_136' title='bbox 266 1227 406 1292; x_wconf 86' lang='lat' dir='ltr'><strong>dolorem,</strong></span> <span class='ocrx_word' id='word_1_137' title='bbox 423 1230 452 1282; x_wconf 91' lang='lat' dir='ltr'><strong>et</strong></span> <span class='ocrx_word' id='word_1_138' title='bbox 467 1227 580 1298; x_wconf 86' lang='lat' dir='ltr'><strong>peperit</strong></span> <span class='ocrx_word' id='word_1_139' title='bbox 599 1226 801 1299; x_wconf 88' lang='lat' dir='ltr'><strong>iniquitatem,</strong></span> <span class='ocrx_word' id='word_1_140' title='bbox 998 1229 1101 1290; x_wconf 81' lang='lat' dir='ltr'><strong>Posuit</strong></span> <span class='ocrx_word' id='word_1_141' title='bbox 1117 1243 1162 1284; x_wconf 91' lang='lat' dir='ltr'><strong>me</strong></span> <span class='ocrx_word' id='word_1_142' title='bbox 1178 1227 1261 1299; x_wconf 89' lang='lat' dir='ltr'><strong>quasi</strong></span> <span class='ocrx_word' id='word_1_143' title='bbox 1278 1227 1306 1283; x_wconf 92' lang='lat' dir='ltr'><strong>in</strong></span> <span class='ocrx_word' id='word_1_144' title='bbox 1323 1228 1511 1300; x_wconf 90' lang='lat' dir='ltr'><strong>proverbium</strong></span> <span class='ocrx_word' id='word_1_145' title='bbox 1524 1227 1619 1304; x_wconf 87' lang='lat' dir='ltr'><strong>vulgi,</strong></span> <span class='ocrx_word' id='word_1_146' title='bbox 1701 1245 1705 1255; x_wconf 93' lang='lat'><em>·</em></span> 
     </span>
     <span class='ocr_line' id='line_1_16' title="bbox 152 1297 1530 1442; baseline -0.001 -85"><span class='ocrx_word' id='word_1_147' title='bbox 152 1306 182 1357; x_wconf 86' lang='lat' dir='ltr'><strong>et</strong></span> <span class='ocrx_word' id='word_1_148' title='bbox 197 1305 298 1356; x_wconf 89' lang='lat' dir='ltr'><strong>uterus</strong></span> <span class='ocrx_word' id='word_1_149' title='bbox 313 1299 379 1369; x_wconf 90' lang='lat' dir='ltr'><strong>ejus</strong></span> <span class='ocrx_word' id='word_1_150' title='bbox 394 1303 540 1369; x_wconf 82' lang='lat' dir='ltr'><strong>preparat</strong></span> <span class='ocrx_word' id='word_1_151' title='bbox 554 1297 650 1365; x_wconf 88' lang='lat' dir='ltr'><strong>dolos,</strong></span> <span class='ocrx_word' id='word_1_152' title='bbox 1035 1299 1242 1442; x_wconf 52' lang='lat' dir='ltr'><strong>etexcmplum</strong></span> <span class='ocrx_word' id='word_1_153' title='bbox 1258 1315 1324 1354; x_wconf 90' lang='lat' dir='ltr'><strong>sam</strong></span> <span class='ocrx_word' id='word_1_154' title='bbox 1342 1314 1440 1354; x_wconf 89' lang='lat' dir='ltr'><strong>eoram</strong></span> <span class='ocrx_word' id='word_1_155' title='bbox 1457 1298 1499 1355; x_wconf 90' lang='lat' dir='ltr'><strong>eis</strong></span> <span class='ocrx_word' id='word_1_156' title='bbox 1510 1305 1530 1356; x_wconf 77' lang='lat'><strong>⁸.</strong></span> 
     </span>
    </p>
   </div>
   <div class='ocr_carea' id='block_1_4' title="bbox 114 1374 1908 3018">
    <p class='ocr_par' dir='ltr' id='par_1_8' title="bbox 114 1374 1908 3018">
     <span class='ocr_line' id='line_1_17' title="bbox 278 1374 1167 1509; baseline -0.046 -40"><span class='ocrx_word' id='word_1_157' title='bbox 278 1428 464 1470; x_wconf 81' lang='lat' dir='ltr'><strong>nsssoaosrrs</strong></span> <span class='ocrx_word' id='word_1_158' title='bbox 482 1429 580 1469; x_wconf 80' lang='lat' dir='ltr'><strong>aaran</strong></span> <span class='ocrx_word' id='word_1_159' title='bbox 603 1430 667 1480; x_wconf 82' lang='lat' dir='ltr'><strong>ros,</strong></span> <span class='ocrx_word' id='word_1_160' title='bbox 688 1429 783 1471; x_wconf 83' lang='lat' dir='ltr'><strong>nrxrr:</strong></span> <span class='ocrx_word' id='word_1_161' title='bbox 998 1374 1167 1509; x_wconf 45' lang='lat' dir='ltr'><strong>Caliggrgruts,</strong></span> 
     </span>
     <span class='ocr_line' id='line_1_18' title="bbox 114 1509 1822 1590; baseline 0.006 -21"><span class='ocrx_word' id='word_1_162' title='bbox 114 1516 200 1590; x_wconf 83' lang='lat' dir='ltr'><strong>(cup.</strong></span> <span class='ocrx_word' id='word_1_163' title='bbox 212 1512 298 1583; x_wconf 81' lang='lat' dir='ltr'><strong>xtt.)</strong></span> <span class='ocrx_word' id='word_1_164' title='bbox 312 1511 417 1568; x_wconf 76' lang='lat' dir='ltr'><strong>Audivi</strong></span> <span class='ocrx_word' id='word_1_165' title='bbox 432 1509 604 1584; x_wconf 90' lang='lat' dir='ltr'><strong>frequenter</strong></span> <span class='ocrx_word' id='word_1_166' title='bbox 618 1510 699 1582; x_wconf 88' lang='lat' dir='ltr'><strong>talia,</strong></span> <span class='ocrx_word' id='word_1_167' title='bbox 752 1522 754 1526; x_wconf 83' lang='grc'><strong>“</strong></span> <span class='ocrx_word' id='word_1_168' title='bbox 1036 1521 1064 1574; x_wconf 89' lang='lat' dir='ltr'><strong>et</strong></span> <span class='ocrx_word' id='word_1_169' title='bbox 1080 1514 1213 1571; x_wconf 91' lang='lat' dir='ltr'><strong>membra</strong></span> <span class='ocrx_word' id='word_1_170' title='bbox 1236 1527 1302 1569; x_wconf 86' lang='lat' dir='ltr'><strong>mea</strong></span> <span class='ocrx_word' id='word_1_171' title='bbox 1314 1511 1397 1583; x_wconf 85' lang='lat' dir='ltr'><strong>qnasi</strong></span> <span class='ocrx_word' id='word_1_172' title='bbox 1412 1512 1442 1569; x_wconf 90' lang='lat' dir='ltr'><strong>in</strong></span> <span class='ocrx_word' id='word_1_173' title='bbox 1459 1513 1586 1572; x_wconf 91' lang='lat' dir='ltr'><strong>nibilum</strong></span> <span class='ocrx_word' id='word_1_174' title='bbox 1602 1518 1720 1576; x_wconf 85' lang='lat' dir='ltr'><strong>redacta</strong></span> <span class='ocrx_word' id='word_1_175' title='bbox 1743 1526 1822 1579; x_wconf 89' lang='lat' dir='ltr'><strong>sunt.</strong></span> 
     </span>
     <span class='ocr_line' id='line_1_19' title="bbox 154 1582 1699 1661; baseline 0.003 -20"><span class='ocrx_word' id='word_1_176' title='bbox 154 1585 353 1641; x_wconf 83' lang='lat' dir='ltr'><strong>consolatores</strong></span> <span class='ocrx_word' id='word_1_177' title='bbox 369 1582 484 1639; x_wconf 89' lang='lat' dir='ltr'><strong>onerosi</strong></span> <span class='ocrx_word' id='word_1_178' title='bbox 500 1600 603 1640; x_wconf 89' lang='lat' dir='ltr'><strong>omues</strong></span> <span class='ocrx_word' id='word_1_179' title='bbox 617 1600 668 1641; x_wconf 92' lang='lat' dir='ltr'><strong>vos</strong></span> <span class='ocrx_word' id='word_1_180' title='bbox 683 1583 766 1641; x_wconf 89' lang='lat' dir='ltr'><strong>estis.</strong></span> <span class='ocrx_word' id='word_1_181' title='bbox 1000 1587 1166 1661; x_wconf 80' lang='lat' dir='ltr'><strong>stupebunt</strong></span> <span class='ocrx_word' id='word_1_182' title='bbox 1175 1585 1249 1657; x_wconf 89' lang='lat' dir='ltr'><strong>justi</strong></span> <span class='ocrx_word' id='word_1_183' title='bbox 1265 1584 1319 1654; x_wconf 79' lang='lat' dir='ltr'><strong>(Af.</strong></span> <span class='ocrx_word' id='word_1_184' title='bbox 1332 1583 1446 1657; x_wconf 84' lang='lat' dir='ltr'><strong>injusti)</strong></span> <span class='ocrx_word' id='word_1_185' title='bbox 1462 1602 1552 1658; x_wconf 92' lang='lat' dir='ltr'><strong>super</strong></span> <span class='ocrx_word' id='word_1_186' title='bbox 1571 1587 1635 1654; x_wconf 89' lang='lat' dir='ltr'><strong>boe,</strong></span> <span class='ocrx_word' id='word_1_187' title='bbox 1696 1644 1699 1649; x_wconf 86' lang='grc'><em>,</em></span> 
     </span>
     <span class='ocr_line' id='line_1_20' title="bbox 117 1654 1752 1730; baseline -0.002 -17"><span class='ocrx_word' id='word_1_188' title='bbox 117 1656 269 1728; x_wconf 88' lang='lat' dir='ltr'><strong>Numquid</strong></span> <span class='ocrx_word' id='word_1_189' title='bbox 280 1654 431 1711; x_wconf 85' lang='lat' dir='ltr'><strong>habebunt</strong></span> <span class='ocrx_word' id='word_1_190' title='bbox 444 1654 532 1711; x_wconf 86' lang='lat' dir='ltr'><strong>ssuem</strong></span> <span class='ocrx_word' id='word_1_191' title='bbox 549 1655 637 1711; x_wconf 89' lang='lat' dir='ltr'><strong>verba</strong></span> <span class='ocrx_word' id='word_1_192' title='bbox 651 1655 794 1712; x_wconf 81' lang='lat' dir='ltr'><strong>ventosa?</strong></span> <span class='ocrx_word' id='word_1_193' title='bbox 960 1662 984 1730; x_wconf 83' lang='grc' dir='ltr'><strong>Β</strong></span> <span class='ocrx_word' id='word_1_194' title='bbox 1035 1666 1065 1717; x_wconf 91' lang='lat' dir='ltr'><strong>et</strong></span> <span class='ocrx_word' id='word_1_195' title='bbox 1080 1661 1223 1714; x_wconf 86' lang='lat' dir='ltr'><strong>innocens</strong></span> <span class='ocrx_word' id='word_1_196' title='bbox 1237 1660 1340 1713; x_wconf 91' lang='lat' dir='ltr'><strong>contra</strong></span> <span class='ocrx_word' id='word_1_197' title='bbox 1354 1654 1536 1728; x_wconf 82' lang='lat' dir='ltr'><strong>hypocritam</strong></span> <span class='ocrx_word' id='word_1_198' title='bbox 1551 1659 1752 1720; x_wconf 73' lang='lat' dir='ltr'><strong>suscitabitur,</strong></span> 
     </span>
     <span class='ocr_line' id='line_1_21' title="bbox 155 1725 1471 1812; baseline 0 -28"><span class='ocrx_word' id='word_1_199' title='bbox 155 1739 206 1784; x_wconf 89' lang='lat' dir='ltr'><strong>aut</strong></span> <span class='ocrx_word' id='word_1_200' title='bbox 220 1726 332 1798; x_wconf 88' lang='lat' dir='ltr'><strong>aliquid</strong></span> <span class='ocrx_word' id='word_1_201' title='bbox 348 1726 403 1782; x_wconf 91' lang='lat' dir='ltr'><strong>tibi</strong></span> <span class='ocrx_word' id='word_1_202' title='bbox 421 1726 575 1782; x_wconf 89' lang='lat' dir='ltr'><strong>molestum</strong></span> <span class='ocrx_word' id='word_1_203' title='bbox 590 1731 636 1783; x_wconf 88' lang='lat' dir='ltr'><strong>est</strong></span> <span class='ocrx_word' id='word_1_204' title='bbox 649 1727 674 1784; x_wconf 93' lang='lat' dir='ltr'><strong>si</strong></span> <span class='ocrx_word' id='word_1_205' title='bbox 688 1725 844 1801; x_wconf 80' lang='lat' dir='ltr'><strong>loquaris?</strong></span> <span class='ocrx_word' id='word_1_206' title='bbox 999 1737 1033 1788; x_wconf 83' lang='lat' dir='ltr'><strong>at</strong></span> <span class='ocrx_word' id='word_1_207' title='bbox 1047 1729 1270 1812; x_wconf 82' lang='lat' dir='ltr'><strong>tenebitjustus</strong></span> <span class='ocrx_word' id='word_1_208' title='bbox 1284 1725 1360 1783; x_wconf 87' lang='lat' dir='ltr'><strong>viam</strong></span> <span class='ocrx_word' id='word_1_209' title='bbox 1374 1744 1471 1798; x_wconf 88' lang='lat' dir='ltr'><strong>suam,</strong></span> 
     </span>
     <span class='ocr_line' id='line_1_22' title="bbox 122 1796 1827 1872; baseline 0.005 -15"><span class='ocrx_word' id='word_1_210' title='bbox 122 1801 259 1857; x_wconf 88' lang='lat' dir='ltr'><strong>Poteram</strong></span> <span class='ocrx_word' id='word_1_211' title='bbox 274 1805 304 1854; x_wconf 90' lang='lat' dir='ltr'><strong>et</strong></span> <span class='ocrx_word' id='word_1_212' title='bbox 319 1813 372 1869; x_wconf 91' lang='lat' dir='ltr'><strong>ego</strong></span> <span class='ocrx_word' id='word_1_213' title='bbox 388 1796 497 1853; x_wconf 89' lang='lat' dir='ltr'><strong>similia</strong></span> <span class='ocrx_word' id='word_1_214' title='bbox 511 1798 600 1854; x_wconf 88' lang='lat' dir='ltr'><strong>vestri</strong></span> <span class='ocrx_word' id='word_1_215' title='bbox 615 1797 712 1871; x_wconf 92' lang='lat' dir='ltr'><strong>loqui:</strong></span> <span class='ocrx_word' id='word_1_216' title='bbox 1034 1809 1063 1860; x_wconf 88' lang='lat' dir='ltr'><strong>et</strong></span> <span class='ocrx_word' id='word_1_217' title='bbox 1078 1800 1198 1857; x_wconf 84' lang='lat' dir='ltr'><strong>mundis</strong></span> <span class='ocrx_word' id='word_1_218' title='bbox 1211 1799 1265 1869; x_wconf 81' lang='lat' dir='ltr'><strong>(Al.</strong></span> <span class='ocrx_word' id='word_1_219' title='bbox 1277 1799 1414 1872; x_wconf 88' lang='lat' dir='ltr'><strong>mundus)</strong></span> <span class='ocrx_word' id='word_1_220' title='bbox 1426 1802 1565 1859; x_wconf 89' lang='lat' dir='ltr'><strong>manibus</strong></span> <span class='ocrx_word' id='word_1_221' title='bbox 1580 1803 1668 1861; x_wconf 89' lang='lat' dir='ltr'><strong>addet</strong></span> <span class='ocrx_word' id='word_1_222' title='bbox 1677 1805 1827 1865; x_wconf 89' lang='lat' dir='ltr'><strong>fortitudi-</strong></span> 
     </span>
     <span class='ocr_line' id='line_1_23' title="bbox 156 1869 1908 1943; baseline 0.003 -16"><span class='ocrx_word' id='word_1_223' title='bbox 156 1869 944 1943; x_wconf 85' lang='lat' dir='ltr'><strong>atqueutinsmsssetanimavestraproaaimamea:</strong></span> <span class='ocrx_word' id='word_1_224' title='bbox 1007 1906 1011 1913; x_wconf 69' lang='grc'><strong><em>»</em></strong></span> <span class='ocrx_word' id='word_1_225' title='bbox 1070 1874 1156 1929; x_wconf 84' lang='lat' dir='ltr'><strong>dem.</strong></span> <span class='ocrx_word' id='word_1_226' title='bbox 1903 1872 1908 1881; x_wconf 84' lang='lat'><em>&#39;</em></span> 
     </span>
     <span class='ocr_line' id='line_1_24' title="bbox 119 1941 1675 2020; baseline 0.003 -19"><span class='ocrx_word' id='word_1_227' title='bbox 119 1942 293 2002; x_wconf 81' lang='lat' dir='ltr'><strong>Consolarer</strong></span> <span class='ocrx_word' id='word_1_228' title='bbox 308 1945 338 1997; x_wconf 91' lang='lat' dir='ltr'><strong>et</strong></span> <span class='ocrx_word' id='word_1_229' title='bbox 351 1955 403 2011; x_wconf 90' lang='lat' dir='ltr'><strong>ego</strong></span> <span class='ocrx_word' id='word_1_230' title='bbox 418 1956 468 1997; x_wconf 88' lang='lat' dir='ltr'><strong>vos</strong></span> <span class='ocrx_word' id='word_1_231' title='bbox 483 1941 684 2010; x_wconf 77' lang='lat' dir='ltr'><strong>sermonibus,</strong></span> <span class='ocrx_word' id='word_1_232' title='bbox 1000 1944 1094 2020; x_wconf 91' lang='lat' dir='ltr'><strong>Igitur</strong></span> <span class='ocrx_word' id='word_1_233' title='bbox 1111 1959 1161 2001; x_wconf 92' lang='lat' dir='ltr'><strong>vos</strong></span> <span class='ocrx_word' id='word_1_234' title='bbox 1176 1957 1279 1998; x_wconf 89' lang='lat' dir='ltr'><strong>omues</strong></span> <span class='ocrx_word' id='word_1_235' title='bbox 1294 1942 1509 2010; x_wconf 88' lang='lat' dir='ltr'><strong>convertimini,</strong></span> <span class='ocrx_word' id='word_1_236' title='bbox 1526 1948 1555 2001; x_wconf 88' lang='lat' dir='ltr'><strong>et</strong></span> <span class='ocrx_word' id='word_1_237' title='bbox 1569 1947 1675 2005; x_wconf 90' lang='lat' dir='ltr'><strong>venite.</strong></span> 
     </span>
     <span class='ocr_line' id='line_1_25' title="bbox 158 2012 1749 2092; baseline 0.006 -21"><span class='ocrx_word' id='word_1_238' title='bbox 158 2020 188 2071; x_wconf 89' lang='lat' dir='ltr'><strong>et</strong></span> <span class='ocrx_word' id='word_1_239' title='bbox 205 2027 349 2069; x_wconf 88' lang='lat' dir='ltr'><strong>moverem</strong></span> <span class='ocrx_word' id='word_1_240' title='bbox 365 2016 453 2082; x_wconf 88' lang='lat' dir='ltr'><strong>caput</strong></span> <span class='ocrx_word' id='word_1_241' title='bbox 468 2027 568 2069; x_wconf 91' lang='lat' dir='ltr'><strong>meum</strong></span> <span class='ocrx_word' id='word_1_242' title='bbox 584 2029 675 2086; x_wconf 90' lang='lat' dir='ltr'><strong>super</strong></span> <span class='ocrx_word' id='word_1_243' title='bbox 688 2029 750 2070; x_wconf 86' lang='lat' dir='ltr'><strong>vos.</strong></span> <span class='ocrx_word' id='word_1_244' title='bbox 1036 2021 1065 2074; x_wconf 88' lang='lat' dir='ltr'><strong>et</strong></span> <span class='ocrx_word' id='word_1_245' title='bbox 1080 2032 1145 2073; x_wconf 93' lang='lat' dir='ltr'><strong>aon</strong></span> <span class='ocrx_word' id='word_1_246' title='bbox 1160 2012 1307 2069; x_wconf 87' lang='lat' dir='ltr'><strong>inveniam</strong></span> <span class='ocrx_word' id='word_1_247' title='bbox 1323 2012 1352 2068; x_wconf 85' lang='lat' dir='ltr'><strong>in</strong></span> <span class='ocrx_word' id='word_1_248' title='bbox 1368 2013 1450 2070; x_wconf 89' lang='lat' dir='ltr'><strong>vobis</strong></span> <span class='ocrx_word' id='word_1_249' title='bbox 1465 2014 1558 2073; x_wconf 92' lang='lat' dir='ltr'><strong>ullum</strong></span> <span class='ocrx_word' id='word_1_250' title='bbox 1574 2018 1749 2092; x_wconf 88' lang='lat' dir='ltr'><strong>sapientem.</strong></span> 
     </span>
     <span class='ocr_line' id='line_1_26' title="bbox 122 2084 1361 2147; baseline -0.003 -4"><span class='ocrx_word' id='word_1_251' title='bbox 122 2086 300 2143; x_wconf 87' lang='lat' dir='ltr'><strong>Roborarem</strong></span> <span class='ocrx_word' id='word_1_252' title='bbox 316 2099 431 2141; x_wconf 88' lang='lat' dir='ltr'><strong>vosoro</strong></span> <span class='ocrx_word' id='word_1_253' title='bbox 447 2099 527 2141; x_wconf 88' lang='lat' dir='ltr'><strong>meo:</strong></span> <span class='ocrx_word' id='word_1_254' title='bbox 1000 2089 1071 2147; x_wconf 85' lang='lat' dir='ltr'><strong>Dies</strong></span> <span class='ocrx_word' id='word_1_255' title='bbox 1087 2086 1143 2143; x_wconf 92' lang='lat' dir='ltr'><strong>mei</strong></span> <span class='ocrx_word' id='word_1_256' title='bbox 1160 2084 1361 2141; x_wconf 89' lang='lat' dir='ltr'><strong>transierunt:</strong></span> 
     </span>
     <span class='ocr_line' id='line_1_27' title="bbox 123 2153 1827 2287; baseline 0.007 -74"><span class='ocrx_word' id='word_1_257' title='bbox 123 2162 186 2287; x_wconf 39' lang='lat' dir='ltr'><strong>seit</strong></span> <span class='ocrx_word' id='word_1_258' title='bbox 204 2170 351 2282; x_wconf 59' lang='grc' dir='ltr'>ωᾳέονοω</span> <span class='ocrx_word' id='word_1_259' title='bbox 368 2153 445 2282; x_wconf 50' lang='lat' dir='ltr'><strong>lalbia</strong></span> <span class='ocrx_word' id='word_1_260' title='bbox 462 2171 538 2224; x_wconf 89' lang='lat' dir='ltr'><strong>mea,</strong></span> <span class='ocrx_word' id='word_1_261' title='bbox 554 2155 640 2228; x_wconf 84' lang='lat' dir='ltr'><strong>quasi</strong></span> <span class='ocrx_word' id='word_1_262' title='bbox 657 2172 779 2230; x_wconf 85' lang='lat' dir='ltr'><strong>parcens</strong></span> <span class='ocrx_word' id='word_1_263' title='bbox 791 2154 885 2213; x_wconf 85' lang='lat' dir='ltr'><strong>vobis.</strong></span> <span class='ocrx_word' id='word_1_264' title='bbox 1036 2158 1232 2232; x_wconf 88' lang='lat' dir='ltr'><strong>cogitationes</strong></span> <span class='ocrx_word' id='word_1_265' title='bbox 1247 2171 1317 2212; x_wconf 82' lang='lat' dir='ltr'><strong>mere</strong></span> <span class='ocrx_word' id='word_1_266' title='bbox 1328 2154 1478 2228; x_wconf 80' lang='lat' dir='ltr'><strong>dissipate</strong></span> <span class='ocrx_word' id='word_1_267' title='bbox 1492 2161 1573 2230; x_wconf 89' lang='lat' dir='ltr'><strong>suat,</strong></span> <span class='ocrx_word' id='word_1_268' title='bbox 1591 2163 1762 2236; x_wconf 88' lang='lat' dir='ltr'><strong>torquentes</strong></span> <span class='ocrx_word' id='word_1_269' title='bbox 1777 2182 1827 2224; x_wconf 88' lang='lat' dir='ltr'><strong>eor</strong></span> 
     </span>
     <span class='ocr_line' id='line_1_28' title="bbox 145 2243 1172 2288; baseline -0.001 -3"><span class='ocrx_word' id='word_1_270' title='bbox 145 2248 160 2285; x_wconf 93' lang='lat' dir='ltr'><strong>e</strong></span> <span class='ocrx_word' id='word_1_271' title='bbox 221 2245 249 2282; x_wconf 87' lang='lat' dir='ltr'><strong>ur</strong></span> <span class='ocrx_word' id='word_1_272' title='bbox 286 2243 372 2284; x_wconf 86' lang='lat' dir='ltr'><strong>sam</strong></span> <span class='ocrx_word' id='word_1_273' title='bbox 1074 2244 1172 2288; x_wconf 90' lang='lat' dir='ltr'><strong>meum</strong></span> 
     </span>
     <span class='ocr_line' id='line_1_29' title="bbox 159 2244 1431 2370; baseline -0.001 -15"><span class='ocrx_word' id='word_1_274' title='bbox 159 2300 187 2355; x_wconf 90' lang='lat' dir='ltr'><strong>Si</strong></span> <span class='ocrx_word' id='word_1_275' title='bbox 199 2244 323 2356; x_wconf 60' lang='lat' dir='ltr'><strong>qoomusg</strong></span> <span class='ocrx_word' id='word_1_276' title='bbox 333 2298 425 2363; x_wconf 91' lang='lat' dir='ltr'><strong>fuero,</strong></span> <span class='ocrx_word' id='word_1_277' title='bbox 440 2312 499 2354; x_wconf 91' lang='lat' dir='ltr'><strong>non</strong></span> <span class='ocrx_word' id='word_1_278' title='bbox 514 2296 647 2370; x_wconf 87' lang='lat' dir='ltr'><strong>quiescet</strong></span> <span class='ocrx_word' id='word_1_279' title='bbox 660 2296 744 2356; x_wconf 93' lang='lat' dir='ltr'><strong>dolor</strong></span> <span class='ocrx_word' id='word_1_280' title='bbox 758 2314 863 2356; x_wconf 87' lang='lat' dir='ltr'><strong>meus:</strong></span> <span class='ocrx_word' id='word_1_281' title='bbox 1001 2302 1121 2361; x_wconf 85' lang='lat' dir='ltr'><strong>Noctem</strong></span> <span class='ocrx_word' id='word_1_282' title='bbox 1136 2270 1287 2356; x_wconf 59' lang='lat' dir='ltr'><strong>reiterant</strong></span> <span class='ocrx_word' id='word_1_283' title='bbox 1300 2296 1330 2353; x_wconf 89' lang='lat' dir='ltr'><strong>in</strong></span> <span class='ocrx_word' id='word_1_284' title='bbox 1341 2297 1431 2368; x_wconf 91' lang='lat' dir='ltr'><strong>diem,</strong></span> 
     </span>
     <span class='ocr_line' id='line_1_30' title="bbox 159 2370 1659 2443; baseline 0.006 -17"><span class='ocrx_word' id='word_1_285' title='bbox 159 2376 189 2427; x_wconf 92' lang='lat' dir='ltr'><strong>et</strong></span> <span class='ocrx_word' id='word_1_286' title='bbox 203 2371 228 2426; x_wconf 92' lang='lat' dir='ltr'><strong>si</strong></span> <span class='ocrx_word' id='word_1_287' title='bbox 242 2375 372 2437; x_wconf 88' lang='lat' dir='ltr'><strong>tacuero,</strong></span> <span class='ocrx_word' id='word_1_288' title='bbox 387 2385 445 2425; x_wconf 91' lang='lat' dir='ltr'><strong>non</strong></span> <span class='ocrx_word' id='word_1_289' title='bbox 461 2370 605 2426; x_wconf 87' lang='lat' dir='ltr'><strong>recedeta</strong></span> <span class='ocrx_word' id='word_1_290' title='bbox 619 2386 677 2429; x_wconf 88' lang='lat' dir='ltr'><strong>me.</strong></span> <span class='ocrx_word' id='word_1_291' title='bbox 1038 2378 1067 2431; x_wconf 88' lang='lat' dir='ltr'><strong>et</strong></span> <span class='ocrx_word' id='word_1_292' title='bbox 1082 2388 1201 2430; x_wconf 90' lang='lat' dir='ltr'><strong>rursum</strong></span> <span class='ocrx_word' id='word_1_293' title='bbox 1219 2372 1286 2443; x_wconf 93' lang='lat' dir='ltr'><strong>post</strong></span> <span class='ocrx_word' id='word_1_294' title='bbox 1300 2371 1437 2426; x_wconf 87' lang='lat' dir='ltr'><strong>tenebras</strong></span> <span class='ocrx_word' id='word_1_295' title='bbox 1451 2385 1537 2442; x_wconf 89' lang='lat' dir='ltr'><strong>spero</strong></span> <span class='ocrx_word' id='word_1_296' title='bbox 1552 2371 1659 2435; x_wconf 89' lang='lat' dir='ltr'><strong>lucem.</strong></span> 
     </span>
     <span class='ocr_line' id='line_1_31' title="bbox 122 2440 1645 2517; baseline 0.003 -17"><span class='ocrx_word' id='word_1_297' title='bbox 122 2443 209 2500; x_wconf 87' lang='lat' dir='ltr'><strong>Nunc</strong></span> <span class='ocrx_word' id='word_1_298' title='bbox 224 2447 321 2499; x_wconf 92' lang='lat' dir='ltr'><strong>autem</strong></span> <span class='ocrx_word' id='word_1_299' title='bbox 337 2443 482 2513; x_wconf 87' lang='lat' dir='ltr'><strong>oppressit</strong></span> <span class='ocrx_word' id='word_1_300' title='bbox 499 2456 543 2496; x_wconf 88' lang='lat' dir='ltr'><strong>me</strong></span> <span class='ocrx_word' id='word_1_301' title='bbox 559 2440 642 2498; x_wconf 92' lang='lat' dir='ltr'><strong>dolor</strong></span> <span class='ocrx_word' id='word_1_302' title='bbox 656 2458 751 2499; x_wconf 88' lang='lat' dir='ltr'><strong>meus.</strong></span> <span class='ocrx_word' id='word_1_303' title='bbox 1001 2446 1031 2502; x_wconf 83' lang='lat' dir='ltr'><strong>si</strong></span> <span class='ocrx_word' id='word_1_304' title='bbox 1047 2444 1228 2512; x_wconf 84' lang='lat' dir='ltr'><strong>sustinuero,</strong></span> <span class='ocrx_word' id='word_1_305' title='bbox 1244 2441 1377 2497; x_wconf 87' lang='lat' dir='ltr'><strong>infernus</strong></span> <span class='ocrx_word' id='word_1_306' title='bbox 1393 2442 1500 2498; x_wconf 88' lang='lat' dir='ltr'><strong>domus</strong></span> <span class='ocrx_word' id='word_1_307' title='bbox 1515 2455 1645 2517; x_wconf 90' lang='lat' dir='ltr'><strong>meaest,</strong></span> 
     </span>
     <span class='ocr_line' id='line_1_32' title="bbox 162 2510 1600 2574; baseline 0.003 -4"><span class='ocrx_word' id='word_1_308' title='bbox 162 2522 192 2570; x_wconf 91' lang='lat' dir='ltr'><strong>et</strong></span> <span class='ocrx_word' id='word_1_309' title='bbox 207 2515 235 2569; x_wconf 92' lang='lat' dir='ltr'><strong>ia</strong></span> <span class='ocrx_word' id='word_1_310' title='bbox 252 2512 389 2570; x_wconf 90' lang='lat' dir='ltr'><strong>mihilum</strong></span> <span class='ocrx_word' id='word_1_311' title='bbox 401 2512 509 2569; x_wconf 88' lang='lat' dir='ltr'><strong>redacti</strong></span> <span class='ocrx_word' id='word_1_312' title='bbox 525 2516 596 2569; x_wconf 90' lang='lat' dir='ltr'><strong>suat</strong></span> <span class='ocrx_word' id='word_1_313' title='bbox 609 2528 713 2571; x_wconf 92' lang='lat' dir='ltr'><strong>omnes</strong></span> <span class='ocrx_word' id='word_1_314' title='bbox 727 2518 809 2570; x_wconf 86' lang='lat' dir='ltr'><strong>artus</strong></span> <span class='ocrx_word' id='word_1_315' title='bbox 824 2510 881 2570; x_wconf 91' lang='lat' dir='ltr'><strong>mei</strong></span> <span class='ocrx_word' id='word_1_316' title='bbox 891 2515 912 2569; x_wconf 87' lang='lat'><strong>¹.</strong></span> <span class='ocrx_word' id='word_1_317' title='bbox 983 2562 985 2566; x_wconf 60' lang='grc'><strong>,</strong></span> <span class='ocrx_word' id='word_1_318' title='bbox 1039 2520 1068 2574; x_wconf 90' lang='lat' dir='ltr'><strong>in</strong></span> <span class='ocrx_word' id='word_1_319' title='bbox 1084 2514 1216 2573; x_wconf 88' lang='lat' dir='ltr'><strong>tenebris</strong></span> <span class='ocrx_word' id='word_1_320' title='bbox 1230 2513 1320 2569; x_wconf 88' lang='lat' dir='ltr'><strong>stravi</strong></span> <span class='ocrx_word' id='word_1_321' title='bbox 1336 2511 1477 2570; x_wconf 88' lang='lat' dir='ltr'><strong>lectulum</strong></span> <span class='ocrx_word' id='word_1_322' title='bbox 1491 2530 1600 2574; x_wconf 91' lang='lat' dir='ltr'><strong>meum.</strong></span> 
     </span>
     <span class='ocr_line' id='line_1_33' title="bbox 123 2584 1503 2660; baseline -0.001 -18"><span class='ocrx_word' id='word_1_323' title='bbox 123 2592 216 2660; x_wconf 83' lang='lat' dir='ltr'><strong>Ruga</strong></span> <span class='ocrx_word' id='word_1_324' title='bbox 233 2601 303 2641; x_wconf 82' lang='lat' dir='ltr'><strong>mea</strong></span> <span class='ocrx_word' id='word_1_325' title='bbox 314 2584 517 2641; x_wconf 89' lang='lat' dir='ltr'><strong>testimonium</strong></span> <span class='ocrx_word' id='word_1_326' title='bbox 534 2584 637 2640; x_wconf 91' lang='lat' dir='ltr'><strong>dicuat</strong></span> <span class='ocrx_word' id='word_1_327' title='bbox 650 2589 752 2642; x_wconf 84' lang='lat' dir='ltr'><strong>contra</strong></span> <span class='ocrx_word' id='word_1_328' title='bbox 766 2601 824 2656; x_wconf 91' lang='lat' dir='ltr'><strong>me,</strong></span> <span class='ocrx_word' id='word_1_329' title='bbox 1005 2587 1153 2646; x_wconf 81' lang='lat' dir='ltr'><strong>Putrodini</strong></span> <span class='ocrx_word' id='word_1_330' title='bbox 1171 2585 1247 2642; x_wconf 86' lang='lat' dir='ltr'><strong>dixi:</strong></span> <span class='ocrx_word' id='word_1_331' title='bbox 1267 2585 1350 2640; x_wconf 85' lang='lat' dir='ltr'><strong>fater</strong></span> <span class='ocrx_word' id='word_1_332' title='bbox 1364 2601 1448 2640; x_wconf 90' lang='lat' dir='ltr'><strong>meus</strong></span> <span class='ocrx_word' id='word_1_333' title='bbox 1460 2601 1503 2652; x_wconf 88' lang='lat' dir='ltr'><strong>cs,</strong></span> 
     </span>
     <span class='ocr_line' id='line_1_34' title="bbox 162 2654 1624 2727; baseline 0.001 -12"><span class='ocrx_word' id='word_1_334' title='bbox 162 2666 191 2715; x_wconf 91' lang='lat' dir='ltr'><strong>ot</strong></span> <span class='ocrx_word' id='word_1_335' title='bbox 205 2657 366 2714; x_wconf 88' lang='lat' dir='ltr'><strong>suscitatur</strong></span> <span class='ocrx_word' id='word_1_336' title='bbox 389 2654 565 2727; x_wconf 90' lang='lat' dir='ltr'><strong>falsiloquus</strong></span> <span class='ocrx_word' id='word_1_337' title='bbox 579 2655 720 2714; x_wconf 86' lang='lat' dir='ltr'><strong>adversas</strong></span> <span class='ocrx_word' id='word_1_338' title='bbox 733 2656 837 2714; x_wconf 87' lang='lat' dir='ltr'><strong>faciem</strong></span> <span class='ocrx_word' id='word_1_339' title='bbox 852 2671 949 2712; x_wconf 88' lang='lat' dir='ltr'><strong>meam</strong></span> <span class='ocrx_word' id='word_1_340' title='bbox 1040 2665 1135 2717; x_wconf 90' lang='lat' dir='ltr'><strong>mater</strong></span> <span class='ocrx_word' id='word_1_341' title='bbox 1151 2673 1216 2727; x_wconf 81' lang='lat' dir='ltr'><strong>mea</strong></span> <span class='ocrx_word' id='word_1_342' title='bbox 1231 2660 1260 2711; x_wconf 91' lang='lat' dir='ltr'><strong>et</strong></span> <span class='ocrx_word' id='word_1_343' title='bbox 1274 2672 1358 2712; x_wconf 93' lang='lat' dir='ltr'><strong>soror</strong></span> <span class='ocrx_word' id='word_1_344' title='bbox 1373 2671 1449 2723; x_wconf 88' lang='lat' dir='ltr'><strong>maa,</strong></span> <span class='ocrx_word' id='word_1_345' title='bbox 1464 2659 1624 2716; x_wconf 86' lang='lat' dir='ltr'><strong>vermibus.</strong></span> 
     </span>
     <span class='ocr_line' id='line_1_35' title="bbox 198 2726 1572 2802; baseline -0.004 -12"><span class='ocrx_word' id='word_1_346' title='bbox 198 2729 403 2785; x_wconf 70' lang='lat' dir='ltr'><strong>contradicens</strong></span> <span class='ocrx_word' id='word_1_347' title='bbox 419 2726 504 2783; x_wconf 73' lang='lat' dir='ltr'><strong>mihi·</strong></span> <span class='ocrx_word' id='word_1_348' title='bbox 1004 2732 1058 2790; x_wconf 89' lang='lat' dir='ltr'><strong>Ubi</strong></span> <span class='ocrx_word' id='word_1_349' title='bbox 1073 2735 1118 2789; x_wconf 88' lang='lat' dir='ltr'><strong>est</strong></span> <span class='ocrx_word' id='word_1_350' title='bbox 1131 2746 1201 2802; x_wconf 92' lang='lat' dir='ltr'><strong>ergo</strong></span> <span class='ocrx_word' id='word_1_351' title='bbox 1213 2743 1290 2784; x_wconf 90' lang='lat' dir='ltr'><strong>nunc</strong></span> <span class='ocrx_word' id='word_1_352' title='bbox 1305 2727 1482 2799; x_wconf 74' lang='lat' dir='ltr'><strong>praestolatio</strong></span> <span class='ocrx_word' id='word_1_353' title='bbox 1497 2745 1572 2796; x_wconf 89' lang='lat' dir='ltr'><strong>mea,</strong></span> 
     </span>
     <span class='ocr_line' id='line_1_36' title="bbox 125 2796 1650 2876; baseline 0.001 -19"><span class='ocrx_word' id='word_1_354' title='bbox 125 2800 252 2874; x_wconf 79' lang='lat' dir='ltr'><strong>Collegit</strong></span> <span class='ocrx_word' id='word_1_355' title='bbox 267 2801 396 2856; x_wconf 91' lang='lat' dir='ltr'><strong>furorem</strong></span> <span class='ocrx_word' id='word_1_356' title='bbox 412 2814 500 2855; x_wconf 87' lang='lat' dir='ltr'><strong>suum</strong></span> <span class='ocrx_word' id='word_1_357' title='bbox 516 2796 545 2853; x_wconf 92' lang='lat' dir='ltr'><strong>in</strong></span> <span class='ocrx_word' id='word_1_358' title='bbox 563 2814 620 2868; x_wconf 88' lang='lat' dir='ltr'><strong>me,</strong></span> <span class='ocrx_word' id='word_1_359' title='bbox 1040 2809 1070 2861; x_wconf 83' lang='lat' dir='ltr'><strong>st</strong></span> <span class='ocrx_word' id='word_1_360' title='bbox 1085 2800 1255 2876; x_wconf 86' lang='lat' dir='ltr'><strong>patientiam</strong></span> <span class='ocrx_word' id='word_1_361' title='bbox 1272 2814 1366 2855; x_wconf 91' lang='lat' dir='ltr'><strong>meam</strong></span> <span class='ocrx_word' id='word_1_362' title='bbox 1378 2799 1445 2870; x_wconf 92' lang='lat' dir='ltr'><strong>quis</strong></span> <span class='ocrx_word' id='word_1_363' title='bbox 1459 2801 1650 2859; x_wconf 81' lang='lat' dir='ltr'><strong>considerati</strong></span> 
     </span>
     <span class='ocr_line' id='line_1_37' title="bbox 163 2868 1828 2948; baseline 0.003 -19"><span class='ocrx_word' id='word_1_364' title='bbox 163 2877 194 2929; x_wconf 93' lang='lat' dir='ltr'><strong>et</strong></span> <span class='ocrx_word' id='word_1_365' title='bbox 209 2871 394 2928; x_wconf 88' lang='lat' dir='ltr'><strong>comminans</strong></span> <span class='ocrx_word' id='word_1_366' title='bbox 408 2869 493 2937; x_wconf 90' lang='lat' dir='ltr'><strong>mibi,</strong></span> <span class='ocrx_word' id='word_1_367' title='bbox 508 2869 662 2929; x_wconf 90' lang='lat' dir='ltr'><strong>infremuit</strong></span> <span class='ocrx_word' id='word_1_368' title='bbox 675 2874 778 2928; x_wconf 90' lang='lat' dir='ltr'><strong>contra</strong></span> <span class='ocrx_word' id='word_1_369' title='bbox 792 2883 839 2928; x_wconf 90' lang='lat' dir='ltr'><strong>me</strong></span> <span class='ocrx_word' id='word_1_370' title='bbox 853 2869 951 2928; x_wconf 91' lang='lat' dir='ltr'><strong>denti·</strong></span> <span class='ocrx_word' id='word_1_371' title='bbox 1006 2875 1038 2932; x_wconf 93' lang='lat' dir='ltr'><strong>ln</strong></span> <span class='ocrx_word' id='word_1_372' title='bbox 1064 2871 1330 2948; x_wconf 89' lang='lat' dir='ltr'><strong>profundissimum</strong></span> <span class='ocrx_word' id='word_1_373' title='bbox 1359 2868 1507 2926; x_wconf 88' lang='lat' dir='ltr'><strong>infernum</strong></span> <span class='ocrx_word' id='word_1_374' title='bbox 1521 2871 1700 2932; x_wconf 88' lang='lat' dir='ltr'><strong>descendent</strong></span> <span class='ocrx_word' id='word_1_375' title='bbox 1728 2878 1828 2936; x_wconf 90' lang='lat' dir='ltr'><strong>omnia</strong></span> 
     </span>
     <span class='ocr_line' id='line_1_38' title="bbox 200 2940 1757 3018; baseline 0.004 -19"><span class='ocrx_word' id='word_1_376' title='bbox 200 2943 256 2999; x_wconf 88' lang='lat' dir='ltr'><strong>bus</strong></span> <span class='ocrx_word' id='word_1_377' title='bbox 267 2940 348 3000; x_wconf 88' lang='lat' dir='ltr'><strong>suis:</strong></span> <span class='ocrx_word' id='word_1_378' title='bbox 1041 2962 1124 3004; x_wconf 87' lang='lat' dir='ltr'><strong>mss:</strong></span> <span class='ocrx_word' id='word_1_379' title='bbox 1141 2948 1276 3018; x_wconf 89' lang='lat' dir='ltr'><strong>putasne,</strong></span> <span class='ocrx_word' id='word_1_380' title='bbox 1290 2941 1395 2998; x_wconf 89' lang='lat' dir='ltr'><strong>saltem</strong></span> <span class='ocrx_word' id='word_1_381' title='bbox 1411 2941 1451 2997; x_wconf 93' lang='lat' dir='ltr'><strong>ibi</strong></span> <span class='ocrx_word' id='word_1_382' title='bbox 1467 2942 1523 2999; x_wconf 91' lang='lat' dir='ltr'><strong>erit</strong></span> <span class='ocrx_word' id='word_1_383' title='bbox 1536 2945 1757 3017; x_wconf 85' lang='lat' dir='ltr'><strong>requiesmibii</strong></span> 
     </span>
    </p>
   </div>
   <div class='ocr_carea' id='block_1_5' title="bbox 126 3010 1757 3160">
    <p class='ocr_par' dir='ltr' id='par_1_9' title="bbox 126 3010 1757 3160">
     <span class='ocr_line' id='line_1_39' title="bbox 163 3010 989 3100; baseline 0.002 -30"><span class='ocrx_word' id='word_1_384' title='bbox 163 3014 258 3071; x_wconf 86' lang='lat' dir='ltr'><strong>hostis</strong></span> <span class='ocrx_word' id='word_1_385' title='bbox 274 3030 357 3070; x_wconf 92' lang='lat' dir='ltr'><strong>meus</strong></span> <span class='ocrx_word' id='word_1_386' title='bbox 381 3010 564 3069; x_wconf 90' lang='lat' dir='ltr'><strong>terribilibus</strong></span> <span class='ocrx_word' id='word_1_387' title='bbox 578 3013 671 3070; x_wconf 86' lang='lat' dir='ltr'><strong>oeulis</strong></span> <span class='ocrx_word' id='word_1_388' title='bbox 687 3030 734 3071; x_wconf 90' lang='lat' dir='ltr'><strong>me</strong></span> <span class='ocrx_word' id='word_1_389' title='bbox 749 3014 874 3072; x_wconf 84' lang='lat' dir='ltr'><strong>intuitus</strong></span> <span class='ocrx_word' id='word_1_390' title='bbox 893 3018 949 3072; x_wconf 86' lang='lat' dir='ltr'><strong>est.</strong></span> <span class='ocrx_word' id='word_1_391' title='bbox 966 3031 989 3100; x_wconf 71' lang='lat' dir='ltr'><strong>c</strong></span> 
     </span>
     <span class='ocr_line' id='line_1_40' title="bbox 126 3073 1757 3160; baseline -0.006 -27"><span class='ocrx_word' id='word_1_392' title='bbox 126 3090 314 3160; x_wconf 69' lang='lat' dir='ltr'><strong>Aperuepunt</strong></span> <span class='ocrx_word' id='word_1_393' title='bbox 328 3101 416 3158; x_wconf 68' lang='lat' dir='ltr'><strong>super</strong></span> <span class='ocrx_word' id='word_1_394' title='bbox 432 3100 478 3141; x_wconf 66' lang='lat' dir='ltr'><strong>mg</strong></span> <span class='ocrx_word' id='word_1_395' title='bbox 492 3099 543 3141; x_wconf 61' lang='lat'><strong>01⁸8</strong></span> <span class='ocrx_word' id='word_1_396' title='bbox 558 3101 624 3156; x_wconf 66' lang='lat' dir='ltr'><strong>gua,</strong></span> <span class='ocrx_word' id='word_1_397' title='bbox 1078 3074 1263 3118; x_wconf 69' lang='lat' dir='ltr'>RESPONDENS</span> <span class='ocrx_word' id='word_1_398' title='bbox 1289 3073 1383 3114; x_wconf 74' lang='lat' dir='ltr'><strong>amat</strong></span> <span class='ocrx_word' id='word_1_399' title='bbox 1403 3073 1511 3114; x_wconf 74' lang='lat' dir='ltr'><strong>setoso</strong></span> <span class='ocrx_word' id='word_1_400' title='bbox 1530 3077 1635 3131; x_wconf 72' lang='lat' dir='ltr'><strong>sums,</strong></span> <span class='ocrx_word' id='word_1_401' title='bbox 1660 3080 1757 3125; x_wconf 81' lang='lat' dir='ltr'><strong>ntxt‘r:</strong></span> 
     </span>
    </p>
   </div>
   <div class='ocr_carea' id='block_1_6' title="bbox 1175 1369 1903 1459">
    <p class='ocr_par' dir='ltr' id='par_1_10' title="bbox 1175 1369 1903 1459">
     <span class='ocr_line' id='line_1_41' title="bbox 1175 1369 1903 1459; baseline 0.014 -32"><span class='ocrx_word' id='word_1_402' title='bbox 1175 1371 1218 1427; x_wconf 75' lang='lat' dir='ltr'><strong>Al.</strong></span> <span class='ocrx_word' id='word_1_403' title='bbox 1239 1369 1418 1442; x_wconf 86' lang='lat' dir='ltr'><strong>caliginavit)</strong></span> <span class='ocrx_word' id='word_1_404' title='bbox 1433 1371 1469 1426; x_wconf 90' lang='lat' dir='ltr'><strong>ab</strong></span> <span class='ocrx_word' id='word_1_405' title='bbox 1494 1370 1700 1445; x_wconf 81' lang='lat' dir='ltr'><strong>indignatione</strong></span> <span class='ocrx_word' id='word_1_406' title='bbox 1720 1376 1824 1435; x_wconf 91' lang='lat' dir='ltr'><strong>oculus</strong></span> <span class='ocrx_word' id='word_1_407' title='bbox 1900 1454 1903 1459; x_wconf 8' lang='grc' dir='ltr'><em>θ</em></span> 
     </span>
    </p>
   </div>
   <div class='ocr_carea' id='block_1_7' title="bbox 162 3155 1934 3239">
    <p class='ocr_par' dir='ltr' id='par_1_11' title="bbox 162 3155 1934 3239">
     <span class='ocr_line' id='line_1_42' title="bbox 162 3155 1934 3239; baseline 0.009 -25"><span class='ocrx_word' id='word_1_408' title='bbox 162 3158 370 3230; x_wconf 86' lang='lat' dir='ltr'><strong>exprobrantes</strong></span> <span class='ocrx_word' id='word_1_409' title='bbox 385 3162 593 3228; x_wconf 90' lang='lat' dir='ltr'><strong>percusserunt</strong></span> <span class='ocrx_word' id='word_1_410' title='bbox 608 3155 757 3213; x_wconf 80' lang='lat' dir='ltr'><strong>maxillam</strong></span> <span class='ocrx_word' id='word_1_411' title='bbox 773 3173 879 3215; x_wconf 87' lang='lat' dir='ltr'><strong>meam.</strong></span> <span class='ocrx_word' id='word_1_412' title='bbox 1019 3163 1083 3232; x_wconf 82' lang='lat' dir='ltr'><strong>Cup.</strong></span> <span class='ocrx_word' id='word_1_413' title='bbox 1112 3155 1229 3229; x_wconf 77' lang='lat' dir='ltr'><strong>xviii.)</strong></span> <span class='ocrx_word' id='word_1_414' title='bbox 1263 3156 1360 3229; x_wconf 87' lang='lat' dir='ltr'><strong>Usque</strong></span> <span class='ocrx_word' id='word_1_415' title='bbox 1386 3157 1423 3214; x_wconf 88' lang='lat' dir='ltr'><strong>ad</strong></span> <span class='ocrx_word' id='word_1_416' title='bbox 1451 3157 1540 3216; x_wconf 89' lang='lat' dir='ltr'><strong>finem</strong></span> <span class='ocrx_word' id='word_1_417' title='bbox 1568 3163 1656 3221; x_wconf 89' lang='lat' dir='ltr'><strong>verbs</strong></span> <span class='ocrx_word' id='word_1_418' title='bbox 1676 3167 1830 3239; x_wconf 87' lang='lat' dir='ltr'><strong>jactabitis</strong></span> <span class='ocrx_word' id='word_1_419' title='bbox 1930 3188 1934 3197; x_wconf 91' lang='lat'><em>·</em></span> 
     </span>
    </p>
   </div>
   <div class='ocr_carea' id='block_1_8' title="bbox 125 3227 1840 5238">
    <p class='ocr_par' dir='ltr' id='par_1_12' title="bbox 125 3227 1840 5238">
     <span class='ocr_line' id='line_1_43' title="bbox 125 3227 1231 3303; baseline -0.003 -16"><span class='ocrx_word' id='word_1_420' title='bbox 125 3229 226 3287; x_wconf 89' lang='lat' dir='ltr'><strong>satiati</strong></span> <span class='ocrx_word' id='word_1_421' title='bbox 242 3233 312 3285; x_wconf 89' lang='lat' dir='ltr'><strong>sunt</strong></span> <span class='ocrx_word' id='word_1_422' title='bbox 329 3227 421 3302; x_wconf 80' lang='lat' dir='ltr'><strong>pranis</strong></span> <span class='ocrx_word' id='word_1_423' title='bbox 438 3227 512 3284; x_wconf 91' lang='lat' dir='ltr'><strong>meis</strong></span> <span class='ocrx_word' id='word_1_424' title='bbox 1020 3232 1061 3288; x_wconf 77' lang='lat' dir='ltr'><strong>nt.</strong></span> <span class='ocrx_word' id='word_1_425' title='bbox 1073 3229 1231 3303; x_wconf 80' lang='lat' dir='ltr'><strong>jactatisjt</strong></span> 
     </span>
     <span class='ocr_line' id='line_1_44' title="bbox 127 3273 1602 3378; baseline 0.003 -19"><span class='ocrx_word' id='word_1_426' title='bbox 127 3300 281 3359; x_wconf 80' lang='lat' dir='ltr'><strong>Conclusit</strong></span> <span class='ocrx_word' id='word_1_427' title='bbox 295 3317 342 3357; x_wconf 91' lang='lat' dir='ltr'><strong>me</strong></span> <span class='ocrx_word' id='word_1_428' title='bbox 353 3300 431 3357; x_wconf 86' lang='lat' dir='ltr'><strong>Deus</strong></span> <span class='ocrx_word' id='word_1_429' title='bbox 445 3273 524 3372; x_wconf 78' lang='lat' dir='ltr'><strong>apud</strong></span> <span class='ocrx_word' id='word_1_430' title='bbox 540 3297 689 3372; x_wconf 88' lang='lat' dir='ltr'><strong>iniquum,</strong></span> <span class='ocrx_word' id='word_1_431' title='bbox 1042 3300 1197 3375; x_wconf 92' lang='lat' dir='ltr'><strong>intelligite</strong></span> <span class='ocrx_word' id='word_1_432' title='bbox 1212 3299 1304 3374; x_wconf 87' lang='lat' dir='ltr'><strong>prius,</strong></span> <span class='ocrx_word' id='word_1_433' title='bbox 1320 3303 1351 3356; x_wconf 88' lang='lat' dir='ltr'><strong>et</strong></span> <span class='ocrx_word' id='word_1_434' title='bbox 1366 3299 1409 3356; x_wconf 88' lang='lat' dir='ltr'><strong>sic</strong></span> <span class='ocrx_word' id='word_1_435' title='bbox 1423 3298 1602 3378; x_wconf 86' lang='lat' dir='ltr'><strong>loquamur:</strong></span> 
     </span>
     <span class='ocr_line' id='line_1_45' title="bbox 163 3370 1561 3499; baseline 0.003 -71"><span class='ocrx_word' id='word_1_436' title='bbox 163 3380 193 3429; x_wconf 92' lang='lat' dir='ltr'><strong>et</strong></span> <span class='ocrx_word' id='word_1_437' title='bbox 209 3373 348 3428; x_wconf 86' lang='lat' dir='ltr'><strong>manibus</strong></span> <span class='ocrx_word' id='word_1_438' title='bbox 362 3370 522 3443; x_wconf 89' lang='lat' dir='ltr'><strong>impiorum</strong></span> <span class='ocrx_word' id='word_1_439' title='bbox 539 3386 586 3427; x_wconf 91' lang='lat' dir='ltr'><strong>me</strong></span> <span class='ocrx_word' id='word_1_440' title='bbox 601 3370 733 3429; x_wconf 80' lang='lat' dir='ltr'><strong>tradidit</strong></span> <span class='ocrx_word' id='word_1_441' title='bbox 1006 3374 1101 3440; x_wconf 87' lang='lat' dir='ltr'><strong>Quare</strong></span> <span class='ocrx_word' id='word_1_442' title='bbox 1116 3371 1242 3445; x_wconf 87' lang='lat' dir='ltr'><strong>reputati</strong></span> <span class='ocrx_word' id='word_1_443' title='bbox 1256 3387 1361 3428; x_wconf 89' lang='lat' dir='ltr'><strong>sumus</strong></span> <span class='ocrx_word' id='word_1_444' title='bbox 1377 3373 1561 3499; x_wconf 41' lang='lat' dir='ltr'><strong>utjumeata,</strong></span> 
     </span>
     <span class='ocr_line' id='line_1_46' title="bbox 125 3442 1491 3516; baseline -0.003 -13"><span class='ocrx_word' id='word_1_445' title='bbox 125 3446 204 3516; x_wconf 76' lang='lat' dir='ltr'><strong>Ergo</strong></span> <span class='ocrx_word' id='word_1_446' title='bbox 221 3443 270 3500; x_wconf 91' lang='lat' dir='ltr'><strong>ille</strong></span> <span class='ocrx_word' id='word_1_447' title='bbox 285 3443 453 3516; x_wconf 81' lang='lat' dir='ltr'><strong>quondam²</strong></span> <span class='ocrx_word' id='word_1_448' title='bbox 468 3442 638 3514; x_wconf 86' lang='lat' dir='ltr'><strong>opulentus,</strong></span> <span class='ocrx_word' id='word_1_449' title='bbox 1042 3452 1071 3502; x_wconf 93' lang='lat' dir='ltr'><strong>et</strong></span> <span class='ocrx_word' id='word_1_450' title='bbox 1085 3445 1255 3502; x_wconf 90' lang='lat' dir='ltr'><strong>sorduimus</strong></span> <span class='ocrx_word' id='word_1_451' title='bbox 1271 3459 1368 3499; x_wconf 88' lang='lat' dir='ltr'><strong>eoram</strong></span> <span class='ocrx_word' id='word_1_452' title='bbox 1383 3460 1418 3502; x_wconf 90' lang='lat' dir='ltr'><strong>vo</strong></span> <span class='ocrx_word' id='word_1_453' title='bbox 1441 3442 1491 3500; x_wconf 88' lang='lat' dir='ltr'><strong>isf</strong></span> 
     </span>
     <span class='ocr_line' id='line_1_47' title="bbox 166 3513 1653 3590; baseline 0.006 -19"><span class='ocrx_word' id='word_1_454' title='bbox 166 3521 285 3587; x_wconf 89' lang='lat' dir='ltr'><strong>repente</strong></span> <span class='ocrx_word' id='word_1_455' title='bbox 300 3515 444 3573; x_wconf 89' lang='lat' dir='ltr'><strong>contritus</strong></span> <span class='ocrx_word' id='word_1_456' title='bbox 459 3513 549 3569; x_wconf 82' lang='lat' dir='ltr'><strong>sumi</strong></span> <span class='ocrx_word' id='word_1_457' title='bbox 1007 3519 1061 3586; x_wconf 85' lang='lat' dir='ltr'><strong>Qui</strong></span> <span class='ocrx_word' id='word_1_458' title='bbox 1079 3517 1176 3590; x_wconf 87' lang='lat' dir='ltr'><strong>perdis</strong></span> <span class='ocrx_word' id='word_1_459' title='bbox 1190 3513 1319 3572; x_wconf 86' lang='lat' dir='ltr'><strong>animum</strong></span> <span class='ocrx_word' id='word_1_460' title='bbox 1332 3520 1413 3571; x_wconf 87' lang='lat' dir='ltr'><strong>tuam</strong></span> <span class='ocrx_word' id='word_1_461' title='bbox 1429 3516 1458 3570; x_wconf 91' lang='lat' dir='ltr'><strong>in</strong></span> <span class='ocrx_word' id='word_1_462' title='bbox 1474 3515 1573 3576; x_wconf 89' lang='lat' dir='ltr'><strong>furore</strong></span> <span class='ocrx_word' id='word_1_463' title='bbox 1590 3523 1653 3590; x_wconf 92' lang='lat' dir='ltr'><strong>tuo,</strong></span> 
     </span>
     <span class='ocr_line' id='line_1_48' title="bbox 126 3585 1709 3672; baseline 0.005 -26"><span class='ocrx_word' id='word_1_464' title='bbox 126 3589 236 3646; x_wconf 82' lang='lat' dir='ltr'><strong>Tenuit</strong></span> <span class='ocrx_word' id='word_1_465' title='bbox 251 3587 391 3643; x_wconf 88' lang='lat' dir='ltr'><strong>cervicem</strong></span> <span class='ocrx_word' id='word_1_466' title='bbox 408 3601 515 3652; x_wconf 88' lang='lat' dir='ltr'><strong>meam,</strong></span> <span class='ocrx_word' id='word_1_467' title='bbox 533 3589 561 3642; x_wconf 92' lang='lat' dir='ltr'><strong>et</strong></span> <span class='ocrx_word' id='word_1_468' title='bbox 577 3585 721 3660; x_wconf 77' lang='lat' dir='ltr'><strong>confregit</strong></span> <span class='ocrx_word' id='word_1_469' title='bbox 736 3603 792 3659; x_wconf 90' lang='lat' dir='ltr'><strong>me,</strong></span> <span class='ocrx_word' id='word_1_470' title='bbox 1044 3588 1188 3661; x_wconf 90' lang='lat' dir='ltr'><strong>numquid</strong></span> <span class='ocrx_word' id='word_1_471' title='bbox 1204 3590 1365 3660; x_wconf 89' lang='lat' dir='ltr'><strong>propterte</strong></span> <span class='ocrx_word' id='word_1_472' title='bbox 1381 3586 1604 3660; x_wconf 87' lang='lat' dir='ltr'><strong>derelinquetur</strong></span> <span class='ocrx_word' id='word_1_473' title='bbox 1619 3600 1709 3672; x_wconf 89' lang='lat' dir='ltr'><strong>terra,</strong></span> 
     </span>
     <span class='ocr_line' id='line_1_49' title="bbox 168 3656 1629 3731; baseline 0.003 -16"><span class='ocrx_word' id='word_1_474' title='bbox 168 3664 198 3715; x_wconf 90' lang='lat' dir='ltr'><strong>et</strong></span> <span class='ocrx_word' id='word_1_475' title='bbox 213 3658 312 3730; x_wconf 88' lang='lat' dir='ltr'><strong>posuit</strong></span> <span class='ocrx_word' id='word_1_476' title='bbox 324 3672 370 3715; x_wconf 90' lang='lat' dir='ltr'><strong>ms</strong></span> <span class='ocrx_word' id='word_1_477' title='bbox 385 3657 441 3715; x_wconf 90' lang='lat' dir='ltr'><strong>sibi</strong></span> <span class='ocrx_word' id='word_1_478' title='bbox 457 3656 541 3730; x_wconf 87' lang='lat' dir='ltr'><strong>quasi</strong></span> <span class='ocrx_word' id='word_1_479' title='bbox 558 3656 587 3712; x_wconf 89' lang='lat' dir='ltr'><strong>ia</strong></span> <span class='ocrx_word' id='word_1_480' title='bbox 603 3658 732 3731; x_wconf 87' lang='lat' dir='ltr'><strong>signum.</strong></span> <span class='ocrx_word' id='word_1_481' title='bbox 1043 3669 1072 3718; x_wconf 93' lang='lat' dir='ltr'><strong>et</strong></span> <span class='ocrx_word' id='word_1_482' title='bbox 1086 3660 1303 3716; x_wconf 76' lang='lat' dir='ltr'><strong>transferentur</strong></span> <span class='ocrx_word' id='word_1_483' title='bbox 1317 3674 1404 3727; x_wconf 89' lang='lat' dir='ltr'><strong>rupes</strong></span> <span class='ocrx_word' id='word_1_484' title='bbox 1421 3658 1455 3713; x_wconf 94' lang='lat' dir='ltr'><strong>de</strong></span> <span class='ocrx_word' id='word_1_485' title='bbox 1471 3657 1534 3717; x_wconf 91' lang='lat' dir='ltr'><strong>loeo</strong></span> <span class='ocrx_word' id='word_1_486' title='bbox 1551 3666 1629 3722; x_wconf 78' lang='lat' dir='ltr'><strong>suo?</strong></span> 
     </span>
     <span class='ocr_line' id='line_1_50' title="bbox 130 3728 1496 3800; baseline -0.002 -13"><span class='ocrx_word' id='word_1_487' title='bbox 130 3730 334 3787; x_wconf 87' lang='lat' dir='ltr'><strong>Circumdedit</strong></span> <span class='ocrx_word' id='word_1_488' title='bbox 347 3745 389 3786; x_wconf 89' lang='lat' dir='ltr'><strong>ms</strong></span> <span class='ocrx_word' id='word_1_489' title='bbox 404 3729 514 3787; x_wconf 88' lang='lat' dir='ltr'><strong>lanceis</strong></span> <span class='ocrx_word' id='word_1_490' title='bbox 529 3729 602 3800; x_wconf 90' lang='lat' dir='ltr'><strong>sais,</strong></span> <span class='ocrx_word' id='word_1_491' title='bbox 1007 3731 1111 3789; x_wconf 87' lang='lat' dir='ltr'><strong>Nonne</strong></span> <span class='ocrx_word' id='word_1_492' title='bbox 1125 3730 1176 3787; x_wconf 82' lang='lat' dir='ltr'><strong>lux</strong></span> <span class='ocrx_word' id='word_1_493' title='bbox 1189 3728 1229 3784; x_wconf 90' lang='lat' dir='ltr'><strong>im</strong></span> <span class='ocrx_word' id='word_1_494' title='bbox 1254 3728 1273 3784; x_wconf 92' lang='lat' dir='ltr'><strong>ii</strong></span> <span class='ocrx_word' id='word_1_495' title='bbox 1284 3728 1496 3800; x_wconf 88' lang='lat' dir='ltr'><strong>exstinguetur,</strong></span> 
     </span>
     <span class='ocr_line' id='line_1_51' title="bbox 168 3746 1604 3928; baseline 0.001 -70"><span class='ocrx_word' id='word_1_496' title='bbox 168 3800 389 3859; x_wconf 85' lang='lat' dir='ltr'><strong>convulneravit</strong></span> <span class='ocrx_word' id='word_1_497' title='bbox 403 3800 519 3858; x_wconf 90' lang='lat' dir='ltr'><strong>lumbos</strong></span> <span class='ocrx_word' id='word_1_498' title='bbox 534 3815 625 3867; x_wconf 89' lang='lat' dir='ltr'><strong>meos,</strong></span> <span class='ocrx_word' id='word_1_499' title='bbox 641 3805 671 3857; x_wconf 92' lang='lat' dir='ltr'><strong>et</strong></span> <span class='ocrx_word' id='word_1_500' title='bbox 686 3817 742 3858; x_wconf 91' lang='lat' dir='ltr'><strong>non</strong></span> <span class='ocrx_word' id='word_1_501' title='bbox 760 3800 900 3874; x_wconf 89' lang='lat' dir='ltr'><strong>pepercit,</strong></span> <span class='ocrx_word' id='word_1_502' title='bbox 1044 3818 1098 3859; x_wconf 91' lang='lat' dir='ltr'><strong>nec</strong></span> <span class='ocrx_word' id='word_1_503' title='bbox 1113 3746 1278 3876; x_wconf 70' lang='lat' dir='ltr'><strong>splendeUit</strong></span> <span class='ocrx_word' id='word_1_504' title='bbox 1292 3798 1414 3882; x_wconf 82' lang='lat' dir='ltr'><strong>flamma</strong></span> <span class='ocrx_word' id='word_1_505' title='bbox 1424 3801 1502 3872; x_wconf 90' lang='lat' dir='ltr'><strong>iguis</strong></span> <span class='ocrx_word' id='word_1_506' title='bbox 1516 3802 1604 3928; x_wconf 67' lang='grc' dir='ltr'><strong>οΙῙυεῗ</strong></span> 
     </span>
     <span class='ocr_line' id='line_1_52' title="bbox 169 3870 1661 3948; baseline 0.003 -19"><span class='ocrx_word' id='word_1_507' title='bbox 169 3878 199 3929; x_wconf 87' lang='lat' dir='ltr'><strong>et</strong></span> <span class='ocrx_word' id='word_1_508' title='bbox 213 3872 316 3930; x_wconf 90' lang='lat' dir='ltr'><strong>effudit</strong></span> <span class='ocrx_word' id='word_1_509' title='bbox 329 3873 359 3929; x_wconf 90' lang='lat' dir='ltr'><strong>in</strong></span> <span class='ocrx_word' id='word_1_510' title='bbox 375 3879 453 3929; x_wconf 89' lang='lat' dir='ltr'><strong>terra</strong></span> <span class='ocrx_word' id='word_1_511' title='bbox 465 3871 577 3930; x_wconf 88' lang='lat' dir='ltr'><strong>viscera</strong></span> <span class='ocrx_word' id='word_1_512' title='bbox 592 3888 658 3929; x_wconf 88' lang='lat' dir='ltr'><strong>mea</strong></span> <span class='ocrx_word' id='word_1_513' title='bbox 671 3871 711 3944; x_wconf 77' lang='lat' dir='ltr'><strong>th.</strong></span> <span class='ocrx_word' id='word_1_514' title='bbox 727 3872 764 3929; x_wconf 89' lang='lat' dir='ltr'><strong>fel</strong></span> <span class='ocrx_word' id='word_1_515' title='bbox 779 3872 901 3942; x_wconf 83' lang='lat' dir='ltr'><strong>meum.)</strong></span> <span class='ocrx_word' id='word_1_516' title='bbox 1009 3873 1072 3930; x_wconf 85' lang='lat' dir='ltr'><strong>Lux</strong></span> <span class='ocrx_word' id='word_1_517' title='bbox 1086 3872 1307 3930; x_wconf 88' lang='lat' dir='ltr'><strong>obtenebrescet</strong></span> <span class='ocrx_word' id='word_1_518' title='bbox 1321 3886 1350 3925; x_wconf 85' lang='lat' dir='ltr'><strong>in</strong></span> <span class='ocrx_word' id='word_1_519' title='bbox 1368 3870 1522 3927; x_wconf 89' lang='lat' dir='ltr'><strong>tabernaca</strong></span> <span class='ocrx_word' id='word_1_520' title='bbox 1537 3890 1553 3930; x_wconf 99' lang='lat' dir='ltr'><strong>o</strong></span> <span class='ocrx_word' id='word_1_521' title='bbox 1570 3874 1661 3948; x_wconf 81' lang='lat' dir='ltr'><strong>iltius,</strong></span> 
     </span>
     <span class='ocr_line' id='line_1_53' title="bbox 129 3943 1776 4024; baseline 0.005 -22"><span class='ocrx_word' id='word_1_522' title='bbox 129 3944 267 4002; x_wconf 82' lang='lat' dir='ltr'><strong>Concidit</strong></span> <span class='ocrx_word' id='word_1_523' title='bbox 275 3960 321 4001; x_wconf 89' lang='lat' dir='ltr'><strong>me</strong></span> <span class='ocrx_word' id='word_1_524' title='bbox 334 3944 454 4001; x_wconf 91' lang='lat' dir='ltr'><strong>vulnere</strong></span> <span class='ocrx_word' id='word_1_525' title='bbox 469 3959 557 4015; x_wconf 91' lang='lat' dir='ltr'><strong>super</strong></span> <span class='ocrx_word' id='word_1_526' title='bbox 571 3943 691 4019; x_wconf 87' lang='lat' dir='ltr'><strong>vulnus,</strong></span> <span class='ocrx_word' id='word_1_527' title='bbox 1045 3951 1074 4002; x_wconf 90' lang='lat' dir='ltr'><strong>et</strong></span> <span class='ocrx_word' id='word_1_528' title='bbox 1089 3947 1218 4013; x_wconf 89' lang='lat' dir='ltr'><strong>lucerna,</strong></span> <span class='ocrx_word' id='word_1_529' title='bbox 1232 3959 1296 4015; x_wconf 81' lang='lat' dir='ltr'><strong>que</strong></span> <span class='ocrx_word' id='word_1_530' title='bbox 1311 3957 1400 4014; x_wconf 90' lang='lat' dir='ltr'><strong>super</strong></span> <span class='ocrx_word' id='word_1_531' title='bbox 1414 3959 1481 3999; x_wconf 91' lang='lat' dir='ltr'><strong>eum</strong></span> <span class='ocrx_word' id='word_1_532' title='bbox 1493 3949 1547 4014; x_wconf 91' lang='lat' dir='ltr'><strong>est,</strong></span> <span class='ocrx_word' id='word_1_533' title='bbox 1564 3949 1776 4024; x_wconf 88' lang='lat' dir='ltr'><strong>exstinguetur.</strong></span> 
     </span>
     <span class='ocr_line' id='line_1_54' title="bbox 170 4013 1560 4089; baseline 0.001 -17"><span class='ocrx_word' id='word_1_534' title='bbox 170 4016 257 4072; x_wconf 91' lang='lat' dir='ltr'><strong>irruit</strong></span> <span class='ocrx_word' id='word_1_535' title='bbox 270 4016 298 4071; x_wconf 93' lang='lat' dir='ltr'><strong>ia</strong></span> <span class='ocrx_word' id='word_1_536' title='bbox 314 4032 361 4072; x_wconf 89' lang='lat' dir='ltr'><strong>ma</strong></span> <span class='ocrx_word' id='word_1_537' title='bbox 376 4016 458 4088; x_wconf 90' lang='lat' dir='ltr'><strong>quasi</strong></span> <span class='ocrx_word' id='word_1_538' title='bbox 474 4017 567 4089; x_wconf 88' lang='lat' dir='ltr'><strong>gigas.</strong></span> <span class='ocrx_word' id='word_1_539' title='bbox 1009 4016 1207 4074; x_wconf 78' lang='lat' dir='ltr'><strong>Aretabuntur</strong></span> <span class='ocrx_word' id='word_1_540' title='bbox 1216 4030 1336 4087; x_wconf 89' lang='lat' dir='ltr'><strong>gressus</strong></span> <span class='ocrx_word' id='word_1_541' title='bbox 1351 4013 1469 4070; x_wconf 89' lang='lat' dir='ltr'><strong>virtutis</strong></span> <span class='ocrx_word' id='word_1_542' title='bbox 1484 4015 1560 4086; x_wconf 89' lang='lat' dir='ltr'><strong>ejus,</strong></span> 
     </span>
     <span class='ocr_line' id='line_1_55' title="bbox 129 4085 1650 4171; baseline 0.002 -27"><span class='ocrx_word' id='word_1_543' title='bbox 129 4093 256 4144; x_wconf 82' lang='lat' dir='ltr'><strong>saccum</strong></span> <span class='ocrx_word' id='word_1_544' title='bbox 273 4088 376 4145; x_wconf 90' lang='lat' dir='ltr'><strong>consui</strong></span> <span class='ocrx_word' id='word_1_545' title='bbox 392 4103 481 4159; x_wconf 90' lang='lat' dir='ltr'><strong>super</strong></span> <span class='ocrx_word' id='word_1_546' title='bbox 495 4093 593 4144; x_wconf 89' lang='lat' dir='ltr'><strong>cutem</strong></span> <span class='ocrx_word' id='word_1_547' title='bbox 609 4104 716 4158; x_wconf 88' lang='lat' dir='ltr'><strong>meam,</strong></span> <span class='ocrx_word' id='word_1_548' title='bbox 1046 4093 1074 4144; x_wconf 90' lang='lat' dir='ltr'><strong>et</strong></span> <span class='ocrx_word' id='word_1_549' title='bbox 1090 4086 1281 4171; x_wconf 77' lang='lat' dir='ltr'><strong>praecipitabit</strong></span> <span class='ocrx_word' id='word_1_550' title='bbox 1295 4100 1362 4141; x_wconf 91' lang='lat' dir='ltr'><strong>eum</strong></span> <span class='ocrx_word' id='word_1_551' title='bbox 1379 4085 1535 4144; x_wconf 87' lang='lat' dir='ltr'><strong>consilium</strong></span> <span class='ocrx_word' id='word_1_552' title='bbox 1551 4105 1650 4166; x_wconf 86' lang='lat' dir='ltr'><strong>suum,</strong></span> 
     </span>
     <span class='ocr_line' id='line_1_56' title="bbox 169 4157 1551 4233; baseline 0.002 -18"><span class='ocrx_word' id='word_1_553' title='bbox 169 4165 199 4215; x_wconf 91' lang='lat' dir='ltr'><strong>et</strong></span> <span class='ocrx_word' id='word_1_554' title='bbox 211 4158 312 4231; x_wconf 89' lang='lat' dir='ltr'><strong>operui</strong></span> <span class='ocrx_word' id='word_1_555' title='bbox 328 4159 425 4216; x_wconf 89' lang='lat' dir='ltr'><strong>cinere</strong></span> <span class='ocrx_word' id='word_1_556' title='bbox 440 4175 557 4215; x_wconf 87' lang='lat' dir='ltr'><strong>carnem</strong></span> <span class='ocrx_word' id='word_1_557' title='bbox 575 4175 681 4216; x_wconf 88' lang='lat' dir='ltr'><strong>meam.</strong></span> <span class='ocrx_word' id='word_1_558' title='bbox 1011 4159 1140 4217; x_wconf 81' lang='lat' dir='ltr'><strong>Immisit</strong></span> <span class='ocrx_word' id='word_1_559' title='bbox 1155 4158 1233 4215; x_wconf 88' lang='lat' dir='ltr'><strong>enim</strong></span> <span class='ocrx_word' id='word_1_560' title='bbox 1250 4157 1279 4213; x_wconf 91' lang='lat' dir='ltr'><strong>in</strong></span> <span class='ocrx_word' id='word_1_561' title='bbox 1296 4163 1355 4213; x_wconf 89' lang='lat' dir='ltr'><strong>rete</strong></span> <span class='ocrx_word' id='word_1_562' title='bbox 1367 4159 1454 4229; x_wconf 88' lang='lat' dir='ltr'><strong>pedes</strong></span> <span class='ocrx_word' id='word_1_563' title='bbox 1470 4175 1551 4233; x_wconf 88' lang='lat' dir='ltr'><strong>suos,</strong></span> 
     </span>
     <span class='ocr_line' id='line_1_57' title="bbox 132 4227 1494 4300; baseline 0.001 -14"><span class='ocrx_word' id='word_1_564' title='bbox 132 4231 237 4287; x_wconf 78' lang='lat' dir='ltr'><strong>Facies</strong></span> <span class='ocrx_word' id='word_1_565' title='bbox 253 4247 317 4287; x_wconf 90' lang='lat' dir='ltr'><strong>mea</strong></span> <span class='ocrx_word' id='word_1_566' title='bbox 333 4230 502 4287; x_wconf 90' lang='lat' dir='ltr'><strong>intumuita</strong></span> <span class='ocrx_word' id='word_1_567' title='bbox 517 4229 597 4297; x_wconf 86' lang='lat' dir='ltr'><strong>fletu,</strong></span> <span class='ocrx_word' id='word_1_568' title='bbox 1047 4236 1077 4288; x_wconf 90' lang='lat' dir='ltr'><strong>et</strong></span> <span class='ocrx_word' id='word_1_569' title='bbox 1089 4233 1121 4287; x_wconf 92' lang='lat' dir='ltr'><strong>in</strong></span> <span class='ocrx_word' id='word_1_570' title='bbox 1137 4227 1263 4287; x_wconf 90' lang='lat' dir='ltr'><strong>maculis</strong></span> <span class='ocrx_word' id='word_1_571' title='bbox 1278 4227 1494 4300; x_wconf 87' lang='lat' dir='ltr'><strong>ejusumbulat.</strong></span> 
     </span>
     <span class='ocr_line' id='line_1_58' title="bbox 172 4298 1514 4374; baseline 0 -16"><span class='ocrx_word' id='word_1_572' title='bbox 172 4308 202 4358; x_wconf 89' lang='lat' dir='ltr'><strong>et</strong></span> <span class='ocrx_word' id='word_1_573' title='bbox 217 4302 362 4374; x_wconf 76' lang='lat' dir='ltr'><strong>palpebra</strong></span> <span class='ocrx_word' id='word_1_574' title='bbox 377 4318 448 4358; x_wconf 83' lang='lat' dir='ltr'><strong>meae</strong></span> <span class='ocrx_word' id='word_1_575' title='bbox 462 4300 673 4373; x_wconf 86' lang='lat' dir='ltr'><strong>caligaverunt.</strong></span> <span class='ocrx_word' id='word_1_576' title='bbox 1012 4302 1174 4360; x_wconf 84' lang='lat' dir='ltr'><strong>Tenebitur</strong></span> <span class='ocrx_word' id='word_1_577' title='bbox 1187 4301 1290 4374; x_wconf 90' lang='lat' dir='ltr'><strong>planta</strong></span> <span class='ocrx_word' id='word_1_578' title='bbox 1302 4298 1383 4356; x_wconf 88' lang='lat' dir='ltr'><strong>illius</strong></span> <span class='ocrx_word' id='word_1_579' title='bbox 1398 4300 1514 4374; x_wconf 88' lang='lat' dir='ltr'><strong>laqueo,</strong></span> 
     </span>
     <span class='ocr_line' id='line_1_59' title="bbox 133 4373 1549 4469; baseline 0 -39"><span class='ocrx_word' id='word_1_580' title='bbox 133 4377 203 4430; x_wconf 77' lang='lat' dir='ltr'><strong>limo</strong></span> <span class='ocrx_word' id='word_1_581' title='bbox 217 4390 322 4446; x_wconf 88' lang='lat' dir='ltr'><strong>passus</strong></span> <span class='ocrx_word' id='word_1_582' title='bbox 337 4391 405 4431; x_wconf 86' lang='lat' dir='ltr'><strong>sum</strong></span> <span class='ocrx_word' id='word_1_583' title='bbox 420 4375 530 4446; x_wconf 88' lang='lat' dir='ltr'><strong>absque</strong></span> <span class='ocrx_word' id='word_1_584' title='bbox 544 4373 699 4445; x_wconf 88' lang='lat' dir='ltr'><strong>iniquitate</strong></span> <span class='ocrx_word' id='word_1_585' title='bbox 714 4390 821 4430; x_wconf 90' lang='lat' dir='ltr'><strong>manus</strong></span> <span class='ocrx_word' id='word_1_586' title='bbox 836 4389 919 4442; x_wconf 82' lang='lat' dir='ltr'><strong>mea,</strong></span> <span class='ocrx_word' id='word_1_587' title='bbox 972 4401 996 4469; x_wconf 72' lang='lat' dir='ltr'>D</span> <span class='ocrx_word' id='word_1_588' title='bbox 1048 4380 1077 4432; x_wconf 88' lang='lat' dir='ltr'><strong>et</strong></span> <span class='ocrx_word' id='word_1_589' title='bbox 1092 4375 1261 4432; x_wconf 84' lang='lat' dir='ltr'><strong>exardescet</strong></span> <span class='ocrx_word' id='word_1_590' title='bbox 1275 4381 1378 4429; x_wconf 87' lang='lat' dir='ltr'><strong>eontra</strong></span> <span class='ocrx_word' id='word_1_591' title='bbox 1392 4389 1457 4429; x_wconf 87' lang='lat' dir='ltr'><strong>eum</strong></span> <span class='ocrx_word' id='word_1_592' title='bbox 1474 4374 1549 4445; x_wconf 90' lang='lat' dir='ltr'><strong>sitis,</strong></span> 
     </span>
     <span class='ocr_line' id='line_1_60' title="bbox 174 4444 1586 4519; baseline 0.001 -18"><span class='ocrx_word' id='word_1_593' title='bbox 174 4462 241 4501; x_wconf 90' lang='lat' dir='ltr'><strong>cum</strong></span> <span class='ocrx_word' id='word_1_594' title='bbox 257 4445 394 4502; x_wconf 89' lang='lat' dir='ltr'><strong>haberem</strong></span> <span class='ocrx_word' id='word_1_595' title='bbox 413 4447 538 4502; x_wconf 89' lang='lat' dir='ltr'><strong>mundas</strong></span> <span class='ocrx_word' id='word_1_596' title='bbox 554 4446 590 4501; x_wconf 90' lang='lat' dir='ltr'><strong>ad</strong></span> <span class='ocrx_word' id='word_1_597' title='bbox 607 4445 698 4504; x_wconf 87' lang='lat' dir='ltr'><strong>Deum</strong></span> <span class='ocrx_word' id='word_1_598' title='bbox 713 4461 827 4519; x_wconf 89' lang='lat' dir='ltr'><strong>preces,</strong></span> <span class='ocrx_word' id='word_1_599' title='bbox 1012 4446 1192 4503; x_wconf 71' lang='lat' dir='ltr'><strong>abscondita</strong></span> <span class='ocrx_word' id='word_1_600' title='bbox 1206 4449 1251 4502; x_wconf 91' lang='lat' dir='ltr'><strong>est</strong></span> <span class='ocrx_word' id='word_1_601' title='bbox 1265 4444 1294 4499; x_wconf 93' lang='lat' dir='ltr'><strong>in</strong></span> <span class='ocrx_word' id='word_1_602' title='bbox 1305 4448 1383 4500; x_wconf 88' lang='lat' dir='ltr'><strong>tarra</strong></span> <span class='ocrx_word' id='word_1_603' title='bbox 1395 4444 1497 4517; x_wconf 90' lang='lat' dir='ltr'><strong>pedica</strong></span> <span class='ocrx_word' id='word_1_604' title='bbox 1510 4447 1586 4518; x_wconf 90' lang='lat' dir='ltr'><strong>ejus,</strong></span> 
     </span>
     <span class='ocr_line' id='line_1_61' title="bbox 134 4515 1586 4590; baseline 0.002 -17"><span class='ocrx_word' id='word_1_605' title='bbox 134 4517 239 4583; x_wconf 83' lang='lat' dir='ltr'><strong>Terra,</strong></span> <span class='ocrx_word' id='word_1_606' title='bbox 255 4534 291 4573; x_wconf 93' lang='lat' dir='ltr'><strong>ne</strong></span> <span class='ocrx_word' id='word_1_607' title='bbox 305 4516 422 4589; x_wconf 88' lang='lat' dir='ltr'><strong>operias</strong></span> <span class='ocrx_word' id='word_1_608' title='bbox 435 4517 608 4590; x_wconf 89' lang='lat' dir='ltr'><strong>sanguinem</strong></span> <span class='ocrx_word' id='word_1_609' title='bbox 625 4533 735 4587; x_wconf 90' lang='lat' dir='ltr'><strong>meum,</strong></span> <span class='ocrx_word' id='word_1_610' title='bbox 1048 4523 1077 4576; x_wconf 91' lang='lat' dir='ltr'><strong>et</strong></span> <span class='ocrx_word' id='word_1_611' title='bbox 1091 4516 1228 4590; x_wconf 88' lang='lat' dir='ltr'><strong>decipula</strong></span> <span class='ocrx_word' id='word_1_612' title='bbox 1240 4515 1320 4572; x_wconf 88' lang='lat' dir='ltr'><strong>illiue</strong></span> <span class='ocrx_word' id='word_1_613' title='bbox 1335 4532 1425 4589; x_wconf 89' lang='lat' dir='ltr'><strong>super</strong></span> <span class='ocrx_word' id='word_1_614' title='bbox 1438 4518 1586 4576; x_wconf 88' lang='lat' dir='ltr'><strong>semitam.</strong></span> 
     </span>
     <span class='ocr_line' id='line_1_62' title="bbox 175 4587 1597 4662; baseline 0.004 -19"><span class='ocrx_word' id='word_1_615' title='bbox 175 4604 272 4660; x_wconf 88' lang='lat' dir='ltr'><strong>nsque</strong></span> <span class='ocrx_word' id='word_1_616' title='bbox 285 4587 516 4645; x_wconf 88' lang='lat' dir='ltr'><strong>iuveniatlocum</strong></span> <span class='ocrx_word' id='word_1_617' title='bbox 529 4589 558 4644; x_wconf 90' lang='lat' dir='ltr'><strong>ia</strong></span> <span class='ocrx_word' id='word_1_618' title='bbox 574 4593 602 4645; x_wconf 90' lang='lat' dir='ltr'><strong>te</strong></span> <span class='ocrx_word' id='word_1_619' title='bbox 613 4588 723 4646; x_wconf 92' lang='lat' dir='ltr'><strong>latendi</strong></span> <span class='ocrx_word' id='word_1_620' title='bbox 736 4588 848 4646; x_wconf 89' lang='lat' dir='ltr'><strong>clamor</strong></span> <span class='ocrx_word' id='word_1_621' title='bbox 866 4603 961 4646; x_wconf 88' lang='lat' dir='ltr'><strong>meus.</strong></span> <span class='ocrx_word' id='word_1_622' title='bbox 1013 4588 1150 4662; x_wconf 90' lang='lat' dir='ltr'><strong>Undique</strong></span> <span class='ocrx_word' id='word_1_623' title='bbox 1165 4587 1317 4645; x_wconf 88' lang='lat' dir='ltr'><strong>terrebunt</strong></span> <span class='ocrx_word' id='word_1_624' title='bbox 1331 4603 1399 4644; x_wconf 92' lang='lat' dir='ltr'><strong>eum</strong></span> <span class='ocrx_word' id='word_1_625' title='bbox 1416 4589 1597 4661; x_wconf 90' lang='lat' dir='ltr'><strong>formidines,</strong></span> 
     </span>
     <span class='ocr_line' id='line_1_63' title="bbox 139 4659 1758 4741; baseline 0.004 -24"><span class='ocrx_word' id='word_1_626' title='bbox 139 4660 214 4717; x_wconf 79' lang='lat' dir='ltr'><strong>Ecce</strong></span> <span class='ocrx_word' id='word_1_627' title='bbox 229 4660 308 4716; x_wconf 89' lang='lat' dir='ltr'><strong>enim</strong></span> <span class='ocrx_word' id='word_1_628' title='bbox 323 4659 354 4717; x_wconf 90' lang='lat' dir='ltr'><strong>in</strong></span> <span class='ocrx_word' id='word_1_629' title='bbox 370 4659 442 4717; x_wconf 86' lang='lat' dir='ltr'><strong>emto</strong></span> <span class='ocrx_word' id='word_1_630' title='bbox 458 4661 541 4717; x_wconf 90' lang='lat' dir='ltr'><strong>testis</strong></span> <span class='ocrx_word' id='word_1_631' title='bbox 554 4675 648 4731; x_wconf 88' lang='lat' dir='ltr'><strong>meus,</strong></span> <span class='ocrx_word' id='word_1_632' title='bbox 1049 4665 1078 4718; x_wconf 89' lang='lat' dir='ltr'><strong>et</strong></span> <span class='ocrx_word' id='word_1_633' title='bbox 1092 4660 1239 4717; x_wconf 90' lang='lat' dir='ltr'><strong>involvent</strong></span> <span class='ocrx_word' id='word_1_634' title='bbox 1252 4675 1319 4715; x_wconf 90' lang='lat' dir='ltr'><strong>eum</strong></span> <span class='ocrx_word' id='word_1_635' title='bbox 1336 4660 1427 4731; x_wconf 88' lang='lat' dir='ltr'><strong>pedes</strong></span> <span class='ocrx_word' id='word_1_636' title='bbox 1441 4661 1570 4733; x_wconf 82' lang='lat' dir='ltr'><strong>ejus(Al.</strong></span> <span class='ocrx_word' id='word_1_637' title='bbox 1586 4668 1657 4721; x_wconf 86' lang='lat' dir='ltr'><strong>tacet</strong></span> <span class='ocrx_word' id='word_1_638' title='bbox 1673 4666 1758 4741; x_wconf 84' lang='lat' dir='ltr'><strong>ejus),</strong></span> 
     </span>
     <span class='ocr_line' id='line_1_64' title="bbox 175 4731 1475 4804; baseline 0.001 -17"><span class='ocrx_word' id='word_1_639' title='bbox 175 4737 205 4788; x_wconf 92' lang='lat' dir='ltr'><strong>et</strong></span> <span class='ocrx_word' id='word_1_640' title='bbox 219 4731 358 4788; x_wconf 90' lang='lat' dir='ltr'><strong>conscius</strong></span> <span class='ocrx_word' id='word_1_641' title='bbox 373 4748 458 4790; x_wconf 88' lang='lat' dir='ltr'><strong>meus</strong></span> <span class='ocrx_word' id='word_1_642' title='bbox 474 4733 503 4789; x_wconf 84' lang='lat' dir='ltr'><strong>in</strong></span> <span class='ocrx_word' id='word_1_643' title='bbox 520 4731 653 4802; x_wconf 89' lang='lat' dir='ltr'><strong>excelsis,</strong></span> <span class='ocrx_word' id='word_1_644' title='bbox 1013 4736 1192 4789; x_wconf 69' lang='lat' dir='ltr'><strong>attenuetur</strong></span> <span class='ocrx_word' id='word_1_645' title='bbox 1206 4733 1282 4788; x_wconf 90' lang='lat' dir='ltr'><strong>fame</strong></span> <span class='ocrx_word' id='word_1_646' title='bbox 1297 4731 1387 4787; x_wconf 91' lang='lat' dir='ltr'><strong>robur</strong></span> <span class='ocrx_word' id='word_1_647' title='bbox 1401 4733 1475 4804; x_wconf 88' lang='lat' dir='ltr'><strong>ejus,</strong></span> 
     </span>
     <span class='ocr_line' id='line_1_65' title="bbox 136 4802 1543 4874; baseline 0.001 -15"><span class='ocrx_word' id='word_1_648' title='bbox 136 4802 261 4859; x_wconf 71' lang='lat' dir='ltr'><strong>verbosi</strong></span> <span class='ocrx_word' id='word_1_649' title='bbox 277 4803 334 4860; x_wconf 90' lang='lat' dir='ltr'><strong>mei</strong></span> <span class='ocrx_word' id='word_1_650' title='bbox 349 4802 435 4861; x_wconf 91' lang='lat' dir='ltr'><strong>amici</strong></span> <span class='ocrx_word' id='word_1_651' title='bbox 447 4804 469 4874; x_wconf 84' lang='lat'><strong>⁸,</strong></span> <span class='ocrx_word' id='word_1_652' title='bbox 1051 4812 1079 4861; x_wconf 90' lang='lat' dir='ltr'><strong>et</strong></span> <span class='ocrx_word' id='word_1_653' title='bbox 1094 4805 1193 4860; x_wconf 90' lang='lat' dir='ltr'><strong>inedia</strong></span> <span class='ocrx_word' id='word_1_654' title='bbox 1208 4803 1326 4859; x_wconf 87' lang='lat' dir='ltr'><strong>invadat</strong></span> <span class='ocrx_word' id='word_1_655' title='bbox 1340 4813 1437 4860; x_wconf 89' lang='lat' dir='ltr'><strong>costas</strong></span> <span class='ocrx_word' id='word_1_656' title='bbox 1452 4803 1543 4861; x_wconf 91' lang='lat' dir='ltr'><strong>illius.</strong></span> 
     </span>
     <span class='ocr_line' id='line_1_66' title="bbox 175 4873 1587 4950; baseline 0.004 -20"><span class='ocrx_word' id='word_1_657' title='bbox 175 4875 212 4930; x_wconf 87' lang='lat' dir='ltr'><strong>nd</strong></span> <span class='ocrx_word' id='word_1_658' title='bbox 228 4874 320 4931; x_wconf 85' lang='lat' dir='ltr'><strong>Deum</strong></span> <span class='ocrx_word' id='word_1_659' title='bbox 344 4875 437 4932; x_wconf 90' lang='lat' dir='ltr'><strong>stillat</strong></span> <span class='ocrx_word' id='word_1_660' title='bbox 462 4875 568 4932; x_wconf 93' lang='lat' dir='ltr'><strong>oculus</strong></span> <span class='ocrx_word' id='word_1_661' title='bbox 584 4892 678 4932; x_wconf 89' lang='lat' dir='ltr'><strong>meus.</strong></span> <span class='ocrx_word' id='word_1_662' title='bbox 1015 4876 1140 4934; x_wconf 88' lang='lat' dir='ltr'><strong>Devoret</strong></span> <span class='ocrx_word' id='word_1_663' title='bbox 1154 4873 1405 4950; x_wconf 89' lang='lat' dir='ltr'><strong>pulchritudinem</strong></span> <span class='ocrx_word' id='word_1_664' title='bbox 1421 4876 1496 4933; x_wconf 89' lang='lat' dir='ltr'><strong>eutis</strong></span> <span class='ocrx_word' id='word_1_665' title='bbox 1511 4879 1587 4949; x_wconf 89' lang='lat' dir='ltr'><strong>ejus,</strong></span> 
     </span>
     <span class='ocr_line' id='line_1_67' title="bbox 137 4945 1749 5023; baseline 0.006 -21"><span class='ocrx_word' id='word_1_666' title='bbox 137 4946 233 5018; x_wconf 77' lang='lat' dir='ltr'><strong>Atque</strong></span> <span class='ocrx_word' id='word_1_667' title='bbox 243 4946 357 5003; x_wconf 90' lang='lat' dir='ltr'><strong>utinam</strong></span> <span class='ocrx_word' id='word_1_668' title='bbox 367 4947 567 5019; x_wconf 86' lang='lat' dir='ltr'><strong>sicjudieetur</strong></span> <span class='ocrx_word' id='word_1_669' title='bbox 577 4949 629 5019; x_wconf 74' lang='lat' dir='ltr'><strong>tlt</strong></span> <span class='ocrx_word' id='word_1_670' title='bbox 635 4945 829 5020; x_wconf 84' lang='lat' dir='ltr'><strong>judicaretur)</strong></span> <span class='ocrx_word' id='word_1_671' title='bbox 840 4946 883 5002; x_wconf 88' lang='lat' dir='ltr'><strong>vir</strong></span> <span class='ocrx_word' id='word_1_672' title='bbox 897 4961 965 5004; x_wconf 92' lang='lat' dir='ltr'><strong>cum</strong></span> <span class='ocrx_word' id='word_1_673' title='bbox 1051 4953 1207 5004; x_wconf 89' lang='lat' dir='ltr'><strong>consumat</strong></span> <span class='ocrx_word' id='word_1_674' title='bbox 1221 4945 1340 5003; x_wconf 90' lang='lat' dir='ltr'><strong>brachiu</strong></span> <span class='ocrx_word' id='word_1_675' title='bbox 1354 4946 1435 5003; x_wconf 92' lang='lat' dir='ltr'><strong>illius</strong></span> <span class='ocrx_word' id='word_1_676' title='bbox 1450 4948 1644 5023; x_wconf 90' lang='lat' dir='ltr'><strong>primogenita</strong></span> <span class='ocrx_word' id='word_1_677' title='bbox 1660 4969 1749 5011; x_wconf 91' lang='lat' dir='ltr'><strong>mors.</strong></span> 
     </span>
     <span class='ocr_line' id='line_1_68' title="bbox 215 5016 1692 5094; baseline 0.005 -21"><span class='ocrx_word' id='word_1_678' title='bbox 215 5022 283 5088; x_wconf 86' lang='lat' dir='ltr'><strong>Deo,</strong></span> <span class='ocrx_word' id='word_1_679' title='bbox 1015 5018 1164 5076; x_wconf 76' lang='lat' dir='ltr'><strong>avellatur</strong></span> <span class='ocrx_word' id='word_1_680' title='bbox 1178 5019 1214 5075; x_wconf 91' lang='lat' dir='ltr'><strong>de</strong></span> <span class='ocrx_word' id='word_1_681' title='bbox 1228 5016 1414 5075; x_wconf 87' lang='lat' dir='ltr'><strong>tabernaculo</strong></span> <span class='ocrx_word' id='word_1_682' title='bbox 1430 5035 1484 5076; x_wconf 92' lang='lat' dir='ltr'><strong>suo</strong></span> <span class='ocrx_word' id='word_1_683' title='bbox 1497 5021 1605 5078; x_wconf 87' lang='lat' dir='ltr'><strong>fiducia</strong></span> <span class='ocrx_word' id='word_1_684' title='bbox 1619 5024 1692 5094; x_wconf 89' lang='lat' dir='ltr'><strong>ejus;</strong></span> 
     </span>
     <span class='ocr_line' id='line_1_69' title="bbox 177 5089 1724 5175; baseline 0.005 -30"><span class='ocrx_word' id='word_1_685' title='bbox 177 5089 326 5163; x_wconf 90' lang='lat' dir='ltr'><strong>quomodo</strong></span> <span class='ocrx_word' id='word_1_686' title='bbox 346 5089 497 5161; x_wconf 87' lang='lat' dir='ltr'><strong>judicatur</strong></span> <span class='ocrx_word' id='word_1_687' title='bbox 512 5090 591 5149; x_wconf 88' lang='lat' dir='ltr'><strong>filins</strong></span> <span class='ocrx_word' id='word_1_688' title='bbox 618 5090 748 5148; x_wconf 91' lang='lat' dir='ltr'><strong>hominis</strong></span> <span class='ocrx_word' id='word_1_689' title='bbox 763 5107 830 5149; x_wconf 89' lang='lat' dir='ltr'><strong>cum</strong></span> <span class='ocrx_word' id='word_1_690' title='bbox 856 5089 967 5163; x_wconf 79' lang='lat' dir='ltr'><strong>collega</strong></span> <span class='ocrx_word' id='word_1_691' title='bbox 1052 5095 1081 5148; x_wconf 90' lang='lat' dir='ltr'><strong>et</strong></span> <span class='ocrx_word' id='word_1_692' title='bbox 1096 5091 1188 5148; x_wconf 89' lang='lat' dir='ltr'><strong>calcet</strong></span> <span class='ocrx_word' id='word_1_693' title='bbox 1203 5105 1292 5162; x_wconf 92' lang='lat' dir='ltr'><strong>super</strong></span> <span class='ocrx_word' id='word_1_694' title='bbox 1305 5106 1384 5156; x_wconf 90' lang='lat' dir='ltr'><strong>eum,</strong></span> <span class='ocrx_word' id='word_1_695' title='bbox 1400 5091 1486 5175; x_wconf 87' lang='lat' dir='ltr'><strong>quasi</strong></span> <span class='ocrx_word' id='word_1_696' title='bbox 1501 5109 1561 5162; x_wconf 82' lang='lat' dir='ltr'><strong>rex,</strong></span> <span class='ocrx_word' id='word_1_697' title='bbox 1577 5094 1724 5152; x_wconf 87' lang='lat' dir='ltr'><strong>interitus.</strong></span> 
     </span>
     <span class='ocr_line' id='line_1_70' title="bbox 217 5160 1840 5238; baseline 0.004 -20"><span class='ocrx_word' id='word_1_698' title='bbox 217 5176 281 5218; x_wconf 90' lang='lat' dir='ltr'><strong>suo.</strong></span> <span class='ocrx_word' id='word_1_699' title='bbox 1018 5160 1156 5220; x_wconf 88' lang='lat' dir='ltr'><strong>Habitent</strong></span> <span class='ocrx_word' id='word_1_700' title='bbox 1166 5161 1195 5218; x_wconf 91' lang='lat' dir='ltr'><strong>in</strong></span> <span class='ocrx_word' id='word_1_701' title='bbox 1208 5161 1396 5221; x_wconf 90' lang='lat' dir='ltr'><strong>tabernaculo</strong></span> <span class='ocrx_word' id='word_1_702' title='bbox 1406 5163 1487 5221; x_wconf 81' lang='lat' dir='ltr'><strong>illius</strong></span> <span class='ocrx_word' id='word_1_703' title='bbox 1498 5164 1568 5223; x_wconf 90' lang='lat' dir='ltr'><strong>socii</strong></span> <span class='ocrx_word' id='word_1_704' title='bbox 1582 5165 1704 5238; x_wconf 87' lang='lat' dir='ltr'><strong>ejusqui</strong></span> <span class='ocrx_word' id='word_1_705' title='bbox 1716 5171 1840 5225; x_wconf 90' lang='lat' dir='ltr'><strong>nonest.</strong></span> 
     </span>
    </p>
   </div>
   <div class='ocr_carea' id='block_1_9' title="bbox 143 5372 1857 5815">
    <p class='ocr_par' dir='ltr' id='par_1_13' title="bbox 143 5372 1857 5815">
     <span class='ocr_line' id='line_1_71' title="bbox 181 5372 1842 5502; baseline 0.006 -72"><span class='ocrx_word' id='word_1_706' title='bbox 181 5374 239 5502; x_wconf 52' lang='lat' dir='ltr'><strong>{gn</strong></span> <span class='ocrx_word' id='word_1_707' title='bbox 256 5372 392 5500; x_wconf 51' lang='grc' dir='ltr'><strong>Ριῗὶυῑίριο1</strong></span> <span class='ocrx_word' id='word_1_708' title='bbox 411 5390 467 5433; x_wconf 90' lang='lat' dir='ltr'><strong>ms.</strong></span> <span class='ocrx_word' id='word_1_709' title='bbox 484 5393 593 5462; x_wconf 77' lang='lat' dir='ltr'><strong>pressas</strong></span> <span class='ocrx_word' id='word_1_710' title='bbox 608 5394 659 5451; x_wconf 92' lang='lat' dir='ltr'><strong>pro</strong></span> <span class='ocrx_word' id='word_1_711' title='bbox 674 5385 751 5434; x_wconf 80' lang='lat' dir='ltr'><strong>crtus</strong></span> <span class='ocrx_word' id='word_1_712' title='bbox 765 5375 883 5450; x_wconf 91' lang='lat' dir='ltr'><strong>legitur,</strong></span> <span class='ocrx_word' id='word_1_713' title='bbox 903 5392 968 5450; x_wconf 76' lang='lat' dir='ltr'><strong>qus</strong></span> <span class='ocrx_word' id='word_1_714' title='bbox 1055 5378 1145 5461; x_wconf 70' lang='lat' dir='ltr'><strong>‘fluo</strong></span> <span class='ocrx_word' id='word_1_715' title='bbox 1159 5375 1189 5433; x_wconf 92' lang='lat' dir='ltr'><strong>in</strong></span> <span class='ocrx_word' id='word_1_716' title='bbox 1205 5376 1321 5460; x_wconf 83' lang='lat' dir='ltr'><strong>Conone</strong></span> <span class='ocrx_word' id='word_1_717' title='bbox 1345 5377 1609 5464; x_wconf 66' lang='lat' dir='ltr'><strong>Seu-(tormacensi</strong></span> <span class='ocrx_word' id='word_1_718' title='bbox 1625 5378 1842 5464; x_wconf 77' lang='lat' dir='ltr'><strong>transtulerunt</strong></span> 
     </span>
     <span class='ocr_line' id='line_1_72' title="bbox 143 5452 1844 5652; baseline 0.006 -79"><span class='ocrx_word' id='word_1_719' title='bbox 143 5465 196 5554; x_wconf 43' lang='lat' dir='ltr'><strong>qul}</strong></span> <span class='ocrx_word' id='word_1_720' title='bbox 208 5452 970 5593; x_wconf 40' lang='lat' dir='ltr'><strong>§gtrqegffinrgscegsgsrug⁰133qussdasstquuo&#39;ihm</strong></span> <span class='ocrx_word' id='word_1_721' title='bbox 1019 5452 1844 5652; x_wconf 36' lang='lat' dir='ltr'><strong>tirsoprpfftlpgrcsspmadprimae:fflgquzlqu;qrzyel}gfeqqzrz·</strong></span> 
     </span>
     <span class='ocr_line' id='line_1_73' title="bbox 146 5589 1844 5740; baseline 0.006 -24"><span class='ocrx_word' id='word_1_722' title='bbox 146 5589 509 5721; x_wconf 70' lang='lat' dir='ltr'><strong>⁸t⁰tlttfttttz⁰it</strong></span> <span class='ocrx_word' id='word_1_723' title='bbox 524 5663 709 5722; x_wconf 54' lang='lat' dir='ltr'><strong>nerninem.</strong></span> <span class='ocrx_word' id='word_1_724' title='bbox 728 5662 761 5719; x_wconf 77' lang='lat' dir='ltr'><strong>n</strong></span> <span class='ocrx_word' id='word_1_725' title='bbox 777 5659 918 5734; x_wconf 55' lang='lat' dir='ltr'><strong>nitran</strong></span> <span class='ocrx_word' id='word_1_726' title='bbox 931 5677 973 5718; x_wconf 64' lang='lat' dir='ltr'><strong>s.</strong></span> <span class='ocrx_word' id='word_1_727' title='bbox 1021 5609 1086 5722; x_wconf 63' lang='lat' dir='ltr'><strong>{tt</strong></span> <span class='ocrx_word' id='word_1_728' title='bbox 1099 5592 1844 5740; x_wconf 65' lang='lat' dir='ltr'><strong>tttttttlttttttttttttttftlfttfttt</strong></span> 
     </span>
     <span class='ocr_line' id='line_1_74' title="bbox 147 5734 1857 5815; baseline 0.004 -24"><span class='ocrx_word' id='word_1_729' title='bbox 147 5734 249 5793; x_wconf 84' lang='lat' dir='ltr'><strong>mitam</strong></span> <span class='ocrx_word' id='word_1_730' title='bbox 263 5750 347 5809; x_wconf 80' lang='lat' dir='ltr'><strong>quom</strong></span> <span class='ocrx_word' id='word_1_731' title='bbox 359 5750 416 5792; x_wconf 83' lang='lat' dir='ltr'><strong>noa</strong></span> <span class='ocrx_word' id='word_1_732' title='bbox 430 5743 564 5805; x_wconf 74' lang='lat' dir='ltr'><strong>recmtor,</strong></span> <span class='ocrx_word' id='word_1_733' title='bbox 581 5737 703 5794; x_wconf 79' lang='lat' dir='ltr'><strong>ambulo.</strong></span> <span class='ocrx_word' id='word_1_734' title='bbox 1022 5735 1075 5794; x_wconf 90' lang='lat' dir='ltr'><strong>tini</strong></span> <span class='ocrx_word' id='word_1_735' title='bbox 1090 5734 1265 5811; x_wconf 68' lang='lat' dir='ltr'><strong>tuiciensis,</strong></span> <span class='ocrx_word' id='word_1_736' title='bbox 1281 5737 1332 5795; x_wconf 91' lang='lat' dir='ltr'><strong>sed</strong></span> <span class='ocrx_word' id='word_1_737' title='bbox 1348 5752 1437 5794; x_wconf 91' lang='lat' dir='ltr'><strong>manu</strong></span> <span class='ocrx_word' id='word_1_738' title='bbox 1457 5737 1611 5795; x_wconf 89' lang='lat' dir='ltr'><strong>recentiori</strong></span> <span class='ocrx_word' id='word_1_739' title='bbox 1627 5740 1857 5815; x_wconf 54' lang='lat' dir='ltr'><strong>posituim.</strong></span> 
     </span>
    </p>
   </div>
   <div class='ocr_carea' id='block_1_10' title="bbox 0 0 1968 6148">
    <p class='ocr_par' dir='ltr' id='par_1_14' title="bbox 0 0 1968 6148">
     <span class='ocr_line' id='line_1_75' title="bbox 0 0 1968 6148; baseline 0 0"><span class='ocrx_word' id='word_1_740' title='bbox 0 0 1968 6148; x_wconf 95' lang='lat' dir='ltr'><strong> </strong></span> 
     </span>
    </p>
   </div>
  </div>
 </body>
</html>
