3870 6120
123 202 193 259 1021
692 212 1257 271 amaeazaeumuvsaaoanurna.
1761 206 1831 264 1022

158 326 351 395 revertimini,
367 332 395 386 et
408 329 505 388 vivite.
962 331 990 405 Α
1006 338 1037 394 ln
1053 336 1112 406 die,
1127 352 1186 409 qua
1200 335 1273 408 elegi
1288 333 1388 406 lsrael,

122 400 206 472 (Cep.
225 400 314 473 XIX.)
325 401 361 456 Et
373 408 405 457 tu
418 403 436 457 ¹.
449 420 568 461 assume
579 403 729 479 planetum
740 408 948 482 superprinci·
1039 408 1130 465 levavi
1147 425 1266 464 manum
1284 423 1377 463 meam
1393 423 1446 479 pro
1462 406 1553 489 stirpe
1568 405 1674 462 domus
1690 401 1793 468 laceb,

197 489 248 544 pes
262 473 364 539 lsrael,
380 478 408 530 et
423 475 521 532 dices:
1039 485 1068 536 et
1079 482 1201 552 apparui
1217 479 1259 536 cis
1274 478 1304 535 in
1320 484 1397 534 terra
1411 479 1535 550 AEgyptr.

120 545 216 610 Quare
232 549 326 600 mater
340 548 390 601 tua
405 545 496 605 leena
511 548 587 604 inter
596 548 696 607 leones
707 551 835 621 cubavit,
1039 557 1068 607 et
1082 551 1173 608 levavi
1189 567 1307 607 manum
1326 567 1418 606 meam
1434 567 1485 622 pre
1501 550 1554 620 eis,
1570 548 1693 604 dicens:

156 618 186 672 in
203 615 299 672 medio
313 614 519 675 leunculorum
536 620 675 676 enutrivit
690 620 803 680 catulos
818 625 915 681 suasi
1003 623 1060 693 Ego
1075 621 1222 678 Dominus
1234 624 1309 679 Deus
1320 627 1433 679 vester:

119 687 154 744 Et
168 687 269 743 eduxit
284 704 376 744 unum
393 688 429 746 de
444 690 591 747 leunculis
607 688 694 749 suis?
1003 697 1034 751 ln
1051 695 1097 751 die
1112 695 1163 750 illa
1178 693 1271 750 levavi
1287 710 1408 750 manum
1424 708 1518 749 meam
1537 708 1588 763 pro
1604 691 1657 756 cis,

155 758 201 814 leo
220 760 316 815 lactus
330 763 394 815 est:
1037 771 1070 822 ut
1093 767 1245 822 educerem
1272 782 1321 821 eos
1346 765 1480 820 deterre
1503 762 1616 836 AEgypti
1646 762 1675 815 in
1703 763 1828 824 terram,

154 836 184 885 at
194 831 406 903 didicitcapere
417 835 772 910 predam,bominemque
783 839 946 896 comedere.
1073 854 1161 910 quarn
1175 838 1357 909 providerem
1373 837 1427 905 eis,
1439 836 1576 891 fluentem
1593 833 1708 889 lacteat
1723 829 1827 886 melle:

119 905 152 957 Et
168 902 328 958 audierunt
342 905 377 959 da
393 920 427 961 eo
442 910 555 977 gentes,
1036 926 1100 983 quae
1116 914 1160 966 est
1175 907 1290 982 egregia
1303 908 1380 963 inter
1394 922 1497 964 ornnes
1512 910 1615 962 terras.

154 980 185 1030 et
200 990 257 1030 non
272 974 384 1046 absque
399 976 568 1035 vulneribus
583 978 645 1035 suis
660 983 799 1052 ceperunt
813 996 893 1051 eum,
1001 982 1035 1037 ut
1049 981 1107 1036 dixi
1124 981 1159 1039 ad
1171 996 1221 1038 eos
1236 995 1243 1036 :
1737 1044 1754 1057 Ι,
1776 1043 1781 1056 ,

154 1054 182 1101 at
197 1047 385 1103 adduxerunt
397 1063 465 1103 eum
480 1049 510 1104 in
523 1050 635 1107 eatenis
651 1050 802 1109 interram
818 1053 945 1126 AEgypti.
999 1050 1210 1125 Unusquisque
1226 1050 1400 1108 offensiones
1408 1045 1826 1117 oculorumsuorumabpcrat,

154 1120 223 1185 Qua
238 1134 305 1173 eum
322 1118 444 1174 vidisset
454 1122 593 1192 quoniam
605 1120 753 1178 iullrmata
761 1128 815 1194 est,
826 1125 946 1196 etperiit
1035 1130 1064 1181 et
1079 1126 1108 1180 in
1125 1125 1211 1180 idolis
1226 1124 1339 1196 AEgypti
1355 1122 1445 1178 nolite
1462 1119 1571 1192 pollui:

175 1191 353 1260 exspectatio
368 1191 433 1262 ejus
445 1208 452 1245 :
999 1197 1059 1268 Ego
1072 1196 1216 1253 Dominus
1227 1195 1304 1251 Deus
1315 1198 1421 1250 vester.
1442 1256 1446 1263 p

153 1261 224 1316 tulit
239 1278 331 1317 unum
347 1263 383 1319 de
398 1259 542 1318 leunculis
557 1263 631 1337 suis,
651 1263 765 1322 leonem
794 1266 946 1324 constituit
999 1269 1035 1324 Et
1050 1268 1238 1324 irritaverunt
1253 1283 1309 1333 me,

192 1349 277 1388 eum·
1036 1340 1250 1410 nolueruntque
1266 1355 1312 1393 mc
1322 1336 1435 1404 audire,

117 1403 175 1468 0ῠί
192 1405 349 1461 incedebat
364 1405 441 1461 inter
449 1405 560 1473 1601188,
1034 1412 1239 1484 unusquisque
1247 1408 1479 1466 abominationes
1486 1401 1826 1462 oculorumsoorumnon

154 1480 184 1531 et
198 1477 294 1532 iactus
309 1480 353 1533 est
366 1475 431 1533 leo:
1070 1483 1204 1556 projecit,

154 1551 185 1602 et
200 1547 300 1603 didicit
317 1549 445 1621 praedem
461 1562 575 1622 capere,
591 1553 619 1607 et
634 1550 768 1607 homines
784 1550 942 1623 devorare;
1034 1571 1087 1611 nec
1103 1555 1180 1611 idola
1192 1553 1305 1625 AEgypti
1322 1551 1523 1623 reliquerunt:

114 1618 339 1677 Didicitviduss
355 1619 458 1689 iacere,
998 1626 1033 1682 lit
1052 1627 1121 1694 dixi,
1135 1633 1167 1682 ut
1182 1625 1362 1682 eiiirnderem
1380 1619 1825 1699 indignationemnmeamsuper

153 1696 183 1745 et
197 1691 329 1747 civitatee
344 1708 445 1748 aarum
460 1690 490 1746 iu
502 1693 652 1749 desertum
668 1692 831 1752 adducere:
959 1712 983 1780 B
1033 1714 1093 1768 eos,
1110 1702 1138 1754 et
1152 1697 1305 1770 implerem
1321 1695 1395 1751 iram
1417 1708 1512 1750 meam
1541 1690 1571 1746 ln
1597 1705 1651 1754 ers,
1676 1704 1706 1743 in
1728 1684 1825 1741 medio

114 1761 150 1816 Et
166 1762 296 1819 desolata
311 1769 356 1820 est
370 1769 456 1834 terra,
473 1768 502 1820 et
516 1762 669 1837 plenitudo
684 1767 759 1839 ejus,
776 1782 875 1824 avoce
895 1783 944 1823 ru·
1070 1775 1153 1826 terras
1170 1768 1294 1843 AEgypti.

170 1834 357 1906 gitusillius.
1000 1840 1080 1913 lijeei
1095 1857 1162 1912 crgo
1177 1857 1227 1897 eos
1243 1842 1279 1896 de
1294 1845 1369 1895 terra
1384 1835 1501 1909 Egypti,
1629 1901 1635 1915 ⁸

115 1905 152 1960 Εἰ
166 1911 367 1963 convenerunt
383 1907 523 1965 adversus
539 1922 605 1965 eum
622 1910 726 1981 gentes
754 1903 885 1983 undique
909 1910 945 1968 de
997 1914 1033 1968 ut
1047 1911 1100 1970 ieci
1116 1918 1234 1986 propter
1251 1925 1357 1967 nomen
1373 1924 1482 1978 meum,
1494 1908 1527 1961 ut
1541 1920 1599 1987 uon
1609 1900 1768 1957 violaretur
1778 1912 1826 1956 eo·

190 1977 359 2050 provinciis,
1069 2001 1131 2040 ram
1143 1984 1291 2056 gentibue,
1308 1983 1337 2038 in
1353 1995 1478 2065 quarum
1496 1977 1697 2040 medioerant,

153 2054 183 2104 et
198 2051 500 2123 expanderunteuper
514 2066 582 2108 eum
598 2055 766 2122 retesuum,
1033 2060 1061 2112 et
1072 2057 1147 2112 inter
1161 2072 1235 2127 quas
1249 2070 1371 2138 apparui
1399 2051 1453 2119 eie,
1475 2056 1507 2104 ut
1530 2047 1685 2104 educerem
1712 2056 1763 2099 ees
1788 2041 1824 2098 de

111 2118 142 2176 in
154 2121 328 2179 vulneribus
343 2139 443 2178 earum
460 2127 563 2195 eaptus
579 2128 633 2179 est.
1068 2132 1145 2184 terra
1161 2130 1232 2200 AEgy
1254 2133 1284 2183 tv.

109 2192 144 2249 Et
161 2193 307 2249 miseruut
321 2210 388 2251 eum
404 2194 433 2250 in
448 2210 564 2251 caveam
581 2195 603 2264 ²,
1032 2199 1205 2257 eteduxiin
1242 2198 1382 2253 esertum.

144 2263 550 2322 etincatenieadduxerunt
573 2281 641 2323 eum
671 2266 706 2322 ad
736 2267 941 2342 regembaby-
996 2272 1030 2326 lit
1042 2270 1107 2327 dedi
1123 2270 1177 2341 eis,
1195 2270 1339 2342 precepta
1354 2282 1431 2348 mea,

183 2336 278 2394 lonis:
1031 2338 1459 2414 etiudieiameaoetendiers,
1533 2405 1539 2416 ,

106 2408 314 2480 Miseruntqus
329 2424 397 2464 eum
414 2408 442 2464 in
459 2424 618 2478 carcerem,
1041 2429 1105 2486 que
1122 2413 1209 2469 iaciat
1223 2412 1322 2475 homo,
1338 2415 1366 2466 et
1379 2409 1457 2464 vivat
1471 2407 1500 2461 in
1515 2420 1568 2460 ers.

147 2494 183 2535 na
200 2481 352 2536 audiretur
362 2497 416 2536 vox
425 2482 488 2552 ejus
499 2480 576 2536 ultra
586 2495 703 2553 semper
713 2485 827 2539 montes
839 2481 940 2541 iarael.
995 2484 1120 2558 Insuper
1134 2489 1163 2541 et
1177 2485 1299 2541 sabbata
1313 2498 1379 2538 mea
1392 2480 1459 2537 dedi
1474 2478 1528 2544 eis,

109 2550 206 2607 Mater
221 2557 273 2608 tua
288 2553 373 2625 quasi
388 2552 508 2609 vineain
520 2552 663 2626 sanguine
674 2557 724 2610 tuo
735 2566 940 2628 superaquam
1031 2562 1063 2612 ut
1074 2562 1152 2614 esset
1165 2556 1282 2629 signum
1293 2555 1371 2609 inter
1385 2568 1433 2608 me
1447 2554 1476 2607 et
1488 2564 1555 2605 eos:
1630 2616 1637 2628 ⁶

183 2624 337 2696 plantata:
1044 2634 1073 2685 et
1087 2629 1197 2685 seirent
1228 2624 1298 2699 quia
1312 2640 1365 2698 ego
1380 2621 1523 2680 Dominae
1535 2615 1734 2702 sanctificans
1762 2627 1823 2669 eos.

144 2694 261 2752 tructus
273 2697 347 2767 ejus,
364 2701 393 2753 et
407 2694 525 2752 frondes
540 2696 605 2770 ejus
620 2700 774 2754 creverunt
798 2713 832 2754 ex
854 2698 940 2770 aquia
994 2700 1029 2756 ut
1043 2700 1229 2756 irritaverunt
1248 2713 1294 2753 me
1309 2694 1416 2752 domus
1432 2691 1518 2749 lsrael
1534 2707 1563 2745 ιιι
1580 2689 1706 2752 deserto,

184 2767 300 2824 multis.
1030 2771 1060 2826 in
1075 2768 1229 2844 preceptis
1240 2768 1313 2825 meis
1326 2784 1383 2823 non
1401 2761 1638 2828 ambulaverunt,

108 2838 146 2894 Et
160 2840 244 2896 laetae
258 2843 327 2896 sunt
341 2839 367 2896 ei
382 2840 470 2912 virga
492 2838 592 2896 solida
607 2840 636 2897 iu
660 2846 776 2914 sceptra
786 2839 939 2898 dominan-
1030 2843 1179 2914 etjudicia
1195 2857 1260 2897 mea
1276 2839 1472 2913 projecerunt,
1491 2905 1497 2916 .

184 2912 272 2970 tium.
1030 2932 1096 2987 quae
1111 2914 1222 2972 iaciens
1237 2912 1324 2969 homo
1339 2909 1415 2964 vivet
1429 2905 1459 2963 in
1473 2921 1534 2960 ere:

146 2983 315 3040 eternitate
331 2987 376 3039 eet
391 2987 504 3040 statura
518 2982 582 3052 ejus
597 2982 674 3041 inter
689 2984 825 3045 frondes:
1031 2992 1060 3043 et
1075 2986 1197 3043 sabbata
1208 3000 1270 3040 mea
1286 2981 1466 3038 violaverunt
1480 2976 1668 3032 vehementer
1684 2985 1691 3026 z

108 3055 145 3112 lit
161 3056 236 3112 vidit
249 3055 434 3114 altitudinem
446 3071 531 3112 suam
543 3054 935 3133 inmultitudinepalmitum
956 3078 978 3148 c
997 3058 1061 3115 Dixi
1071 3075 1151 3186 ergg,
1168 3055 1395 3184 utteliunderem
1407 3052 1534 3106 furorem
1551 3059 1651 3102 meum
1667 3054 1756 3114 super
1770 3052 1821 3096 eos

184 3143 316 3184 suorum.
1070 3149 1099 3187 ιιι
1136 3145 1242 3197 seara,

108 3201 144 3254 Et
159 3199 261 3256 avulsa
276 3199 361 3255 estin
378 3198 430 3265 ira,
447 3198 476 3253 in
492 3203 661 3273 terramque
676 3201 814 3274 projecta,
1031 3207 1061 3260 et
1075 3217 1279 3259 consumerem
1294 3214 1355 3267 eos,
1563 3261 1568 3272 ,
1896 3254 1901 3267 ,

147 3275 294 3327 atvertus
309 3288 398 3327 urens
413 3271 532 3326 siccavit
548 3272 676 3327 fructum
690 3274 774 3344 ejus:
996 3274 1029 3331 tlt
1044 3274 1097 3331 laci
1113 3277 1231 3346 propter
1246 3285 1352 3328 nomen
1366 3282 1475 3337 meum,
1492 3279 1529 3320 ne
1543 3259 1703 3318 violaretur
1721 3269 1820 3313 eoram

109 3346 312 3426 marcuerunt,
328 3348 357 3424 et
372 3343 504 3398 arelacta
519 3347 588 3399 eunt
603 3345 688 3415 virga
712 3346 827 3403 roboris
851 3348 939 3420 ejus:
1065 3344 1229 3429 gtetttibus·¹
1269 3413 1274 3425 ,
1354 3411 1360 3421 ‚

109 3415 471 3570 Etnrgrrvlr'ricctssbnraesspltabffia
484 3485 568 3542 estin
584 3487 743 3556 desertum,
993 3418 1388 3563 qucigtrlrltssulsweggiffiurss
1396 3412 1821 3557 &elangeserrtgsitroffidesertq

147 3557 176 3613 iu
191 3563 269 3614 term
285 3558 364 3614 invia
379 3564 408 3614 et
420 3557 545 3613 sitienti.
1065 3578 1101 3617 ne
1114 3559 1284 3617 inducerem
1301 3556 1354 3628 (ai.
1387 3554 1552 3615 educerem)
1573 3562 1623 3603 eos
1645 3560 1674 3599 tn
1700 3547 1821 3612 terram,

109 3626 144 3682 lit
159 3646 297 3701 egressus
312 3635 357 3685 est
372 3629 449 3702 ignia
469 3629 504 3683 de
520 3628 601 3702 virga
616 3647 767 3688 ramorum
783 3632 860 3705 ejus,
1064 3649 1153 3704 quam
1170 3630 1237 3687 dedi
1248 3629 1302 3697 eis,
1320 3627 1464 3706 fluentem·
1475 3624 1551 3679 laete
1566 3623 1595 3675 et
1606 3615 1705 3683 melle,

146 3703 197 3773 qui
216 3703 343 3758 fructum
355 3702 420 3771 ejus
435 3701 561 3756 comedit
577 3719 584 3757 :
1029 3704 1207 3829 praecipuam
1224 3707 1369 3759 terrarum
1385 3709 1538 3753 omnium:

109 3772 147 3828 Et
162 3789 220 3830 non
238 3775 291 3829 luit
308 3773 336 3829 in
349 3790 383 3829 aa
398 3774 479 3845 virga
493 3772 590 3839 tortis,
992 3774 1066 3841 Quia
1078 3776 1109 3845 ju
1135 3774 1191 3830 ieie
1205 3787 1271 3828 mea
1286 3768 1484 3851 projecerunt.

147 3850 301 3917 Svflplrum
317 3842 544 3901 dominantium·
562 3845 581 3898 ⁸-
1026 3845 1095 3901 etin
1112 3842 1264 3917 preceptis
1280 3856 1353 3922 mers
1368 3854 1426 3893 non
1443 3832 1679 3893 ambulaverunt,

110 3915 254 3973 Planctus
270 3922 325 3982 eet,
1027 3920 1056 3972 et
1069 3917 1190 3973 sabbata
1206 3929 1271 3970 mee
1285 3911 1488 3967 violaverunt:
1551 3974 1557 3988 ³

147 3993 175 4044 et
191 3989 247 4044 erit
262 3989 290 4044 in
323 3988 463 4043 tanetum.
1027 3992 1094 4060 poet
1108 3987 1186 4043 idola
1199 3982 1278 4043 enlm
1293 3999 1344 4040 eor
1359 3996 1459 4037 eorum
1477 3975 1676 4055 gradiebatur.

109 4061 191 4142 (θιιρἶ
208 4006 332 4186 ilfi&
348 4061 456 4142 iactum
467 4058 937 4136 estinannoeeptimo,inquinto,
991 4060 1027 4116 ut
1042 4059 1156 4132 pepecit
1181 4057 1285 4114 oculus
1300 4069 1382 4111 meus
1394 4068 1483 4125 snper
1497 4064 1558 4114 eos,
1574 4050 1608 4102 ut
1623 4040 1817 4099 mterflcerem

184 4149 213 4186 ιιι
250 4147 486 4188 ecrmemensrs:
1027 4147 1076 4187 eos

145 4208 289 4260 venerunt
303 4202 355 4259 viri
372 4205 408 4259 de
423 4202 590 4260 senioribus
605 4202 705 4273 lsrael,
720 4208 753 4260 ut
773 4203 937 4279 interroga·
1026 4173 1088 4259 nec’
1095 4198 1265 4272 consumpsi
1280 4213 1330 4255 eos
1346 4196 1374 4252 in
1388 4193 1535 4278 deserto..
1595 4260 1600 4271 Ι

183 4281 248 4331 rent
261 4275 431 4341 Dominum,
990 4273 1054 4331 Dixi
1069 4278 1168 4329 autem
1181 4273 1215 4328 ad
1233 4268 1310 4327 illios
1325 4282 1427 4325 eorum
1444 4281 1472 4319 m
1482 4262 1658 4343 solitudine:
1674 4329 1680 4341 ι

148 4351 176 4403 et
192 4348 332 4403 sederunt
346 4362 444 4403 coram
459 4361 523 4401 me:
1026 4347 1056 4401 ln
1074 4344 1225 4418 preceptis
1241 4344 1355 4414 patrum
1381 4343 1543 4418 vestrorum
1569 4330 1659 4388 nolite
1673 4328 1817 4396 incedere,
1903 4358 1907 4367 ·

109 4417 149 4473 Et
165 4421 260 4475 iaetus
275 4424 320 4476 eet
335 4434 431 4475 sermo
447 4416 565 4474 Domini
580 4417 616 4474 ad
633 4433 688 4484 me,
705 4417 824 4476 dicens:
926 4456 929 4461 ψ
951 4452 976 4517 D
1028 4433 1081 4472 nec
1089 4416 1203 4489 judicia
1217 4429 1317 4471 eorum
1333 4408 1527 4489 custodiatis,-

107 4490 164 4546 liti
182 4489 321 4559 beminis,
1027 4505 1080 4545 nec
1095 4489 1124 4544 in
1137 4486 1223 4544 idolis
1240 4500 1340 4541 eorum
1356 4478 1540 4554 polluamini.

147 4562 267 4635 loquere
282 4560 449 4619 senioribus
464 4559 566 4630 lsrael,
582 4564 611 4617 et
626 4558 756 4634 dieesiad
772 4577 841 4618 eos:
991 4560 1051 4633 ligo
1065 4558 1208 4616 Dominus
1224 4557 1301 4638 Deus
1317 4558 1428 4611 vester:

109 4635 178 4690 llaec
193 4635 263 4690 dicit
279 4633 422 4689 Dominus
437 4631 531 4688 Deus:
1027 4631 1057 4686 in
1074 4629 1226 4702 preceptis
1241 4642 1315 4684 mers
1325 4622 1486 4706 ambulate,-

105 4705 186 4761 Num
200 4706 235 4760 ad
252 4703 495 4776 interrogandum
508 4719 554 4758 me
569 4718 620 4759 vos
635 4701 782 4760 venietis?
1023 4703 1137 4774 judicia
1153 4717 1218 4758 mea
1231 4695 1378 4779 custodite
1392 4700 1421 4751 et
1432 4693 1518 4750 laerte
1533 4707 1583 4748 ea:

105 4778 181 4833 Vivo
197 4794 249 4849 ego
261 4777 330 4849 quie
349 4793 407 4832 non
422 4774 605 4846 respondebo
619 4774 711 4844 vobis,
728 4774 768 4830 ait
792 4774 936 4834 Dominus
991 4774 1026 4829 lit
1041 4774 1166 4829 sabbata
1181 4788 1247 4828 mea
1261 4767 1452 4852 sanctificate,

184 4849 272 4905 Deua.
1029 4850 1061 4901 nt
1076 4845 1115 4900 sit
1130 4845 1247 4916 signum
1263 4845 1340 4897 inter
1356 4854 1402 4896 me
1417 4842 1445 4921 et
1460 4851 1523 4902 voe,
1750 4899 1756 4912 ⁸

105 4920 137 4976 si
152 4920 270 4991 jndices
284 4935 347 4988 eos,
364 4917 531 4991 eiiudieas,
555 4915 752 4984 illihominie,
1027 4917 1167 4972 etaetatis
1181 4912 1367 4986 (Ateeiatur)
1396 4925 1466 4982 qum
1489 4921 1543 4980 ego
1572 4920 1639 4962 sum
1676 4906 1816 4959 Dominus

147 4991 383 5048 abominationes
398 4994 517 5063 patrum
532 5004 633 5046 eorum
655 4988 709 5061 (at.
733 4989 867 5060 suorum)
890 5005 937 5046 oe·
1064 4992 1138 5043 Deus
1150 4988 1253 5043 vester.
1395 5051 1412 5063 ..

182 5065 268 5121 tende
280 5062 333 5119 eis.
990 5061 1025 5114 ut
1039 5058 1285 5114 exacerbaverunt
1300 5069 1345 5111 me
1361 5050 1425 5119 illu,

107 5134 147 5190 ut
161 5135 241 5191 dieas
254 5135 289 5190 ad
301 5149 370 5190 eos:
1026 5130 1055 5185 in
1071 5129 1224 5214 preceptis
1240 5125 1313 5184 meis
1328 5141 1386 5181 non
1401 5120 1636 5184 ambulaverunt,

107 5205 177 5262 liae
192 5206 264 5262 dicit
279 5203 420 5261 Dominus
436 5201 533 5259 Deus:
1026 5207 1056 5258 et
1066 5199 1180 5273 Judieia
1195 5214 1260 5256 mee
1270 5213 1328 5255 non
1344 5193 1549 5253 custodierunt
1560 5194 1591 5247 ut
1606 5189 1736 5245 iacerent
1759 5197 1815 5240 ea:
1913 5246 1916 5255 Ι

148 5421 157 5455 ¹
177 5418 208 5475 ln
233 5416 448 5488 exemplaribus
462 5417 600 5485 Cononis,
620 5420 652 5474 Et
667 5428 708 5482 ta,
735 5419 779 5489 fili
811 5418 937 5475 taminia
1026 5415 1182 5472 ’calatia
1208 5431 1263 5471 ms.
1289 5410 1398 5484 alitque
1423 5426 1511 5493 penes
1531 5404 1666 5463 Martian.
1690 5401 1812 5461 usurae

131 5490 188 5545 uod
213 5490 305 5561 Syrus
324 5493 353 5546 at
376 5489 468 5544 Arabs
493 5490 629 5545 retinent.
652 5489 791 5547 Hebraeus
826 5492 935 5547 tamen.
992 5488 1134 5562 pressius,
1151 5492 1182 5543 lrr
1197 5487 1347 5544 ccueomin
1361 5491 1474 5548 cotenu,
1490 5483 1515 5536 et
1539 5477 1815 5547 dedecorantem,

106 5507 328 5619 gemmanturia
343 5561 372 5617 S.
398 5559 502 5616 Dieron
525 5561 576 5625 mi,
592 5569 711 5634 tresque
735 5560 938 5633 antiquissimi
990 5565 1046 5618 etc.
1649 5617 1655 5629 ,
1715 5615 1720 5627 ,
1791 5616 1799 5630 ‚

109 5650 186 5689 mse.
202 5633 318 5689 codices
333 5648 483 5687 sacrorum
504 5578 679 5699 bibliorum,
705 5630 778 5689 nihil
807 5632 937 5705 amplius
1027 5630 1150 5687 'Canon
1167 5618 1816 5711 San-Germanensisetmacmbrensvepu·

108 5705 217 5775 legunt
241 5709 344 5778 preter
371 5703 411 5773 id,
437 5704 513 5775 quod
527 5719 542 5759 e
558 5704 642 5760 nobis
671 5704 801 5778 positum
817 5702 935 5781 legitur.
991 5719 1041 5760 ma
1055 5719 1157 5771 manu,
1171 5703 1204 5758 lo
1217 5703 1355 5773 sceptrum
1363 5696 1577 5755 dominantium.
1594 5691 1688 5750 Mser.

149 5780 241 5832 Maur.
