3870 6120
68 232 130 293 111
377 296 381 305 ,
778 206 1087 296 reonnuoueus.
1725 230 1784 293 111
1909 202 1912 209 ’

67 363 163 429 nnlls
192 365 395 437 memoratus,
436 377 490 426 eos
529 359 627 423 hebet
667 359 767 424 veluti
792 359 903 424 alieni·
916 361 944 432 Α
958 360 1044 424 illius
1071 363 1186 426 eruditi
1211 364 1372 445 scriptoris
1392 381 1580 426 masuram:
1611 362 1665 425 sed
1694 363 1783 426 selvo

68 478 169 539 genas
185 459 306 539 sibique
334 462 513 521 extremos.
543 456 582 519 In
606 455 740 522 Hebreeo
768 458 814 519 ito
842 456 901 519 tco-
956 476 1078 537 semper
1105 459 1225 523 honore
1254 461 1409 542 Vulgetoe,
1434 460 1501 523 sive
1528 460 1782 538 Hieronymienm

68 557 173 634 betur,
187 557 304 637 inquit,
320 560 350 617 et
355 558 482 635 fratres
498 560 568 617 tuos
581 555 737 635 visitabis,
763 556 793 617 si
822 560 902 617 recte
956 557 1116 628 versionis,
1148 575 1243 635 quam
1285 559 1368 620 notis
1405 564 1529 619 tantum
1565 556 1681 619 criticis
1707 557 1781 618 illu·

70 660 183 737 ogant,
199 653 382 736 etpignora
405 673 512 715 eorum
541 651 633 714 toties
656 652 692 734 (I
714 651 797 733 ling.
826 667 899 726 uvir,
955 660 1055 718 strare
1071 655 1261 729 decreverat,
1279 675 1342 717 non
1367 646 1406 717 es
1433 656 1498 718 odii
1522 654 1780 735 presumptione,

71 756 138 837 18.)
152 754 299 836 Pignora
328 753 362 815 in
392 751 449 816 troc
475 752 543 817 loco
566 751 695 816 Hebrei
708 752 834 815 libellos
848 772 901 813 re·
955 751 1006 812 vel
1046 752 1186 816 censorio
1214 753 1382 832 supercilio
1410 754 1512 832 ipsum
1554 759 1709 815 temerare
1744 770 1782 817 ae

68 852 163 917 cudit
178 851 381 933 intelligunt.
401 850 566 932 Siquidem
590 871 680 912 usum
705 849 798 912 iliius
824 870 900 930 gen·
955 850 1148 913 oblitterece.
1194 852 1316 932 Ubique
1354 857 1459 913 monol
1496 851 1645 913 Hebraeus
1677 857 1784 913 noster

69 953 111 1016 tis
128 953 245 1031 fuisse
276 957 404 1031 jerunt,
445 957 480 1013 ut
506 952 631 1033 qssondo
660 950 766 1014 ibatur
788 949 831 1012 'ab
854 951 900 1011 sis
954 949 1161 1022 Christianus,
1179 951 1303 1013 hocvel
1321 950 1399 1011 illud
1424 968 1487 1011 non
1519 949 1630 1011 haberi
1658 949 1691 1011 in
1719 951 1781 1011 lie·

69 1051 101 1113 iu
124 1059 286 1133 pugnem,
310 1047 440 1112 libellos
485 1049 612 1131 repudii
639 1048 790 1112 uxoribus
832 1047 900 1109 suis
954 1049 1086 1113 braico:
1130 1067 1189 1110 nec
1230 1054 1400 1129 propterca
1443 1048 1595 1128 expungit
1633 1048 1666 1108 in
1692 1066 1781 1109 seem

67 1148 208 1212 darent:
245 1153 281 1208 ut
311 1146 343 1208 si
370 1147 559 1228 contigisset
594 1147 697 1209 virum
726 1148 758 1208 in
788 1146 900 1228 pretio
955 1153 1105 1210 contextu
1124 1164 1217 1209 voces
1240 1148 1367 1211 Latinas
1394 1147 1578 1226 hujusmodi
1602 1146 1782 1207 redunden-

66 1247 147 1340 copi,
178 1252 212 1308 et
239 1245 273 1307 s‘n
301 1244 512 1327 captivitatem
549 1245 635 1324 duci,
675 1243 789 1306 mulier
817 1243 898 1323 ejus,
955 1246 1507 1327 1111111111111111111111111
1535 1245 1659 1308 addiles
1683 1262 1779 1305 neve·
1898 1247 1900 1251 ’

67 1344 255 1427 exspectatis
269 1342 373 1407 tribus
401 1344 506 1419 anuis,
537 1344 568 1406 si
586 1344 636 1405 vir
663 1343 733 1424 ejus
760 1364 821 1406 non
849 1363 901 1403 re·
955 1350 1015 1417 ret,
1032 1351 1068 1405 nt
1097 1344 1198 1406 Latini
1224 1345 1377 1409 sermonis
1400 1344 1579 1424 proprielse
1607 1342 1782 1422 complere·

67 1443 181 1514 disset,
214 1440 314 1503 alium
342 1441 470 1502 duceret
505 1441 619 1503 virum.
664 1441 778 1503 Videat
816 1459 901 1505 nuno
956 1444 1053 1506 turin
1082 1443 1259 1522 Scriptura.
1275 1445 1375 1516 Quem
1391 1444 1575 1523 opinionem
1604 1442 1631 1505 si
1659 1441 1783 1503 tutilem

69 1539 331 1624 prudenslector
359 1558 455 1619 qnam
481 1541 566 1602 clere
586 1543 713 1621 gentem
736 1539 796 1602 sibi
824 1539 901 1602 alie·
955 1541 1171 1615 aeebmeveris,
1214 1542 1290 1603 audi
1333 1543 1437 1621 ipsum
1473 1541 1664 1603 scholiasten
1691 1542 1784 1600 (iom-

68 1658 142 1703 nam
172 1638 210 1703 in
235 1636 420 1703 iudeorum
450 1643 542 1718 gente
586 1638 809 1701 demonstrarit
844 1641 904 1701 He-
957 1638 1151 1702 menteriolis
1178 1638 1211 1700 in
1240 1640 1399 1700 senticum
1428 1639 1583 1701 Debborm
1621 1639 1666 1700 ita
1707 1636 1783 1699 ecri-

67 1737 175 1802 breue
210 1735 408 1811 scholiastes,
448 1744 560 1801 auctor
593 1741 710 1807 Queat,
744 1736 838 1800 Hebr.
865 1737 897 1800 in
914 1734 1079 1802 bbentem
1095 1759 1104 1798 :
1120 1736 1184 1798 Seri
1210 1736 1295 1817 quod
1318 1736 1375 1814 ait,
1406 1756 1425 1799 ο
1453 1736 1582 1798 Amalec
1607 1734 1725 1815 (Judic.
1746 1753 1777 1811 v,

67 1834 167 1898 libros
197 1835 333 1914 Regum.
368 1838 443 1897 Non
471 1834 550 1896 dixit
579 1854 588 1896 :
617 1833 781 1916 Siquidem
823 1855 900 1899 usus
956 1839 1015 1919 le),
1045 1836 1078 1898 in
1103 1834 1236 1897 Hebraeo
1264 1855 1325 1896 nou
1353 1834 1474 1915 iegitur
1501 1856 1508 1895 :
1551 1834 1607 1894 sed
1642 1833 1777 1894 Latinus

68 1938 188 1996 nostra
215 1930 783 2015 1111111111,1111111111111111
802 1933 900 2000 homo
955 1936 1108 2017 interpres
1131 1953 1241 1994 sensus
1269 1933 1378 2014 gratio
1406 1932 1462 1994 troc
1490 1932 1629 1994 addidit.
1646 1933 1780 2010 Legerat

67 2034 173 2097 dicere
203 2032 363 2096 debuisset
401 2049 410 2095 z
452 2033 507 2095 sed
534 2037 686 2111 tanquam
716 2031 755 2093 de
788 2033 900 2097 1111111-
954 2033 1147 2096 hauddubie
1161 2031 1326 2112 epistolem
1347 2031 1530 2111 Hieronymi
1557 2030 1598 2092 ad
1625 2029 1778 2091 Sennium
1838 2052 1839 2057 ¹

67 2133 159 2212 genis
188 2131 335 2211 loqueos,
368 2130 523 2212 siquidem
548 2149 640 2194 usum
668 2130 761 2192 itlius
792 2133 900 2213 gentis
955 2132 1166 2205 etFretelem,
1182 2131 1215 2192 in
1230 2149 1293 2211 que
1308 2131 1451 2193 deversa
1481 2129 1638 2192 tricesimo
1666 2133 1780 2189 octavo

69 2230 174 2301 (uisse
204 2230 332 2307 ferunt.
358 2229 449 2294 Nihil
462 2229 653 2309 gentilitium
667 2229 822 2309 egnoseit,
850 2232 900 2294 ni·
954 2230 1069 2311 psalmi
1096 2246 1194 2293 1111111
1231 2229 1279 2291 vir
1306 2233 1431 2291 sanctus
1467 2226 1591 2289 disserit
1630 2226 1663 2287 ln
1696 2225 1782 2286 hune

67 2327 112 2389 bil
140 2327 355 2392 domesticum
383 2327 416 2389 in
445 2329 629 2391 iudaeorum
665 2327 898 2409 traditionibus,
955 2329 1111 2391 modum:
1149 2327 1189 2388 Iu
1216 2327 1349 2389 eodem:
1379 2327 1419 2387 Et
1445 2325 1602 2405 propitius
1630 2324 1686 2385 fiel
1713 2339 1784 2401 pcc·

68 2445 139 2507 que
180 2426 900 2506 11111111111111111111111111111111111
954 2427 1033 2489 cetis
1060 2445 1183 2500 eorum,
1211 2431 1244 2488 et
1271 2445 1334 2487 non
1360 2422 1523 2503 disperdet
1550 2441 1616 2483 eos.
1646 2420 1779 2499 Dicitis,
1847 2502 1852 2507 ἱ

70 2523 181 2586 libello
195 2522 333 2602 repudii.
350 2522 525 2587 Potuissem
555 2530 649 2586 etex
677 2523 748 2588 eliis
776 2527 900 2606 cepitn-
954 2527 1050 2608 quod,
1066 2543 1120 2587 eos
1147 2526 1241 2605 (vers.
1271 2525 1336 2605 ³8),
1368 2523 1400 2587 in
1433 2521 1544 2583 Groco
1573 2539 1635 2580 non
1658 2516 1779 2594 habent,

70 2622 108 2684 lis
137 2621 325 2685 eurumdem
367 2621 581 2692 Questionum
610 2622 835 2685 Hebraicerum
867 2625 899 2686 in
955 2624 1039 2706 quod
1050 2630 1080 2684 et
1095 2643 1199 2683 oerum
1213 2627 1271 2683 est.
1286 2621 1351 2682 Sed
1377 2640 1434 2681 nos
1460 2640 1498 2680 ne
1525 2618 1679 2680 sententia
1703 2626 1782 2699 pen·

71 2719 174 2783 libros
203 2720 325 2798 regum
351 2725 382 2781 et
408 2708 686 2800 Paralipomenon,
703 2721 832 2800 plenum
853 2722 900 2784 le·
954 2722 1037 2796 dect,
1053 2720 1200 2783 Latinum
1226 2739 1395 2781 sermonem
1411 2737 1469 2779 sno
1481 2716 1674 2799 proprietate
1697 2734 1782 2776 com-

72 2819 160 2897 genti
191 2817 297 2882 iecere
333 2817 535 2882 scholiastem
567 2818 704 2882 Cononis
739 2820 901 2885 Hebraico
947 2820 1118 2902 plevimus.
1147 2823 1188 2880 Et
1230 2836 1304 2880 vero
1342 2816 1418 2897 quid
1455 2815 1619 2877 obscurius
1646 2815 1679 2874 in
1707 2811 1782 2873 totis
1902 2842 1905 2847 ·

74 2915 219 2979 recitatis
258 2914 419 2979 hominem
452 2916 548 2979 tuisse
583 2917 816 2994 Christianum
846 2920 902 2983 sed
956 2919 1099 2981 codicum
1115 2916 1297 2978 Latinorum
1331 2912 1544 2977 voluminibus
1571 2911 1669 2972 sacris
1697 2927 1782 2971 reso·

71 3014 241 3079 enhelenti
264 3013 358 3075 tinem
386 3014 685 3093 Prolcgomenorum
714 3034 814 3096 peuce
843 3036 900 3096 pro
956 3019 1057 3086 neret,
1087 3031 1183 3092 quem
1211 3011 1275 3072 illm
1316 3009 1480 3073 sententies
1521 3006 1705 3087 pendentes,
1749 3005 1781 3067 in

73 3111 357 3175 mollissuiflcianl
374 3132 383 3172 .·
400 3112 537 3174 menime
563 3113 648 3193 quod
680 3114 789 3175 eedem
818 3115 901 3177 diiii·
916 3102 938 3174 C
956 3111 1070 3191 quibus
1092 3110 1190 3171 verbe
1220 3106 1384 3181 nonnulle,
1414 3105 1617 3186 pronomine,
1648 3121 1685 3167 ac
1714 3121 1783 3164 ver·

72 3209 224 3272 enitesin
249 3208 351 3272 altero
372 3209 532 3272 volumine
561 3211 670 3274 redeet
695 3211 811 3275 iterum
834 3214 898 3276 dis·
953 3211 1029 3272 bum
1043 3209 1287 3289 substantivum,
1312 3207 1527 3269 tollerentur?
1556 3204 1653 3266 Verbi
1679 3204 1782 3283 gratia

70 3306 234 3371 entienda.
272 3309 389 3370 Verum
426 3314 533 3371 temen
566 3315 740 3390 antequem
772 3311 811 3375 de
838 3311 900 3376 beo
954 3317 1045 3373 notat
1066 3310 1251 3372 scholiastes
1273 3309 1304 3370 in
1334 3312 1430 3388 ceput
1459 3323 1514 3367 111
1543 3304 1672 3366 levitici
1700 3321 1782 3366 vers.

67 3405 189 3467 tabella
206 3404 338 3467 tolletur
353 3423 478 3480 menne,
506 3406 676 3469 utilitatem
704 3408 898 3472 scholiorum
955 3412 1004 3482 ll,
1022 3427 1085 3472 non
1100 3408 1210 3471 heberi
1224 3408 1256 3470 in
1272 3407 1415 3479 Hebroeo,
1432 3404 1518 3485 quia,
1548 3421 1662 3482 neque,
1691 3421 1781 3462 sum:

69 3502 293 3582 marginalium
310 3502 445 3566 Cononis
459 3504 597 3566 breviter
611 3507 869 3587 perstringemus.
953 3528 1024 3590 qum
1038 3508 1136 3571 verbe
1150 3508 1257 3570 temen
1273 3506 1433 3586 complent
1461 3503 1688 3584 proprietatem
1716 3518 1782 3562 ser-

106 3605 197 3663 Inter
240 3600 419 3680 precipuas
469 3602 622 3665 utilitates
675 3606 898 3684 merginelium
954 3599 1782 3686 111111111111111111111111111111111181111·
1902 3598 1904 3603 '

69 3698 266 3763 scholiorum
292 3700 429 3763 (lenonis
456 3701 619 3763 Hebraico}
656 3703 807 3778 veritatis,
839 3705 900 3785 pri·
954 3705 1050 3768 mobis
1078 3704 1180 3768 Deum
1209 3709 1308 3776 tunm,
1337 3703 1413 3784 quio
1438 3721 1492 3781 ego
1522 3719 1592 3761 sum
1606 3697 1779 3760 Dominus.

70 3814 153 3859 nam
190 3814 352 3870 recenseo,
382 3797 468 3878 quod
496 3816 586 3861 arma
613 3799 705 3861 nobis
745 3802 900 3865 submini·
952 3808 1020 3867 Neo
1035 3805 1079 3869 ita
1094 3821 1202 3864 sensus
1227 3802 1354 3883 pendet,
1371 3801 1397 3862 si
1426 3799 1580 3877 legamus,
1610 3796 1784 3857 111111111-
1901 3810 1910 3819 ³

70 3899 173 3957 strant
199 3893 243 3956 ad
266 3894 472 3956 revincendos
498 3893 594 3974 hujus
623 3898 774 3976 temporis
810 3897 899 3961 bete·
953 3902 1002 3963 bis
1029 3901 1132 3962 Deum
1147 3908 1246 3979 tuum,
1263 3919 1317 3980 ego
1345 3898 1505 3959 Dominus
1519 3916 1530 3972 ‚·
1547 3894 1664 3974 pendet
1690 3911 1781 3954 nam-

72 3992 223 4061 rodoxcs,
239 3991 296 4071 qui
315 3991 430 4070 sepius
457 3993 604 4055 Ecclesiae
623 3993 679 4055 Dei
706 3994 901 4059 insultarent
953 4020 1015 4083 qne
1043 4002 1150 4081 eliquo
1179 4000 1274 4062 modo
1297 3998 1408 4060 isthec
1452 3993 1609 4056 sententie
1651 3997 1783 4071 propter

71 4089 108 4151 110
142 4088 345 4167 18101111θῦ0
385 4088 502 4168 liniti&
543 4091 717 4163 1101111118,
760 4092 900 4155 dicentes
953 4101 1127 4162 absentiam
1157 4099 1232 4178 quio
1271 4095 1436 4176 particule
1465 4091 1612 4161 ceuselis,
1643 4107 1680 4152 ae
1707 4089 1783 4150 sub-

73 4187 233 4249 neminem
272 4188 487 4250 Romanorum
515 4194 676 4268 repertum
704 4190 799 4254 inisse
828 4198 900 4271 post
953 4192 1474 4274 1111111111.11113111111111,
1493 4208 1563 4272 quus
1591 4190 1625 4251 in
1645 4187 1786 4250 liobcaeis
1917 4260 1922 4273 ,

73 4290 198 4347 etatem
223 4284 412 4364 Hieronymi
434 4285 586 4348 Hebraico
605 4288 780 4351 scientem:
810 4289 900 4352 ideo·
953 4294 1166 4360 voluminibus
1208 4312 1265 4374 per
1305 4296 1408 4355 totum
1449 4291 1607 4351 G⁸n0ntm
1638 4286 1788 4349 (1101111111

74 4400 131 4461 qne
161 4381 256 4461 quasi
286 4381 401 4444 eleusis
440 4384 540 4445 oeulis
580 4385 753 4450 catholicos
790 4406 900 4452 omnes
953 4396 1073 4466 abesse,
1105 4410 1170 4454 non
1199 4391 1358 4471 superflue
1395 4388 1505 4451 addite
1546 4389 1721 4448 noscuntur
1752 4385 1785 4445 in

74 4480 246 4544 adhesisse
271 4480 416 4560 Vulgete
433 4483 577 4556 versioni,
601 4502 659 4545 neo
686 4502 777 4564 pares
805 4476 1097 4554 luisseDrersione
1125 4490 1250 4563 Latine,
1280 4489 1355 4568 quie
1386 4487 1452 4547 sine
1481 4484 1544 4546 11111
1573 4483 1708 4546 obicum
1735 4483 1786 4544 1111

75 4578 112 4639 ad
128 4576 201 4656 ejus
226 4594 351 4640 errores
373 4580 419 4658 (nt
445 4578 506 4659 ipsi
532 4585 661 4662 vocent)
686 4585 904 4662 coarguendos
957 4590 1068 4652 mutilo
1095 4589 1198 4651 oratio
1225 4590 1413 4658 remaneret,
1447 4588 1482 4644 ut
1504 4581 1649 4661 diligenti
1676 4580 1786 4642 lectori

75 4683 105 4739 11
128 4674 362 4739 emendendos.
393 4677 520 4740 Discent
542 4679 640 4758 igitur
676 4681 905 4745 obtrectatores
956 4687 1111 4767 liquidum
1143 4685 1212 4754 erit,
1256 4683 1385 4763 quando
1415 4680 1552 4743 monitus
1580 4679 1640 4740 boc
1663 4677 1786 4740 scholio

74 4774 129 4848 iili,
160 4772 309 4835 Ecclesiae
334 4777 664 4856 uomananunquam
691 4779 826 4840 doluisse
857 4779 904 4840 vl·
958 4784 1138 4864 marginali.
1156 4782 1309 4844 Hebenus
1323 4800 1384 4842 non
1400 4777 1502 4857 tabet,
1531 4777 1653 4839 animos
1681 4780 1787 4837 alten-

75 4890 127 4934 ros
144 4872 305 4934 Hebraico
333 4871 454 4946 doctos,
470 4874 524 4952 qui
543 4875 687 4954 Vulgetre
714 4876 826 4938 Latino
849 4895 905 4940 oo-
958 4882 1040 4943 derit
1053 4883 1093 4942 ed
1109 4880 1333 4960 consequentia
1349 4874 1513 4939 sermonis.

74 4969 161 5032 dices
176 4969 482 5051 menibusqnotidie
505 4977 654 5047 terentes,
680 4991 748 5035 eam
779 4975 906 5053 publice
1000 4983 1072 5041 Non
1090 4977 1279 5039 mediocrem
1308 4975 1454 5037 existimo
1467 4973 1500 5034 in
1530 4970 1658 5033 scholiis
1685 4972 1787 5033 Cano·

73 5068 269 5146 redarguere
315 5074 412 5148 etque
452 5069 610 5148 castigare
650 5070 836 5150 potuissent,
880 5074 906 5135 si
959 5076 1009 5137 nis
1036 5075 1173 5136 fructum
1203 5074 1297 5136 etiem
1327 5072 1475 5142 alterum,
1515 5085 1578 5148 quo
1620 5066 1789 5129 occludere

74 5164 426 5242 quidsanredoctrinoe
449 5172 505 5229 snt
528 5167 645 5229 11111111
668 5169 807 5232 moribus
834 5190 907 5234 eon·
960 5190 1130 5253 possumus
1153 5172 1292 5251 linguam
1315 5170 1377 5232 illis
1406 5167 1461 5248 qui
1489 5166 1558 5227 ensi
1599 5170 1673 5226 sunt
1715 5163 1788 5242 plu·

75 5262 211 5323 1111111
240 5261 286 5322 ibi
313 5264 512 5344 reperiretur.
557 5266 683 5338 Quente
711 5273 805 5349 putes
838 5270 908 5332 dlli-
962 5269 1049 5330 rimis
1076 5269 1164 5330 abuti
1191 5270 1426 5349 scripturarum
1456 5261 1655 5334 testimoniis,
1687 5276 1788 5338 eaque

77 5358 185 5437 gentis
215 5358 454 5423 translationem
483 5362 664 5444 Hieronymi
692 5364 733 5426 eb
769 5368 908 5430 scholia·
961 5368 1082 5429 laeuos
1110 5385 1220 5429 sensus
1242 5366 1366 5428 trahere
1388 5362 1428 5424 ed
1457 5359 1617 5440 propriam
1645 5357 1785 5437 ipsorum

77 5457 289 5520 suessonis
316 5463 600 5540 expensamttion
629 5462 690 5527 init
717 5465 749 5526 in
776 5483 815 5528 ee
843 5486 909 5530 ver
962 5471 994 5527 et
1034 5464 1167 5525 eliorum
1197 5463 1379 5545 perniciem.
1409 5461 1546 5520 ’1111111
1581 5455 1698 5535 sepius
1729 5453 1788 5515 sibi

78 5554 206 5628 belum,
237 5574 301 5619 non
326 5558 461 5639 apilebe,
485 5576 549 5622 non
577 5577 670 5642 apex,
703 5564 758 5643 qui
787 5566 910 5645 lugeret
963 5570 1118 5643 arrogent
1139 5564 1267 5647 quidem
1283 5561 1351 5642 ejus
1380 5558 1439 5620 aevi
1465 5554 1648 5634 scriptores,
1675 5561 1712 5618 nl
1739 5571 1788 5616 re·
