3878 6150
50 276 111 335 389
723 276 831 331 usus
849 274 1094 331 aumaostut.
1716 276 1769 331 390

52 403 134 476 quod
148 404 195 459 sat
208 404 277 458 ants
292 398 529 458 tabernaculum.
542 398 649 455 Omnia
664 415 727 472 quae
743 399 778 455 ad
796 397 887 455 altare
902 399 928 466 Α
979 398 1022 469 [Τ.
1040 397 1091 464 lll,
1106 400 1138 453 B.
1155 400 1207 467 xl,
1221 401 1253 456 c.
1270 398 1342 465 Xllt,
1359 399 1425 470 Cap.
1442 402 1488 473 V.]
1511 402 1699 474 baculusque
1723 405 1769 458 est

53 487 887 565 pertinent,iuniculos,elvasaministerii,jubentetleron
943 486 1085 544 Dominus
1098 488 1133 543 ud
1145 492 1254 555 llosen,
1265 489 1382 545 dicens:
1399 491 1522 562 precipe
1534 491 1603 547 filiis
1618 490 1716 560 lsrael,
1733 496 1767 548 ut

54 585 86 639 et
99 580 173 638 liliis
187 581 265 653 ejus,
278 579 438 652 portabunt
453 577 505 634 lilii
520 577 631 635 Gerson
650 595 656 632 :
673 581 701 633 et
717 577 811 634 scient
824 577 887 631 sin·
943 577 1060 647 ejiciunt
1071 578 1107 632 de
1122 577 1227 633 castris
1242 594 1359 634 omnem
1371 577 1531 651 leprosum,
1549 583 1638 652 etqui
1653 581 1768 637 seniine

55 670 116 741 guli
134 669 184 727 cui
196 669 323 726 debeam
337 683 427 725 onera
451 667 625 740 mancipari.
642 666 696 722 Hic
719 672 766 723 εει
790 665 889 721 cultus
944 664 1006 721 lluit
1023 663 1213 737 pollutusque
1227 672 1272 722 est
1286 684 1375 740 saper
1391 675 1506 725 mortuo
1521 668 1563 742 [b.
1577 668 1769 741 pollutusque

57 758 178 817 familis
188 754 889 820 Gereoniturumintabernaculoloederis,erunt·
943 760 1082 826 estsuper
1101 752 1207 826 anima]
1225 771 1231 810 :
1249 760 1309 811 tam
1327 755 1493 813 rnasculum
1509 774 1599 829 quam
1626 758 1765 815 laminam

57 864 116 919 que
129 847 188 904 sub
200 862 292 904 manu
302 845 433 902 lthamur
442 845 496 901 lilii
509 847 603 901 Aaron
618 840 891 916 sacerdotis.[li.ll.]
944 841 1039 913 ejicite
1048 843 1084 898 de
1098 842 1214 910 castris,
1228 859 1264 899 ne
1279 846 1479 901 contaminent
1493 863 1528 902 ea
1542 863 1609 903 cum
1621 847 1769 903 habitave-

59 937 278 1009 Filiosquoque
290 934 395 991 Morari
409 933 638 1006 perlamiliaset
652 934 755 989 domos
770 938 890 1005 patrum
945 931 1022 986 rint¹
1034 931 1184 987 vobiscum
1202 932 1243 1003 [b.
1260 933 1289 986 in
1305 951 1429 1004 quorum
1458 936 1555 991 medio
1575 952 1628 1008 ego
1644 936 1768 1006 habitoJ.

56 1042 183 1084 suorum
199 1024 380 1089 recensebis,
396 1039 413 1079 a
428 1023 550 1096 triginta
571 1022 656 1078 annis
679 1029 707 1078 et
721 1039 822 1094 supra,
840 1037 888 1076 us·
944 1024 1145 1091 Feceruntqus
1160 1021 1202 1075 ita
1215 1019 1267 1075 filii
1284 1022 1382 1089 lsrael,
1399 1027 1428 1077 et
1453 1025 1603 1093 ejecerunt
1623 1041 1673 1080 cos
1688 1029 1770 1081 extre

57 1131 116 1189 que
131 1115 169 1172 ad
186 1129 281 1170 annos
296 1112 528 1186 quinquaginta,
542 1128 645 1169 omnes
659 1111 709 1183 qui
725 1112 893 1184 ingrediun·
945 1115 1042 1164 castra
1057 1109 1135 1165 sicut
1148 1108 1264 1165 locutus
1280 1114 1325 1165 est
1348 1110 1493 1166 Dominus
1518 1112 1602 1167 Mosi.
1631 1112 1675 1183 [C.
1686 1112 1769 1185 lllll.]

59 1203 309 1261 turadolllcium
329 1200 486 1259 ministerii
508 1201 555 1258 sui
580 1206 609 1257 et
634 1201 745 1257 cultum
773 1201 891 1258 laederis
946 1198 1135 1268 Locutusque
1163 1203 1210 1253 est
1236 1199 1380 1254 Dominus
1411 1198 1523 1268 Mosen,
1560 1201 1662 1257 dicens
1688 1216 1695 1258 2
1719 1202 1771 1257 Lo·
1860 1241 1864 1247 -

59 1292 238 1351 testimonii.
255 1293 319 1348 llaec
336 1296 407 1347 sunt
421 1306 510 1346 onera
525 1306 627 1347 eorum
646 1307 653 1347 ε
670 1288 833 1347 Portubunt
848 1294 891 1345 te·
947 1303 1036 1358 quere
1052 1287 1086 1341 ad
1104 1286 1180 1342 lllios
1195 1286 1284 1343 lsrael
1300 1304 1307 1343 ε
1324 1288 1384 1358 Vir,
1400 1289 1462 1343 sive
1478 1288 1680 1355 mallandum
1697 1291 1771 1347 lece·

59 1381 147 1438 bulas
164 1379 346 1438 tabernaculi
362 1385 391 1434 et
403 1384 499 1435 vectes
511 1379 745 1449 ejus‚columnas
758 1394 792 1434 ac
806 1379 892 1435 beses
947 1378 1008 1432 rint
1023 1393 1057 1432 ex
1072 1376 1209 1432 omuibus
1231 1377 1370 1448 peccatis,
1392 1394 1457 1450 que
1481 1377 1578 1435 solent
1601 1378 1771 1435 homiuibus

60 1487 177 1537 mrum,
194 1468 349 1527 columnas
364 1482 481 1541 quoque
498 1469 564 1525 atrii
581 1484 633 1541 per
652 1468 808 1525 circuitum
825 1483 892 1525 cum
948 1466 1089 1532 accidere,
1105 1472 1134 1520 et
1149 1480 1201 1537 per
1222 1465 1432 1537 negligentium
1461 1468 1638 1540 transgressi
1663 1466 1774 1524 luerint

61 1559 187 1616 basibus
202 1561 231 1615 el
246 1555 362 1629 paxillis
378 1561 405 1612 et
425 1556 548 1613 funibus
564 1557 639 1613 suis.
664 1556 768 1612 Omnia
782 1573 851 1613 vasa
864 1562 894 1614 et
949 1556 1122 1610 mundatum
1138 1555 1264 1623 Domini,
1281 1559 1369 1626 atque
1384 1554 1574 1627 deliquerint,
1589 1556 1772 1613 confitebun-

61 1647 279 1721 supelleetilem
296 1646 332 1701 ad
350 1661 506 1701 numerum
523 1645 782 1717 accipientemque
797 1649 893 1717 porte·
947 1648 995 1699 tur
1011 1648 1161 1715 peceatum
1177 1660 1277 1713 suum,
1288 1648 1317 1699 et
1331 1644 1561 1717 reddentispurn
1573 1650 1670 1717 caput,
1684 1646 1774 1717 quin·

62 1738 148 1793 bunt.
165 1736 228 1793 Hoc
243 1739 289 1791 est
302 1734 432 1793 oillcium
452 1734 569 1790 lamilie
584 1734 831 1802 Maracitarum,et
842 1735 894 1790 mi·
908 1767 932 1833 B
948 1738 1067 1803 tamquo
1090 1737 1200 1803 partem
1217 1732 1355 1803 desuper,
1371 1732 1396 1787 ei
1413 1732 1441 1787 in
1465 1749 1551 1804 quem
1577 1735 1771 1805 peccaverint.

63 1824 221 1881 nisterium
236 1823 267 1879 in
283 1821 473 1879 tabernaculo
491 1822 607 1878 loederis
633 1838 641 1878 t
667 1827 814 1894 eruntque
837 1822 893 1878 sub
947 1821 996 1876 Sin
1013 1826 1107 1876 autem
1123 1837 1181 1875 non
1197 1821 1285 1876 luerit
1300 1821 1349 1892 qui
1368 1822 1499 1892 recipiat,
1511 1822 1772 1892 dabuntDomino,

65 1931 153 1971 manu
171 1913 300 1969 ltbsmar
314 1911 366 1967 filii
382 1914 477 1967 Aaron
492 1911 661 1967 sacerdotis.
673 1912 894 1967 Recensuarunt
948 1915 976 1966 st
991 1911 1046 1965 erit
1061 1910 1231 1975 sacerdotis,
1247 1915 1367 1981 excepto
1390 1911 1491 1977 ariete,
1511 1910 1561 1982 qui
1577 1912 1699 1967 ollertur
1719 1928 1771 1985 pro

65 2003 155 2075 igitur
170 2001 268 2057 Moses
284 2006 313 2056 et
328 2006 422 2056 Aaron
437 2004 466 2055 et
480 1999 627 2072 principes
642 2004 800 2073 synagoge
817 1999 892 2055 lilios
947 1999 1122 2070 expiatione,
1134 2003 1166 2053 ut
1176 1999 1214 2053 sit
1226 1997 1377 2069 placabilis
1392 1999 1498 2055 hostia.
1516 2000 1555 2071 [C.
1568 2000 1642 2071 XV.]
1662 2000 1771 2058 Omnes

66 2090 157 2147 Dentb
175 2106 227 2163 per
242 2088 432 2162 cognationes
447 2094 476 2145 et
490 2089 592 2145 domos
609 2094 725 2161 patrum
741 2104 895 2155 suorum,a
948 2103 1065 2160 quoque
1081 2086 1228 2159 primitis,
1244 2104 1319 2158 quas
1336 2087 1462 2143 oderunt
1477 2087 1528 2143 lilii
1548 2089 1648 2160 lsrael,
1671 2091 1708 2145 ad
1724 2107 1770 2146 ss·

66 2179 193 2253 triginta
207 2179 335 2235 anniset
350 2194 450 2250 supra,
465 2194 559 2249 usque
575 2179 610 2234 ad
622 2194 733 2234 annum
750 2178 895 2249 quinqua·
948 2177 1095 2231 cerdotem
1121 2174 1285 2246 pertinent:
1302 2180 1331 2231 et
1345 2176 1489 2248 quidquid
1515 2176 1544 2232 in
1570 2178 1772 2235 sanctuarium

65 2268 226 2345 gesimam,
241 2282 344 2323 omnes
359 2266 409 2338 qui
425 2264 678 2338 ingrediunturad
695 2265 893 2323 ministerium
949 2264 1070 2321 ollertur
1093 2281 1110 2319 a
1135 2263 1274 2336 singulis,
1297 2269 1326 2321 et
1356 2266 1481 2321 traditur
1507 2266 1645 2323 menibus
1673 2283 1772 2323 sacer·

65 2355 895 2427 tabernaculiioedsris:otiuveutisuntduomilliaseptin·
948 2354 1036 2419 dotis,
1058 2353 1153 2426 ipsius
1168 2353 1234 2410 erit.
1252 2354 1294 2425 [B.
1324 2356 1391 2423 Xlt,
1415 2356 1445 2410 C.
1471 2354 1556 2427 XVl.]
1588 2356 1772 2429 locutusque

64 2447 146 2521 genti
163 2444 448 2519 quinquaginta.llie
459 2449 504 2500 est
515 2459 658 2500 numerus
672 2444 773 2516 populi
790 2444 893 2514 Caatb,
947 2448 992 2498 est
1008 2442 1149 2497 Dominus
1165 2443 1201 2497 ad
1217 2442 1328 2510 Mosen,
1345 2442 1447 2499 diceus
1463 2460 1469 2499 :
1488 2444 1619 2516 Loquere
1640 2446 1674 2500 ad
1697 2445 1773 2501 lilios

64 2535 118 2609 qui
132 2535 247 2591 intrant
261 2531 482 2589 tabernaculum
503 2533 619 2589 laederis
636 2548 643 2588 :
660 2533 714 2590 bos
730 2534 894 2589 numeravit
948 2529 1049 2599 lsrael,
1060 2537 1089 2586 et
1103 2531 1184 2587 dices
1199 2532 1234 2586 ad
1247 2546 1297 2586 eos
1314 2548 1321 2587 :
1338 2531 1380 2586 vir
1407 2533 1493 2603 cujus
1528 2549 1600 2588 uxor
1619 2532 1772 2601 erraverit,

64 2621 892 2693 MosesetAaronjuxtassrmousmltominipermauum
949 2620 1148 2692 maritumque
1181 2625 1373 2676 contemnens
1401 2620 1555 2677 dormierit
1583 2638 1651 2677 eum
1678 2622 1771 2679 altero

63 2710 215 2783 blosiltl.
241 2709 299 2782 lt]
320 2709 559 2766 Numeratisunt
582 2713 610 2765 et
632 2709 684 2764 sslii
706 2708 818 2767 Gerson
843 2726 895 2781 per
947 2710 1021 2773 viro,
1044 2712 1073 2765 et
1101 2708 1156 2764 hoe
1185 2708 1310 2765 maritus
1336 2706 1554 2780 deprehendere
1587 2727 1645 2765 uon
1670 2712 1772 2783 quive·

63 2799 259 2873 cognationes
273 2802 302 2855 el
316 2799 419 2856 domos
444 2804 560 2869 patrum
584 2814 750 2868 suorum,a
773 2798 895 2871 triginta
950 2797 1010 2866 rit,
1045 2799 1095 2853 sed
1131 2798 1201 2853 latet
1234 2796 1430 2868 adulterium,
1468 2801 1496 2853 et
1528 2799 1656 2854 testibus
1688 2798 1773 2872 argui

63 2887 894 2960 annisetsupre,usqueadquinquagesimumannum,
950 2904 1007 2943 non
1043 2891 1147 2957 potest,
1177 2886 1248 2957 quis
1275 2902 1332 2941 non
1362 2891 1408 2942 est
1437 2886 1553 2942 inventa
1583 2887 1612 2942 in
1645 2892 1772 2960 stupro:

63 2976 241 3048 omnesqui
256 2973 740 3047 ingrediuntur‚utministrentin
756 2975 895 3030 taberna·
950 2975 975 3031 si
999 2976 1122 3047 spiritus
1149 2974 1190 3046 [h.
1216 2980 1245 3030 ot
1272 2975 1407 3046 spiritus]
1432 2975 1583 3047 zelotypiae
1609 2977 1774 3034 concitave-

62 3063 285 3133 eulolmderis3
303 3070 332 3121 st
346 3062 455 3119 inventi
476 3068 546 3118 sunt
569 3063 626 3118 duo
648 3062 740 3119 millia
764 3061 893 3119 sexcenti
950 3063 988 3119 rit
1001 3062 1097 3118 virum
1122 3068 1224 3118 contra
1249 3079 1369 3119 uxorem
1384 3080 1481 3130 suam,
1505 3080 1569 3135 qua
1591 3065 1635 3120 vel
1661 3064 1773 3137 polluta

62 3155 206 3228 triginta.
221 3152 272 3209 Hic
287 3157 332 3209 est
347 3151 433 3224 polus
449 3151 683 3220 Gersouitarum,
700 3168 774 3223 quos
790 3167 893 3208 numa·
909 3126 930 3194 C
950 3156 1004 3219 est,
1022 3151 1066 3207 vol
1081 3150 1156 3207 salsa
1169 3151 1336 3224 suspicione
1351 3152 1510 3224 appetitur,
1522 3153 1647 3209 adducet
1662 3170 1727 3210 eam
1738 3154 1774 3210 ed

61 3247 213 3301 taverunt
226 3245 320 3298 lloses
345 3247 375 3296 et
399 3243 494 3296 Aaron
512 3241 600 3312 juxta
621 3242 742 3296 verbum
766 3240 896 3298 Domini.
951 3241 1481 3307 sacerdotem,stofferatoblationem
1493 3259 1544 3314 pro
1557 3241 1774 3314 illa‚decimam

60 3334 113 3408 [C.
133 3330 208 3403 xit]
223 3329 370 3386 Numerati
391 3333 462 3385 sunt
480 3333 508 3384 st
525 3328 576 3383 dlii
592 3328 696 3385 Morari
712 3345 764 3401 por
790 3345 898 3400 eogua·
951 3333 1062 3401 partem
1078 3329 1135 3385 sati
1154 3328 1195 3398 [b.
1213 3328 1304 3401 llpha]
1320 3329 1421 3386 larinae
1445 3330 1596 3387 hordeaca
1613 3348 1619 3386 :
1635 3348 1689 3388 nou
1706 3332 1776 3388 lun·

61 3422 171 3479 tiones
191 3424 220 3475 et
235 3419 340 3475 domos
359 3423 475 3489 patrum
499 3433 632 3487 suorum,
648 3433 665 3472 a
678 3417 800 3490 triginta
814 3417 901 3474 annis
952 3420 1000 3475 det
1014 3433 1104 3488 super
1119 3435 1183 3474 eam
1206 3418 1315 3485 oleum,
1331 3435 1384 3475 nec
1397 3419 1530 3492 imponet
1544 3421 1632 3477 thus:
1646 3422 1717 3493 quia
1727 3437 1775 3478 sa·

60 3516 95 3568 et
112 3507 362 3581 supra,uequeed
374 3506 899 3579 annumquinquagosimum,ornnes
952 3507 1095 3564 orificium
1110 3506 1259 3579 zelotypis
1270 3512 1315 3563 est
1333 3511 1361 3563 et
1375 3507 1484 3565 oblatio
1495 3509 1678 3581 investigans
1691 3508 1779 3566 adul·

58 3595 392 3675 quiingrediunturad
422 3594 582 3667 explendos
614 3595 690 3651 ritus
714 3594 898 3650 tabernaculi
951 3596 1148 3669 teriumlbet
1163 3595 1271 3652 oblatio
1287 3597 1497 3653 recordationis
1517 3599 1697 3671 investigans
1721 3598 1779 3655 ini·

61 3687 193 3745 laedens
205 3702 212 3741 :
222 3684 371 3742 etinveati
382 3689 454 3741 sunt
470 3684 526 3740 tria
537 3683 631 3740 millia
647 3683 776 3740 ducenti.
792 3684 845 3740 Hio
856 3687 901 3740 est
951 3685 1226 3757 quitatem].Olleret
1236 3685 1324 3755 igitur
1334 3702 1397 3742 eam
1410 3687 1559 3755 sacerdos,
1571 3695 1598 3744 et
1609 3692 1719 3744 statuet
1729 3705 1779 3744 co·

61 3772 356 3835 numerusflliorum
369 3772 483 3839 iderari,
496 3789 569 3844 quos
583 3773 899 3829 recensueruntlloses
954 3791 1015 3830 ram
1027 3774 1150 3830 Domino
1163 3790 1169 3829 :
1182 3780 1376 3847 assumetque
1405 3791 1513 3847 aquarn
1526 3777 1779 3833 sanctaminvase

64 3872 99 3924 et
117 3871 215 3920 Aaron
226 3864 313 3934 J'uxta
323 3862 480 3934 imperium
492 3860 609 3917 Domini
619 3877 670 3933 per
681 3877 803 3917 manum
815 3862 899 3918 Mosi.
953 3862 1046 3931 fictili,
1062 3868 1091 3917 et
1102 3862 1264 3934 pauxillum
1275 3866 1358 3918 terras
1370 3864 1404 3920 de
1416 3863 1581 3936 pavimento
1597 3863 1780 3921 tubernaculi

65 3958 187 4014 Omnes
200 3954 251 4024 qui
271 3950 422 4009 recensisti
438 3954 507 4007 sunt
521 3951 558 4006 de
570 3950 699 4019 bevitiis,
716 3955 745 4008 et
759 3967 833 4022 quos
855 3967 900 4008 rs·
954 3951 1052 4006 mittet
1067 3950 1096 4005 in
1108 3967 1184 4008 eam.
1196 3951 1453 4023 Cumquesteterit
1464 3951 1570 4008 mulier
1580 3954 1608 4007 in
1621 3959 1779 4025 conspectu

68 4042 209 4102 censeri¹
225 4040 339 4097 iscitad
356 4055 463 4095 nomen
477 4042 582 4106 Moses,
608 4045 636 4095 st
655 4043 751 4095 Aaron
766 4039 807 4111 [h.
825 4056 901 4111 quos
953 4038 1078 4106 Domini,
1104 4038 1299 4111 discooperiet
1318 4045 1405 4112 caput
1430 4041 1505 4112 ejus,
1529 4046 1557 4097 et
1582 4047 1671 4113 ponet
1690 4056 1780 4114 super

65 4128 412 4189 numeraveruutldoses
427 4132 456 4184 et
471 4130 620 4197 deremet
635 4127 783 4200 principes
798 4128 899 4196 lsrael,
954 4144 1061 4184 manus
1086 4127 1166 4183 illius
1191 4128 1369 4184 sacrificium
1394 4129 1618 4197 recordationis,
1643 4135 1671 4186 et
1693 4130 1775 4186 obla·
1850 4162 1853 4166 .

66 4236 123 4294 per
138 4217 342 4291 cognationes,
358 4220 387 4271 et
401 4217 505 4272 domos
521 4221 639 4288 patrum
654 4232 791 4284 suorum,
813 4232 830 4271 a
853 4217 902 4272 tri·
954 4217 1064 4272 tionem
1093 4214 1242 4288 zelotypia
1273 4233 1279 4271 :
1310 4217 1372 4287 ipse
1404 4223 1503 4274 autem
1544 4220 1652 4274 tenebit
1686 4235 1779 4292 aquas

65 4309 154 4383 ginta
168 4306 256 4363 annis
271 4310 302 4360 ει
315 4321 417 4377 supra,
435 4320 529 4376 usque
544 4305 580 4361 ad
590 4321 701 4361 anuum
716 4306 900 4378 quinquage-
953 4304 1166 4372 amarissimas,
1184 4304 1213 4358 in
1229 4304 1338 4375 quibus
1356 4321 1423 4361 cum
1440 4308 1641 4364 exsecratione
1655 4308 1779 4364 maledi·

68 4400 198 4466 simum,
217 4393 418 4468 ingredientes
430 4394 466 4449 ad
483 4393 683 4450 ministerium
708 4393 901 4465 tabernaculi,
954 4399 1002 4448 cta
1015 4393 1160 4463 congessit
1179 4393 1392 4465 abjurabitque
1412 4411 1488 4463 eam,
1505 4403 1533 4451 et
1553 4396 1630 4452 dicet
1648 4413 1654 4452 :
1671 4396 1700 4450 si
1721 4413 1779 4452 non

68 4492 205 4543 etonem
218 4483 372 4556 portanda,
390 4482 509 4538 luerunt
524 4482 613 4539 simul
629 4486 693 4538 octo
707 4481 800 4538 millia
811 4482 899 4553 quin·
913 4488 936 4553 [ι
951 4482 1090 4538 dormivit
1105 4480 1148 4535 vir
1163 4479 1278 4536 alienas
1292 4486 1400 4551 tecum,
1418 4488 1447 4539 st
1472 4484 1495 4538 si
1525 4500 1581 4539 non
1612 4484 1724 4557 polluta
1737 4500 1781 4557 es,

70 4574 153 4648 genti
169 4571 331 4645 octoginta.
355 4571 445 4628 Juxta
466 4570 588 4627 verbum
616 4571 729 4627 Domini
755 4571 905 4632 recensuit
959 4572 1073 4626 deserto
1089 4569 1298 4637 maritithoro,
1314 4587 1372 4627 non
1392 4576 1420 4627 te
1444 4573 1591 4629 nocebunt
1615 4590 1697 4645 aquas
1718 4574 1781 4630 isle
1865 4632 1870 4641 ,

72 4681 123 4721 eos
138 4663 249 4730 Moses,
260 4661 601 4733 unumquemqueiuste
622 4659 753 4717 officium
773 4664 802 4717 et
816 4676 906 4718 onera
960 4659 1164 4729 amarissime,
1192 4658 1223 4714 in
1252 4675 1326 4730 quas
1360 4659 1517 4717 maledictu
1554 4663 1698 4735 congessi.
1729 4662 1781 4720 Sin

75 4770 139 4821 aaa,
152 4750 234 4810 sicut
248 4753 425 4824 praeeperat
440 4750 465 4805 si
480 4749 635 4806 Dominus.
959 4753 1057 4805 autem
1074 4748 1228 4804 declinasti
1253 4764 1271 4803 a
1294 4749 1354 4804 viro
1379 4754 1430 4806 tuo
1454 4755 1545 4824 atque
1563 4750 1677 4824 polluta
1697 4769 1739 4825 es,
1754 4755 1783 4809 et

110 4933 119 4966 ¹
134 4928 265 4985 Verbum
281 4925 419 4983 amanam
433 4925 516 4981 abest
536 4926 568 4983 in
596 4926 735 4984 omnibus
753 4944 825 4984 mss.
851 4945 903 4984 no·
958 4943 1013 4983 nas
1028 4926 1128 4982 codex.
1143 4924 1293 4982 Palatinus
1308 4927 1416 4982 nedum
1433 4928 1519 4999 illud,
1535 4930 1585 4986 sed
1602 4935 1631 4986 et
1653 4947 1738 4987 voees
1749 4930 1784 4987 ad

76 5004 142 5070 tris,
157 4999 299 5073 quodque
314 4998 410 5071 magis
428 4999 583 5064 miramur,
611 5001 695 5055 abest
719 5004 748 5056 st
770 5001 799 5055 in
824 5004 903 5055 textu
958 5013 1055 5054 nomen
1073 4998 1277 5068 praetermittit.

78 5076 199 5129 mnonis
227 5071 375 5127 Hebraicae
403 5070 547 5136 veritatis,
578 5070 713 5140 quamvis
747 5072 904 5143 aregione
993 5070 1063 5125 2[ιε
1078 5085 1149 5124 mss.
1166 5085 1269 5124 omnes
1284 5068 1320 5124 ad
1337 5073 1513 5138 unum;sed
1531 5072 1637 5129 melius
1652 5072 1782 5145 quodls-

78 5145 246 5219 appositum
258 5143 298 5199 sil
307 5139 439 5198 scholion
451 5156 508 5212 quo
519 5140 701 5198 sullicisnter
716 5142 902 5199 doceturlce-
957 5141 1035 5211 gitur
1059 5144 1088 5196 in
1113 5139 1238 5212 Vulgata
1267 5146 1377 5211 nostra,
1405 5141 1525 5207 scilicet,
1541 5144 1735 5209 dubitaverim,
1751 5144 1783 5199 in

78 5222 131 5285 tor,
148 5214 267 5272 nullum
281 5228 347 5270 esse
361 5228 482 5269 sensum
509 5213 598 5283 hujus
614 5213 680 5283 loci,
698 5215 754 5269 nisi
771 5214 848 5269 adsit
872 5216 903 5270 in
959 5213 1054 5283 prima
1068 5227 1193 5283 persona
1207 5212 1283 5338 singb
1299 5212 1362 5282 lari,
1380 5218 1412 5268 ut
1427 5215 1502 5270 scire
1516 5216 1584 5271 licet
1599 5215 1782 5286 emargiuali

79 5292 215 5344 contextu
239 5285 443 5357 supradictum
469 5284 602 5340 verbum.
632 5287 673 5341 nd
706 5285 904 5358 fidemigitur
958 5284 1263 5340 sabolioeauonislle
1306 5300 1365 5340 ver.
1384 5285 1474 5341 ltltnr.

77 5360 214 5416 editionis
231 5358 403 5441 Vulgataeea
417 5357 631 5428 supplevimus,
642 5373 707 5428 que
719 5357 901 5413 notariorum
993 5385 1027 5396 -—
1043 5356 1165 5411 Palatio.
1191 5356 1286 5426 prima
1303 5371 1403 5426 manu,
1419 5359 1486 5427 quio
1514 5356 1609 5412 dubito
1633 5357 1782 5412 uobiscum.

78 5433 267 5503 antiquorum
285 5430 399 5484 incuria
412 5427 529 5484 luerunt
565 5429 753 5483 retermissa.
771 5427 865 5484 Mean.
957 5426 1040 5482 Certe
1055 5433 1083 5482 et
1097 5428 1237 5482 Hebraeus
1253 5427 1282 5481 in
1299 5428 1395 5498 prima
1419 5444 1544 5498 persona
1564 5429 1667 5484 iisdem
1693 5444 1784 5502 prope

111 5502 293 5559 -Verbum
308 5497 447 5557 recenseri
473 5444 561 5572 qaod)
568 5501 604 5555 ab
623 5500 761 5556 omnibus
776 5499 901 5582 Martia·
956 5499 1052 5555 verbis
1069 5499 1140 5571 legit
1155 5514 1163 5554 z
1186 5507 1258 5561 mitt
1273 5508 1330 5590 pta*
1345 5508 1392 5559 us
1409 5510 1485 5561 iura.

81 5574 132 5631 nei
147 5590 222 5632 mss.
238 5573 352 5641 meret,
366 5586 444 5645 supp
457 5576 495 5644 at,
511 5573 677 5645 asseritque
691 5575 800 5629 nostris
815 5571 902 5629 Urbi·
