3878 6150
111 294 160 352 αἱ
796 285 904 339 LlBlllt
923 283 934 336 l
951 283 1142 340 SAMURLIS.
1764 289 1820 347 642

111 420 179 480 Saul
196 418 234 477 ad
246 415 353 475 David:
368 414 431 472 Nea
446 411 525 471 vales
540 411 675 470 resistere
690 408 861 466 Philistheo
877 406 937 476 isti,
953 407 979 474 Α
998 407 1073 479 lapis
1090 408 1118 464 in
1136 410 1320 484 frontosior,
1337 414 1365 468 et
1383 412 1488 470 cecidit
1503 413 1532 470 in
1554 415 1658 473 taciem
1679 433 1764 475 suam
1788 417 1818 474 in

114 526 165 570 nee
181 497 937 583 pugnareadversaseum:quiapaeres,hieautem
997 496 1061 565 [ms.
1078 500 1103 552 et
1122 498 1196 569 Vulq.
1222 500 1321 573 super]
1346 505 1464 560 terram.
1493 504 1704 578 Pravaloitque
1727 506 1817 564 David

113 601 155 657 vir
168 598 299 658 bellator
312 599 357 652 est
371 594 407 652 alr
419 591 614 651 adolescentia
625 607 688 647 soa.
702 589 839 660 Dixitque
849 586 939 643 David
995 586 1136 644 adversus
1151 587 1354 647 Philistheum
1369 590 1399 647 in
1418 591 1506 649 londa
1521 598 1549 649 et
1563 592 1593 649 in
1609 592 1727 668 lapide:
1755 610 1822 669 par·

114 690 148 749 ad
160 687 255 747 Saul:
271 684 413 742 pascebat
428 698 529 739 serras
545 684 615 737 tuus
628 679 719 752 patris
740 677 785 734 sui
809 692 940 750 gregem,
995 677 1818 757 cassumquePhilistheuminteriecit.Cumquegladium
1922 654 1938 701 ἰ

115 771 413 837 stveniebatleovel
430 788 529 841 ursas,
553 769 734 840 tollebatque
759 767 879 823 arietem
906 765 942 820 de
997 779 1054 819 aon
1079 765 1198 823 haberet
1221 765 1250 823 in
1277 784 1365 824 manu
1390 769 1491 842 David,
1516 773 1658 844 cucurrit,
1688 779 1717 831 et
1739 774 1823 831 stetit

114 866 213 926 medio
227 864 326 940 gregis
341 879 349 920 r
365 865 395 920 et
406 861 604 936 persequebar
614 875 674 923 eos,
686 860 714 914 et
730 855 941 930 percutiebam,
997 869 1087 927 super
1102 854 1316 928 Philiethaum,
1332 861 1361 914 et
1375 859 1443 915 tulit
1457 859 1587 933 gladium
1599 863 1672 935 ejus,
1683 867 1712 920 et
1723 862 1824 920 eduxit

113 957 317 1028 eruebamque
332 952 368 1010 de
392 967 443 1009 ore
470 965 583 1007 eorum.
600 952 629 1006 et
657 946 700 1003 illi
725 945 943 1017 consurgebant
996 957 1064 1000 eum
1080 945 1117 1000 de
1132 945 1237 1018 vagina
1253 963 1318 1018 sua,
1333 952 1363 1003 et
1375 948 1521 1005 interiecit
1536 966 1617 1021 eum,
1631 953 1823 1026 preciditque

113 1046 276 1105 adversum
292 1058 349 1116 me,
365 1046 393 1097 et
407 1037 662 1113 apprehendebam
679 1038 811 1092 mentam
828 1047 942 1101 eorum,
998 1036 1084 1105 eaput
1099 1034 1174 1104 eius.
1192 1035 1331 1093 videntes
1343 1042 1443 1093 autem
1459 1037 1639 1112 philisthim,
1657 1043 1733 1114 quod
1745 1057 1824 1098 mor·
1906 1086 1909 1091 .

112 1140 143 1195 et
153 1133 352 1204 suffocabam,
362 1128 702 1200 interficiebamqueeos.
715 1129 783 1181 Nam
793 1122 944 1180 etleonem
998 1125 1069 1178 tuus
1083 1124 1351 1181 essetlortisaimus
1362 1125 1402 1199 [h.
1415 1129 1531 1201 potens]
1546 1145 1661 1198 eorum,
1673 1131 1825 1203 lugerent.

111 1219 413 1284 etursumiaterleci
441 1234 612 1291 egoservos
641 1220 710 1271 tuus
728 1214 768 1286 [h.
799 1211 945 1268 interfecit
997 1208 1033 1267 Dt
1046 1217 1259 1287 consurgentes
1274 1213 1328 1270 viri
1345 1214 1434 1272 lsrael
1448 1223 1477 1274 et
1489 1217 1728 1275 ludavocilerati
1744 1224 1825 1288 sunt,

110 1299 824 1381 aeuustuas]:eritigituretPhilisthreushie
854 1300 943 1357 iooir·
998 1304 1027 1356 et
1042 1303 1186 1374 persecuti
1203 1307 1274 1360 suat
1287 1302 1453 1361 Philisteos
1477 1322 1570 1377 usque
1595 1309 1667 1364 dum
1691 1308 1824 1365 venirent
1909 1287 1915 1302 “

109 1401 272 1461 eumeleus
287 1401 311 1466 ¹,
327 1395 409 1469 quasi
423 1411 500 1452 unus
514 1410 548 1451 ex
563 1395 617 1462 eis,
634 1392 682 1465 qui
700 1409 791 1449 ausus
803 1395 847 1448 est
859 1388 946 1446 male·
998 1387 1028 1445 in
1044 1388 1159 1462 vallem,
1176 1396 1206 1449 et
1219 1393 1360 1465 usquead
1375 1399 1475 1466 portas
1487 1398 1628 1464 decaron,
1640 1396 1827 1455 ceciderunt·

107 1493 216 1549 dicere
231 1486 371 1546 exercitui
387 1484 430 1559 [h.
443 1485 617 1558 exprobrare
632 1481 812 1556 agminibus]
834 1477 883 1535 Dei
902 1479 947 1535 vi·
1002 1493 1058 1551 que
1073 1478 1217 1535 volnerati
1232 1481 1268 1538 de
1283 1480 1458 1539 Philisthim
1475 1482 1505 1540 iu
1520 1485 1567 1542 via
1581 1484 1780 1558 Sarimusqae
1791 1485 1826 1544 ad

109 1580 228 1639 ventis.
245 1578 281 1635 llt
294 1576 335 1634 ait
348 1574 460 1633 David:
478 1573 619 1631 Dominus
634 1573 685 1644 qui
696 1570 773 1628 eruit
784 1585 831 1626 me
841 1569 876 1626 de
889 1585 947 1625 ma·
1000 1566 1087 1634 Geth,
1099 1572 1127 1624 et
1143 1583 1238 1640 aeque
1252 1573 1392 1628 Aoearon.
1409 1572 1443 1627 lat
1459 1576 1636 1631 revertentes
1656 1571 1710 1631 filii
1736 1573 1825 1632 lsrael

110 1667 286 1734 araleonis,
316 1668 345 1720 et
356 1664 392 1720 da
408 1679 495 1720 manu
513 1661 584 1730 ursi,
600 1660 663 1734 ipse
676 1658 814 1716 liberabit
838 1673 885 1714 me
911 1658 946 1714 de
1006 1659 1163 1729 postquam
1181 1659 1326 1730 persecuti
1342 1659 1641 1735 luerentPhilistaos‚
1655 1663 1828 1721 invaserunt

113 1753 386 1816 manuPhilisthei
398 1750 694 1823 bajus.Dixitaotem
706 1746 777 1805 Saul
790 1746 826 1804 nd
837 1746 945 1804 David:
964 1749 1100 1858 Bcastra
1115 1762 1227 1803 eorum.
1242 1748 1405 1806 Assumens
1421 1755 1520 1808 autem
1538 1752 1627 1809 David
1648 1758 1738 1826 caput
1759 1752 1826 1810 Phi-

109 1845 212 1912 Vade,
231 1849 261 1902 et
274 1841 417 1900 Dominus
431 1844 528 1897 tecum
544 1840 592 1896 sit.
609 1838 642 1895 at
658 1837 755 1893 induit
768 1835 837 1893 Satri
857 1834 945 1891 David
1004 1834 1123 1907 listhai,
1139 1835 1319 1895 attulitillud
1334 1837 1363 1895 ln
1378 1839 1550 1897 Jerusalem:
1567 1857 1650 1899 arma
1668 1857 1737 1899 vero
1761 1842 1827 1914 ejus

113 1933 309 1994 vestimentis
324 1931 399 1998 suis,
413 1936 442 1986 et
456 1927 597 2001 imposuit
611 1925 724 2000 galeam
740 1941 843 1981 aream
859 1939 949 1996 super
1003 1923 1146 1997 poenitio
1176 1925 1365 1983 tabernaculo
1392 1945 1458 1985 suo.
1488 1929 1526 1986 De
1556 1934 1655 1988 autem
1682 1918 1827 2004 tempore,

114 2025 212 2097 eaput
225 2021 303 2094 elus,
319 2025 347 2077 et
361 2017 478 2076 vestivit
490 2033 558 2073 eum
573 2016 674 2073 lorica.
701 2013 855 2071 Aacinotus
878 2028 947 2085 erga
1005 2030 1062 2087 qua
1078 2014 1192 2071 viderat
1208 2015 1276 2072 Saul
1294 2018 1381 2073 David
1398 2020 1599 2092 egredientem
1620 2025 1723 2078 contra
1748 2021 1828 2078 Phil·

113 2112 213 2171 David
230 2108 330 2184 gladio
345 2109 410 2180 ejus
425 2122 514 2178 super
527 2109 637 2161 vestem
652 2119 748 2174 suam,
771 2103 858 2174 coepit
882 2107 948 2157 ten·
1002 2102 1161 2175 lintheum,
1190 2105 1232 2161 eit
1268 2106 1303 2162 ad
1334 2107 1431 2163 Abner
1458 2108 1622 2182 principem
1647 2109 1827 2167 milite:De

115 2206 186 2258 tare
200 2199 226 2256 si
243 2202 375 2255 armatus
390 2199 490 2269 posset
504 2194 648 2260 incedere,
666 2208 724 2247 uon
736 2189 811 2248 enim
822 2190 949 2246 habebat
1002 2208 1060 2264 qua
1075 2192 1167 2266 stirpe
1181 2193 1334 2251 descendit
1361 2195 1465 2267 niem.
1495 2198 1682 2257 Carnuntem
1710 2198 1825 2256 videret

122 2280 950 2358 eonsuetudiuemdtixitqueDavidadSaul:Nonpossum
1003 2280 1072 2337 Saul
1094 2282 1182 2338 David
1204 2284 1401 2356 egredientem
1426 2290 1528 2344 contra
1545 2287 1757 2355 Philisthveum,
1783 2287 1826 2345 ait

125 2381 169 2436 sie
179 2379 327 2446 incedere,
344 2377 414 2450 quia
430 2392 482 2431 nec
499 2390 584 2431 usum
600 2373 703 2430 habeo.
715 2373 750 2428 Εἰ
761 2371 948 2444 deposuitea,
1003 2370 1038 2425 ad
1054 2369 1152 2427 Abner
1166 2371 1329 2444 principem
1345 2374 1472 2431 militia:
1497 2376 1583 2447 cajus
1606 2381 1651 2433 est
1672 2376 1732 2450 hio)
1754 2376 1825 2434 uda·
1852 2371 1860 2386 '

125 2473 155 2526 et
169 2467 240 2525 tulit
253 2465 393 2524 baculum
408 2481 507 2534 snam,
525 2479 611 2537 quem
628 2478 745 2534 semper
768 2460 894 2518 habebat
919 2459 949 2516 in
1002 2456 1125 2525 testeos,
1141 2460 1255 2516 Abneri
1271 2461 1404 2535 Dixitque
1418 2465 1525 2520 Abner:
1543 2465 1621 2522 Vivit
1639 2465 1740 2522 anima
1764 2471 1826 2538 tua,

127 2556 277 2624 manibus,
293 2560 322 2612 et
336 2553 423 2628 elegit
432 2552 489 2611 sibi
501 2551 633 2625 quinque
643 2549 867 2623 limpidissimos
878 2547 951 2621 lapi·
1005 2563 1065 2619 rex,
1081 2548 1104 2602 si
1121 2548 1196 2604 novi.
1213 2550 1248 2605 at
1263 2550 1304 2606 ait
1320 2569 1387 2607 rex:
1414 2551 1565 2626 laterroga
1577 2558 1620 2624 tu,
1636 2555 1723 2626 cuius
1746 2555 1828 2612 filins
1933 2552 1936 2557 '

127 2646 178 2703 des
192 2646 230 2702 de
245 2648 384 2716 tomento,
401 2647 429 2700 et
444 2641 524 2698 misit
537 2657 586 2697 eos
601 2641 630 2697 in
647 2656 746 2713 peram
762 2637 949 2711 pastoralem,
1005 2635 1258 2709 sitistepuer(h‚
1288 2639 1480 2713 adolescens}
1511 2641 1643 2714 Cumque
1672 2659 1826 2717 regressus

129 2730 656 2808 quamhabebatsecum,etlundam
668 2727 952 2800 mauutulit,etpro·
1005 2728 1083 2782 esset
1094 2724 1196 2797 David,
1213 2742 1351 2799 percussa
1368 2728 1548 2799 Philiatheo,
1564 2732 1709 2789 tolitcum
1720 2733 1827 2801 Abner,
1922 2766 1925 2771 -

130 2823 218 2881 cessit
232 2824 388 2880 adversum
403 2818 618 2877 Philisthaeum.
645 2819 706 2875 lbal
735 2824 833 2875 autem
863 2816 951 2873 Phili·
1005 2818 1034 2871 et
1049 2814 1324 2873 introduxitcaram
1336 2817 1416 2888 Saul,
1433 2824 1521 2893 caput
1535 2819 1698 2877 Philisthei
1716 2820 1828 2878 habeu-

131 2913 240 2971 slheus
252 2908 853 2982 incedens,etappropinquansedversum
864 2906 951 2962 David
1006 2906 1064 2959 tem
1080 2903 1109 2959 iu
1128 2919 1226 2961 manu.
1242 2906 1277 2962 llt
1291 2906 1377 2963 aitad
1393 2924 1460 2964 eum
1474 2907 1557 2966 Saul:
1574 2915 1615 2966 De
1642 2926 1701 2982 qua
1724 2925 1828 2983 proge-

132 3006 160 3059 et
173 3001 303 3075 armiger
316 3001 381 3073 eius
394 3004 461 3055 aute
473 2995 878 3069 eam.Cumqucinspexisset
889 2995 952 3051 Phi·
1007 2992 1054 3048 nie
1066 3007 1097 3049 ee
1113 2993 1153 3065 lh·
1170 2994 1259 3065 (luJ'us
1274 2996 1350 3066 filios
1365 3002 1418 3069 tul,
1435 3015 1451 3054 o
1467 2997 1663 3056 adolescens?
1688 2999 1829 3072 Dixitque

132 3090 273 3158 listhene,
287 3094 317 3147 et
335 3090 460 3146 vidisset
487 3088 588 3154 David¹
616 3086 748 3159 despexit
775 3101 853 3141 eom.
883 3085 952 3141 Drat
1009 3079 1107 3138 David:
1125 3081 1215 3139 Filius
1231 3084 1363 3141 servitui
1380 3086 1650 3144 lsaiBethleemitre
1682 3104 1740 3163 ego
1760 3105 1828 3146 sum
1913 3136 1916 3141 .

133 3182 206 3238 enim
221 3179 404 3246 adolescens,
417 3179 511 3244 culus,
524 3181 552 3233 et
562 3175 684 3250 pulcher
694 3179 824 3248 aspectu.
834 3176 869 3231 Et
879 3173 953 3230 dixit
967 3165 988 3234 G
1007 3169 1049 3243 [h.
1065 3187 1122 3227 non
1133 3170 1243 3244 hebeti.

135 3268 369 3327 Pbilistbeusad
386 3268 500 3323 David!
522 3265 660 3337 Nunquid
689 3281 743 3337 ego
769 3265 851 3321 oanis
875 3280 952 3330 sum,
1043 3261 1087 3332 (Τ.
1104 3260 1226 3319 XLVlll.
1252 3261 1317 3336 Cap.
1344 3264 1512 3339 XVlll.)llt
1540 3266 1651 3323 lactum
1676 3269 1731 3335 eet,
1760 3284 1828 3325 cam

136 3360 206 3432 qued
222 3362 256 3415 tu
272 3359 354 3415 venie
369 3357 405 3412 ad
422 3372 469 3412 me
484 3372 550 3412 eum
566 3352 670 3411 baculo
681 3353 722 3426 [h.
735 3352 954 3425 cumbaculie]i
1008 3349 1185 3421 complesset
1199 3351 1280 3425 loqui
1296 3354 1331 3409 ad
1348 3355 1432 3412 Saul:
1450 3355 1551 3412 anima
1564 3355 1710 3413 lonathon
1736 3356 1831 3413 conli-

137 3448 169 3505 et
182 3446 334 3505 maledixit
348 3443 535 3502 Philisthreus
552 3443 639 3501 David
656 3443 687 3499 in
702 3442 758 3499 diis
771 3440 954 3499 suis:dixit·
1008 3441 1075 3510 gata
1100 3444 1144 3495 est
1169 3439 1266 3513 (Votp.
1297 3442 1508 3518 conglutinata)
1537 3446 1642 3503 anime
1673 3447 1773 3515 David,
1803 3448 1833 3504 et

137 3536 237 3610 quoad
251 3533 448 3593 David:Veni
464 3535 501 3591 ad
519 3549 575 3604 ms,
591 3536 620 3590 et
649 3532 724 3589 dabo
754 3547 858 3588 cernes
886 3534 953 3588 tuae
1007 3526 1109 3584 dilexit
1123 3543 1191 3585 eum
1206 3531 1353 3589 Jonathan
1368 3534 1454 3606 quasi
1468 3536 1598 3592 animam
1614 3553 1710 3594 suam.
1736 3535 1830 3593 Tulit·

137 3623 302 3683 volatilibus
317 3621 381 3680 eseli
397 3622 537 3680 etbestiis
552 3627 635 3678 terre
649 3621 691 3694 [h,
708 3623 791 3693 egri].
808 3619 888 3677 Dixit
902 3637 953 3677 au·
1008 3632 1065 3688 que
1080 3634 1147 3674 eum
1163 3619 1232 3676 Saul
1247 3620 1277 3676 in
1292 3621 1339 3678 die
1368 3622 1427 3694 illa,
1453 3628 1553 3680 etnon
1583 3625 1729 3682 concessit
1756 3626 1832 3682 eiut

139 3718 190 3772 lem
205 3713 297 3772 David
313 3713 349 3769 ad
365 3711 642 3771 Philisthaeumz'lu
658 3710 739 3767 venis
754 3711 789 3766 ad
814 3726 860 3767 me
885 3725 953 3766 cum
1008 3711 1200 3764 reverteretur
1228 3709 1258 3766 in
1287 3711 1406 3767 demum
1437 3713 1529 3786 patris
1558 3715 1623 3772 sui.
1648 3714 1692 3785 (Τ.
1722 3713 1832 3787 XLIX.)

138 3801 242 3876 gladia,
258 3806 288 3858 et
302 3800 398 3872 hasta,
414 3805 443 3857 et
457 3799 578 3874 clypeo:
596 3816 648 3873 ego
660 3803 758 3856 autem
773 3799 857 3855 venio
873 3798 909 3855 ad
925 3802 955 3855 te
1008 3795 1142 3853 Inieruut
1155 3803 1254 3855 autem
1269 3800 1416 3858 Jaaathaa
1433 3806 1461 3858 et
1470 3803 1562 3860 David
1573 3805 1679 3860 loedus:
1691 3803 1833 3877 diligebat

139 3887 955 3961 lanomiueDomiaiexercituum,Deiagminumlsrael‚
1011 3884 1171 3943 enimcum
1187 3889 1270 3962 quasi
1289 3890 1418 3948 animam
1448 3908 1542 3950 suam.
1573 3892 1833 3967 Namexspoliavit

140 3982 243 4053 quibus
257 3979 450 4053 exprobrasti.
466 3978 556 4035 llodie
571 3977 847 4049 dabit²[h.tradet]
859 3983 887 4033 te
899 3976 955 4034 Do·
1012 3975 1203 4033 selonathaa
1223 3979 1323 4035 tunica
1351 3995 1410 4051 qua
1439 3986 1502 4038 erat
1527 3982 1664 4052 vestitus,
1695 3987 1723 4039 et
1748 3981 1831 4039 dedit

140 4070 233 4129 miuus
248 4068 279 4126 in
295 4085 386 4126 meaa
401 4085 476 4138 mea,
491 4072 521 4124 et
535 4067 697 4140 percutiam
714 4071 752 4137 te,
768 4071 798 4122 et
822 4067 954 4123 auferam
1011 4078 1075 4118 eam
1091 4064 1194 4132 David,
1210 4069 1239 4122 et
1266 4066 1379 4139 reliqua
1402 4070 1576 4127 vestimenta
1591 4087 1656 4139 eoa,
1682 4084 1773 4142 usqua
1796 4069 1832 4127 ad

140 4165 222 4235 eaput
237 4163 322 4215 tuum
338 4175 356 4213 a
370 4161 408 4228 te,
423 4160 452 4214 et
462 4157 537 4213 dabo
548 4157 688 4213 cadavera
698 4154 956 4213 castrorumeili-
1012 4150 1143 4223 gladium
1159 4158 1188 4209 et
1212 4171 1313 4212 arcum
1342 4174 1442 4225 suum,
1458 4163 1487 4215 et
1514 4175 1607 4233 usque
1627 4160 1663 4214 ad
1691 4157 1831 4215 balteum.

140 4250 222 4307 albim
239 4246 326 4306 hodie
345 4243 515 4304 volatilibus
543 4244 607 4302 eoeli
636 4251 665 4301 et
689 4244 791 4302 bestiis
815 4248 910 4312 terro,
925 4247 957 4300 ut
1012 4240 1223 4313 Egrediebatur
1237 4260 1354 4317 quoque
1370 4247 1458 4302 David
1475 4247 1509 4304 ad
1527 4248 1627 4303 omnio
1650 4263 1833 4319 quascunque

141 4340 207 4398 aciat
222 4336 322 4395 omnis
336 4340 414 4393 terra
429 4336 497 4409 quia
512 4340 557 4392 est
570 4334 647 4393 Deus
662 4334 693 4391 in
709 4333 808 4392 lsrael.
838 4335 873 4389 Et
901 4350 955 4390 no·
1013 4330 1143 4388 misisset
1157 4348 1224 4388 eum
1238 4333 1318 4401 Saul,
1335 4339 1360 4391 et
1374 4335 1415 4408 (h.
1433 4352 1490 4392 non
1506 4335 1604 4408 babet)
1621 4336 1779 4408 prudenter
1801 4352 1833 4392 se

118 4429 205 4487 verit
220 4426 358 4485 universa
372 4423 495 4483 eeclesia
507 4422 579 4492 hac,
604 4423 675 4498 quia
703 4440 761 4481 uon
790 4424 821 4479 in
847 4422 956 4495 gladio,
1012 4420 1127 4493 agebat:
1143 4422 1302 4497 posuitque
1316 4441 1385 4481 eum
1403 4425 1472 4482 Saul
1495 4441 1585 4497 super
1607 4425 1684 4482 viras
1708 4424 1789 4494 belli,
1804 4428 1835 4482 et

141 4517 336 4576 aeciubasta
364 4512 457 4571 salvat
483 4512 649 4570 Dominus:
679 4513 775 4586 ipsios
804 4517 848 4570 eet
877 4512 1271 4603 enimnacceptuseratiu
1300 4512 1392 4570 aculis
1407 4513 1534 4570 universi
1564 4514 1677 4587 populi,
1694 4515 1834 4571 maxime·

142 4603 957 4678 bellum,ettradetvosinmauusnostras.Cumerge
1012 4614 1069 4670 que
1083 4599 1113 4652 ln
1136 4607 1295 4672 conspeetu
1326 4601 1503 4658 famulorum
1533 4603 1602 4660 Saul
1631 4604 1674 4676 (h.
1705 4604 1836 4661 universi

143 4696 313 4753 surrexisset
326 4691 522 4763 philistaeus,
537 4696 568 4748 et
592 4690 713 4762 veniret,
742 4694 772 4749 et
799 4690 959 4764 appropia·
1013 4687 1124 4759 populi,
1142 4689 1215 4746 etin
1245 4690 1339 4747 aculis
1364 4707 1507 4749 serrorum
1527 4691 1618 4765 Saul).
1649 4693 1739 4751 Porro
1769 4710 1836 4751 cum

144 4787 352 4853 quaretcoalra
366 4781 466 4849 David,
479 4781 630 4837 festinavit
644 4780 747 4851 David,
772 4785 801 4837 et
828 4779 959 4836 cucurrit
1014 4782 1215 4849 reverteretur,
1232 4796 1371 4852 percusse
1385 4779 1566 4849 philistaeo,
1586 4783 1685 4854 David,
1710 4799 1834 4857 egressas

144 4871 361 4943 lll.nurrit]ad
391 4885 550 4943 pugamex
569 4869 691 4926 adverso
719 4868 894 4926 Philiethei.
925 4869 959 4925 at
1013 4867 1836 4944 suutmulieresdeuniversisurbibuslsrael,cantau-

146 4960 218 5018 uisit
234 4974 358 5016 manum
373 4974 458 5015 suam
472 4958 501 5013 in
518 4973 634 5031 peram:
656 4957 784 5031 tulitque
806 4955 959 5014 anomia·
1012 4957 1068 5021 tes,
1084 4953 1248 5027 charosque
1264 4957 1404 5015 ducentes
1419 4959 1450 5015 ia
1470 4976 1625 5017 occursum
1654 4961 1722 5017 Saul
1747 4961 1836 5032 regis,

146 5047 242 5122 videm,
253 5054 283 5106 et
298 5047 389 5104 lunda
407 5047 480 5121 jecit
493 5051 522 5104 et
536 5047 628 5120 [Vale.
647 5047 712 5104 add.
724 5045 959 5120 curcumdicens]
1013 5041 1044 5098 iu
1058 5044 1206 5116 tympanis
1221 5045 1340 5116 letitia,
1356 5052 1386 5103 et
1399 5047 1428 5104 in
1445 5048 1553 5106 siatris.
1579 5054 1613 5106 Et
1640 5050 1838 5123 precinebant

149 5137 282 5206 pamaasit
296 5135 498 5194 Philistheum
527 5137 558 5195 in
585 5136 690 5209 lroute,
719 5140 749 5193 et
775 5135 885 5193 infixos
914 5140 960 5193 est
1015 5131 1152 5190 mulieres
1167 5132 1303 5194 ludentes
1316 5141 1405 5210 atque
1424 5138 1573 5195 dicentes:
1596 5138 1745 5196 Percussit
1768 5135 1838 5194 Saul

82 5432 85 5447 ·
181 5402 734 5476 ¹Dbtmduatllulgatiadditamentum
754 5403 959 5476 hujuscemodi
1015 5414 1132 5457 roneas.
1152 5419 1208 5461 ms.
1224 5403 1379 5461 exereitum
1394 5405 1602 5477 proexerritot
1619 5419 1701 5475 aque
1715 5404 1802 5461 bene.

154 5469 512 5548 lwoodcm‚etaoterom
535 5477 714 5549 opprobriam
741 5477 855 5550 populi:
889 5493 960 5548 quo-
1054 5471 1244 5533 ’veronens
1274 5492 1342 5543 ms,
1370 5477 1552 5547 deprolrostr'
1579 5476 1667 5543 lodie,
1696 5480 1723 5533 et
1748 5475 1839 5543 dotia,

156 5543 217 5604 aare
229 5550 291 5621 qaia
304 5556 344 5606 eet
357 5556 409 5606 rete
427 5548 612 5607 Philotimus
638 5547 872 5606 incircumcisos?
900 5565 959 5675 ppo
1014 5554 1083 5612 ete,
1100 5562 1167 5603 eom
1182 5545 1317 5619 Vulgatis
1332 5550 1360 5604 et
1375 5551 1482 5604 Gracc.
1500 5546 1588 5603 Panlo
1604 5550 1700 5603 autern
1712 5553 1780 5620 post
1793 5563 1839 5603 re·

157 5616 248 5678 astum
262 5618 888 5693 ueniens,sedettxxipsvcarentmm
928 5635 959 5678 e·
1014 5617 1541 5691 ctioeadllebraeumcadauerlegit
1565 5617 1672 5675 minori
1695 5634 1858 5678 numere·
