3870 6120
146 344 189 403 ts
851 340 1160 404 scotationibus.
1544 349 1545 353 ’
1819 347 1860 406 so
1884 340 1886 345 ’

146 482 256 538 ratum
283 475 324 538 stt
338 475 486 539 omnibus
513 492 670 538 summam
698 476 732 537 in
760 474 901 538 Ecclesia
922 475 978 537 Dei
991 474 1019 543 A
1033 482 1197 555 gnatorum
1214 495 1341 556 quoque
1357 476 1470 540 habuit
1495 476 1675 540 Palladium
1705 476 1859 559 Hierony·

146 576 246 637 luisse
288 591 414 656 semper
440 574 663 637 anctoritatem
695 573 893 637 voluminum
918 575 978 635 He·
1034 592 1138 651 mus3
1175 593 1249 636 nam
1293 575 1388 654 hujus
1428 576 1496 656 ipse
1520 575 1665 636 meminit
1703 575 1859 655 prooemio

145 673 330 735 braicorum
358 672 473 734 veteris
500 671 718 751 instrumenti,
748 672 834 753 qnod
866 672 976 734 Latine
1032 672 1237 752 Dialogorum
1275 673 1426 734 adversus
1466 671 1666 751 Pelagianos,
1709 672 1817 734 dicens
1846 690 1854 733 ε

145 770 309 833 redditum
325 770 471 832 Hcclesiis
498 769 681 832 dedicatum
696 777 755 845 est,
785 776 976 851 procurante
1030 769 1215 850 Palladius,
1231 770 1358 832 seruilis
1373 770 1528 852 nequitie,
1548 769 1683 830 eamdem
1712 768 1855 832 heresim

145 869 338 931 ancillarum
376 868 504 942 Christi,
543 869 679 931 virorum
722 869 899 944 doctorum,
938 889 976 932 ac
1030 866 1209 929 instaurare
1223 875 1353 929 constans
1368 889 1412 947 cs,
1441 873 1470 928 ct
1497 887 1604 927 rzooam
1631 867 1854 931 translationis

146 967 421 1029 sanctissimorum
433 967 657 1048 episcoporum
672 967 809 1047 agmine.
1029 963 1194 1026 Hebraicae
1209 964 1289 1026 milri
1303 965 1494 1028 calumniam
1508 970 1639 1043 struere,
1669 971 1730 1027 etc.
1760 969 1785 1027 0
1812 966 1855 1028 le·

188 1067 262 1128 lam
289 1064 375 1146 quod
415 1071 650 1145 oppugnatores
671 1067 854 1128 earumdem
871 1070 973 1128 trans·
1028 1066 1104 1128 lices
1130 1069 1162 1127 S.
1192 1067 1335 1129 Doctoris
1361 1066 1496 1139 labores,
1527 1065 1760 1145 quinunquam
1784 1065 1853 1127 he-

147 1162 304 1225 lationnm
333 1168 466 1244 spectat,
508 1163 535 1224 si
574 1162 788 1242 Augustinum
822 1164 971 1244 excipias,
1028 1164 1133 1225 reticis
1161 1182 1305 1244 parcens,
1335 1164 1422 1227 omni
1448 1163 1512 1243 egit
1542 1162 1659 1235 studio,
1688 1168 1724 1223 ut
1749 1162 1854 1225 hostes

147 1279 243 1322 nemo
270 1278 381 1323 eorum
408 1261 465 1341 qni
505 1277 580 1335 non,
622 1259 804 1322 stimulante
840 1260 971 1336 invidia,
1028 1261 1188 1336 Ecclesiae,
1204 1262 1414 1342 ejusquoque
1442 1261 1549 1322 hostes
1573 1259 1709 1322 tierentl
1739 1262 1852 1340 Neque

146 1365 293 1421 sanctum
309 1377 390 1440 opus
403 1377 516 1440 capere
544 1362 576 1420 et
601 1358 795 1438 Hieronymo
825 1358 972 1421 detrabe·
1027 1378 1101 1422 rere
1131 1366 1178 1421 tot
1201 1360 1375 1422 calumnias
1416 1359 1633 1437 excogitarent
1669 1356 1854 1437 origenista
1899 1366 1902 1371 '

145 1475 180 1519 re
209 1456 377 1520 studuerit.
407 1457 482 1519 ldeo
510 1456 698 1536 praelatione
725 1455 758 1517 in
784 1456 895 1518 Harum
933 1455 973 1520 de
1027 1461 1067 1523 sd
1082 1461 1213 1524 exitium
1237 1460 1423 1534 sanctiriri,
1451 1460 1511 1522 nisi
1534 1459 1622 1539 prius
1649 1459 1778 1521 illorum
1805 1478 1852 1522 er·

144 1555 487 1618 suissemulisaiebut:
503 1553 671 1617 Accedunt
694 1553 737 1614 ad
762 1551 819 1615 boc
847 1552 971 1614 invido·
1025 1576 1113 1621 rores
1139 1558 1265 1638 publice
1293 1557 1518 1637 redarguisset,
1560 1555 1749 1637 scriptisque
1787 1557 1852 1621 ire·

145 1674 216 1714 rum
231 1655 353 1733 studia,
369 1653 426 1735 qui
446 1671 534 1714 omne
561 1651 646 1733 quod
673 1649 842 1712 scribimus
870 1658 972 1733 repre-
1025 1655 1121 1735 gisset
1134 1655 1275 1735 ipsorum
1292 1655 1483 1734 superbiam.
1513 1657 1555 1715 At
1581 1652 1654 1715 licet
1681 1653 1783 1735 hydra
1809 1654 1852 1718 si·

144 1749 345 1811 tendendum
378 1754 519 1832 putant;
547 1754 577 1809 et
604 1747 763 1808 interdum
790 1753 899 1808 contra
925 1768 968 1826 se,
1024 1754 1148 1833 hilaret,
1177 1754 1341 1832 detorque
1371 1753 1470 1815 Sinon
1496 1752 1642 1814 incendis
1684 1751 1846 1832 jactaret:

142 1847 337 1908 conscientia
351 1850 556 1929 repugnante,
576 1844 703 1928 publice
722 1843 864 1907 lacerant
886 1845 1009 1926 qnodll
1025 1851 1125 1930 magis
1160 1856 1344 1913 sanctorum
1372 1850 1513 1913 virorum
1543 1848 1697 1911 charitate
1735 1868 1849 1930 proro-

142 1944 264 2007 occulte
277 1944 410 2026 legunt:
426 1944 460 2004 in
488 1948 609 2004 tantum
633 1947 669 2003 ut
691 1941 828 2003 clamare
842 1942 971 2023 compet·
1025 1947 1157 2010 sabatur
1185 1949 1225 2010 ad
1253 1948 1405 2023 studium,
1437 1965 1533 2028 quam
1571 1946 1749 2009 invidorum
1791 1947 1848 2010 (10.

140 2042 204 2122 lar,
220 2043 365 2104 etdicere
379 2040 481 2114 (Psal.
499 2057 580 2114 oxu,
596 2040 667 2120 2.):
692 2037 841 2119 Domine,
869 2038 970 2101 libera
1024 2045 1179 2115 tructione
1199 2050 1231 2108 et
1258 2045 1331 2108 odio
1360 2045 1583 2107 deterreretur.
1614 2045 1715 2107 Tanto
1741 2050 1847 2108 autem

139 2142 279 2202 animam
296 2160 393 2202 mcam
409 2162 427 2200 a
442 2138 539 2201 labiis
554 2139 675 2220 iniquis
690 2137 882 2218 stolingua
910 2139 970 2199 do·
1024 2141 1123 2204 livore
1152 2143 1383 2222 torquebantur
1423 2148 1554 2223 propter
1610 2141 1850 2206 translationem

139 2238 220 2300 losa.
252 2239 338 2301 Nihil
365 2243 413 2300 est
441 2237 526 2316 quod
556 2236 752 2297 manifestius
788 2235 967 2297 invidorum
1024 2241 1222 2314 Hebraicam,
1249 2247 1316 2302 tum
1344 2239 1460 2315 ludaei,
1489 2246 1557 2302 tum
1584 2240 1731 2302 malevoli
1757 2241 1851 2303 Chri·

135 2336 265 2399 illorum
289 2336 451 2398 vesaniam
480 2333 666 2414 prodiderit,
704 2351 801 2413 quam
831 2350 869 2394 ea
896 2352 968 2413 quse
1024 2338 1129 2413 atiani,
1160 2344 1196 2400 ut
1224 2338 1450 2418 Hieronymum
1475 2338 1515 2401 de
1544 2338 1647 2399 medio
1673 2337 1852 2401 tollerevo·

136 2438 288 2518 leguntur
316 2437 357 2499 ad
386 2436 481 2497 tinem
525 2433 598 2496 libri
637 2432 767 2495 secundi
804 2431 967 2512 Apologiee
1023 2437 1167 2500 luissent.
1185 2438 1264 2499 Hinc
1288 2437 1375 2499 Beda
1405 2436 1437 2497 in
1462 2454 1519 2498 sua
1548 2436 1851 2517 epistoleapologe-

136 2536 290 2599 adversos
305 2533 468 2609 Rullnnm,
486 2531 540 2595 ubi
564 2532 604 2593 de
621 2529 787 2611 supposita
814 2530 967 2609 Hierony·
1023 2534 1086 2597 tice
1101 2536 1257 2615 ejusmodi
1280 2534 1407 2597 invidiae
1428 2534 1622 2609 recordatus,
1648 2535 1716 2597 cit:
1745 2533 1846 2617 Quip

87 2656 89 2663 ’
137 2652 189 2695 mo
204 2632 340 2712 epistola
355 2629 482 2693 abunde
509 2630 586 2691 stilis
612 2628 817 2711 disputatur:
847 2625 967 2687 Scribit
1015 2644 1056 2719 pe
1082 2637 1138 2719 qui
1166 2637 1199 2696 in
1227 2641 1290 2696 tam
1319 2636 1496 2695 necessaria
1523 2634 1639 2698 dininae
1665 2635 1838 2718 Scripturas

139 2736 240 2799 trater
268 2727 437 2806 Eusebia&
481 2727 588 2807 Inquit
620 2729 652 2788 S·
697 2725 966 2804 fli0f⁰1¹ym¹¹⁸sst
1020 2734 1238 2811 translatione,
1248 2732 1500 2814 penealatinis
1524 2733 1622 2793 simul
1644 2738 1674 2791 et
1695 2731 1843 2794 Hebraeis

140 2828 223 2912 apud
237 2827 340 2905 Afros
355 2826 524 2910 episcopos;
539 2824 596 2907 qui
613 2828 746 2906 propter
772 2821 965 2884 ecclesiasti·
1018 2836 1065 2891 est
1078 2830 1240 2912 lapidibus
1254 2838 1427 2913 oppressus.
1457 2828 1511 2891 Ab
1538 2828 1683 2890 Hebraeis
1706 2830 1844 2913 quidem,

142 2946 195 2986 cas
222 2944 337 2985 causas
364 2923 408 2984 ad
434 2923 613 2984 comitatum
649 2925 806 3000 uenerant,
849 2920 965 3002 episto-
1018 2927 1102 3009 quod
1129 2929 1175 2989 eis
1205 2926 1366 2989 irridendi
1403 2925 1615 3001 Christianos,
1656 2932 1686 2986 et
1725 2926 1847 2989 coium-

140 3022 307 3104 lamquasi
321 3041 386 3082 meo
414 3020 563 3102 scriptam
591 3019 714 3081 nomine
741 3017 913 3101 reperisse:
930 3019 964 3079 in
1018 3024 1132 3086 niandi
1146 3033 1207 3108 pro
1234 3022 1395 3086 codicibus
1424 3022 1582 3085 rrrerzdosis
1610 3023 1731 3084 occasio
1750 3026 1842 3102 soret

139 3143 198 3204 qua
212 3141 340 3203 agerem
360 3119 591 3203 paenitentiam,
620 3124 649 3179 et
677 3139 723 3180 me
751 3117 790 3178 ab
817 3115 963 3179 Hebraeis
1017 3122 1124 3185 ablata
1140 3144 1149 3183 .·
1165 3145 1184 3183 a
1199 3122 1322 3184 Latinis
1337 3121 1546 3202 autem,quod
1559 3122 1605 3182 eis
1628 3141 1705 3183 nooa
1733 3127 1763 3182 et
1790 3121 1843 3182 in-

139 3221 171 3280 in
211 3217 457 3280 adolescentiam
485 3216 648 3279 inductum
676 3235 742 3277 esse
756 3220 791 3275 ut
818 3220 964 3295 testarer,
980 3212 1003 3281 C
1019 3220 1127 3299 solita,
1143 3221 1268 3281 tametsi
1282 3220 1424 3292 meliora,
1439 3229 1501 3301 pro
1531 3218 1685 3281 ueteribus
1715 3220 1843 3300 ingere·

138 3325 169 3378 ut
184 3316 321 3379 Hebraea
336 3315 496 3377 columina
512 3315 545 3376 in
565 3313 712 3376 latinum
741 3319 898 3394 verterem,
929 3313 963 3373 in
1021 3324 1131 3379 rentur
1159 3324 1187 3378 et
1213 3317 1331 3380 solitis.
1362 3318 1481 3388 Quibus
1510 3323 1684 3379 consonant
1700 3317 1846 3397 istaquee

137 3416 251 3497 quibus
265 3413 357 3475 nulla
372 3413 417 3474 sit
430 3413 557 3475 veritas.
578 3409 675 3490 Quod
692 3410 826 3473 audiens
854 3409 962 3472 abstu-
1016 3417 1166 3496 leguntur
1185 3417 1271 3497 apud
1298 3417 1401 3496 ipsurn
1431 3416 1659 3496 Hieronymum
1687 3415 1846 3495 praelatio·

136 3516 228 3584 bui...
262 3513 331 3592 Qui
358 3512 417 3575 lroc
443 3532 539 3573 ausus
567 3517 614 3573 est
639 3514 753 3591 facere,
778 3511 857 3592 quid
871 3509 964 3572 aliud
1017 3533 1056 3576 ne
1080 3515 1110 3574 iu
1140 3514 1254 3575 librum
1283 3517 1411 3575 losue:
1460 3511 1539 3590 Quae
1577 3513 1658 3573 enim
1683 3512 1845 3575 audientis
1888 3550 1893 3561 ι

90 3660 93 3669 .
138 3634 198 3676 non
226 3609 372 3673 arsdeatl
400 3609 485 3672 Bene
512 3609 597 3691 quod
623 3609 749 3670 malitia
777 3628 838 3668 non
868 3606 963 3668 babet
1016 3611 1065 3672 vel
1078 3611 1214 3692 legentis
1230 3610 1355 3670 utilitas
1369 3615 1426 3682 est,
1448 3630 1503 3670 nos
1526 3608 1699 3671 laborando
1726 3610 1843 3672 sudare

137 3716 244 3772 tantas
273 3709 366 3782 vires,
397 3712 529 3789 quantos
557 3712 697 3768 conatus.
728 3705 874 3767 Perierat
910 3704 962 3765 in·
1015 3715 1045 3770 et
1059 3709 1140 3770 alios
1153 3709 1344 3769 detrahendo
1368 3706 1538 3783 laborare;
1568 3707 1675 3768 dolere
1695 3706 1836 3787 sudam,

138 3809 294 3885 nocentia,
310 3808 342 3868 si
355 3814 473 3889 semper
493 3804 640 3887 nequitiae
660 3804 777 3886 juncta
799 3809 879 3865 esset
901 3810 962 3885 po-
1015 3807 1099 3890 quad
1112 3805 1330 3868 calumniandi
1343 3805 1389 3866 eis
1403 3811 1433 3865 et
1454 3805 1614 3866 irridendi
1631 3803 1840 3867 Christianos

137 3908 262 3984 tentia;
290 3911 320 3968 et
346 3909 444 3967 totum
472 3903 631 3985 quidquid
663 3902 751 3984 cupit
789 3902 960 3984 calumnia,
1017 3905 1061 3966 sit
1088 3904 1194 3966 ablata
1220 3903 1341 3965 occasio
1367 3924 1375 3982 ;
1405 3909 1433 3963 et
1460 3902 1609 3965 Ecclesia
1637 3901 1777 3964 homines
1806 3900 1842 3962 id
1931 3952 1934 3957 .

134 4004 329 4088 prevaleret.
357 4004 396 4067 ut
423 4001 538 4063 iterum
564 4021 573 4061 :
603 3999 729 4083 Ecquid
770 4000 803 4060 in
840 3999 964 4061 bomine
1017 4001 1183 4083 despicere,
1228 4001 1289 4062 imo
1330 3999 1480 4080 lacerare,
1537 3999 1619 4060 unde
1664 3996 1845 4060 adversarii
1920 4075 1928 4083 ..

135 4108 240 4165 tutum
254 4102 308 4181 sit,
325 4100 356 4161 si
379 4099 555 4162 innocentia
582 4098 753 4160 criminosa
780 4096 853 4158 esti
875 4096 965 4159 Dar·
1019 4098 1251 4180 torqueantur?

135 4204 251 4264 miente
270 4199 522 4283 patrefamilias,
553 4199 702 4261 inimicus
730 4196 820 4259 bomo
838 4198 965 4279 zizania
1059 4199 1187 4262 Diverso
1202 4216 1331 4278 prorsus
1347 4196 1508 4259 terebatur
1523 4195 1628 4259 studio
1643 4199 1676 4258 S.
1691 4195 1845 4275 Augusti·

136 4299 408 4383 superseminavit.
440 4295 585 4378 (Marti,
615 4314 683 4372 1111,
712 4296 778 4376 25.)
805 4293 966 4356 Extermi-
1019 4315 1090 4370 nus,
1106 4314 1179 4357 cum
1199 4295 1239 4356 ab
1264 4293 1526 4374 interpretatione
1556 4293 1762 4356 Hebraeorum
1789 4311 1845 4354 ro-

136 4398 225 4458 navit
239 4397 359 4457 cineam
375 4403 449 4477 aper
461 4395 501 4455 de
514 4393 607 4468 siloa,
624 4399 654 4454 et
667 4391 851 4473 singularis
878 4396 966 4461 ferus
1020 4392 1174 4455 luminum
1216 4390 1388 4472 aliquando
1413 4391 1638 4471 Hieronymum
1680 4388 1845 4463 deterruit,

136 4497 285 4578 depastus
313 4498 360 4554 est
387 4512 453 4553 eam
493 4491 598 4572 (Psal.
639 4508 744 4553 cxxxi.
790 4490 852 4572 ll).
894 4489 967 4570 Ego
1021 4489 1323 4561 eoscilicetanimo,
1354 4488 1408 4568 qui
1432 4488 1532 4550 oculis
1560 4488 1617 4549 Dei
1643 4487 1675 4549 in
1705 4489 1847 4548 fraterna

137 4597 233 4670 taceo,
251 4594 282 4649 et
296 4588 413 4649 littere
426 4607 487 4648 non
502 4606 574 4649 mee
588 4587 764 4672 loquuntur
778 4591 887 4648 contra
910 4604 968 4647 me.
984 4586 1009 4653 l)
1023 4587 1192 4651 dilectione
1220 4605 1282 4648 non
1312 4585 1466 4666 displicet.
1497 4586 1577 4657 Ouid
1607 4586 1706 4664 igitur
1742 4602 1846 4646 causae

138 4687 260 4769 ignora
274 4685 405 4765 crimen,
435 4690 465 4746 et
491 4685 608 4746 crimen
637 4685 671 4748 in
700 4689 764 4746 toto
784 4683 969 4762 orbeconfi-
1024 4684 1179 4748 exstiterit
1206 4683 1247 4745 ad
1276 4683 1501 4745 deterrendum
1538 4682 1763 4762 Hieronymum
1806 4679 1847 4742 ab

139 4793 217 4844 teor.
248 4781 322 4843 Heu
350 4781 441 4861 milri,
471 4789 570 4842 mater
595 4799 676 4857 mea,
693 4785 728 4844 ut
751 4781 831 4862 quid
851 4800 897 4841 me
910 4800 969 4861 ge·
1023 4781 1149 4863 incepto
1164 4799 1260 4862 opere
1288 4781 1449 4844 Hebraicae
1474 4780 1699 4858 translationis,
1728 4779 1849 4841 uminis·

140 4882 255 4952 unisti,
272 4880 387 4959 virum,
403 4879 460 4962 qui
470 4879 602 4959 judicer
627 4885 657 4939 et
691 4880 858 4941 discernar
885 4877 971 4938 omni
1024 4881 1101 4943 sime
1124 4881 1186 4960 ipsi
1207 4879 1397 4959 suggerebat
1420 4879 1504 4942 idem
1532 4878 1726 4958 Augustinus
1753 4876 1846 4957 epist.

143 4977 275 5038 terre?
312 4979 367 5039 His
394 4976 583 5039 inflammati
608 4976 738 5039 insidiae
770 4977 904 5050 lacibus,
932 4992 969 5037 ac
1023 4983 1075 5055 'll,
1092 4979 1224 5040 ubisit:
1242 4977 1404 5059 Egosane
1427 4984 1456 5037 te
1484 4977 1607 5039 mallem
1639 4975 1770 5038 Graecm
1792 4983 1850 5057 po·

142 5075 295 5157 nequitiae
312 5074 434 5136 artibus
447 5074 604 5149 instructi,
634 5074 810 5137 nebulones
839 5071 970 5154 quidem
1024 5077 1089 5138 tius
1118 5075 1285 5136 canonicas
1314 5074 1404 5136 nobis
1433 5075 1636 5157 interpretari
1652 5074 1847 5156 Scripturas,

141 5172 374 5254 oppugnabant
416 5172 638 5234 translationes
679 5172 852 5235 Hebraicas
892 5170 969 5233 Hie·
1024 5194 1092 5257 quse
1132 5173 1343 5255 Septuaginta
1385 5172 1593 5255 interpretum
1627 5170 1847 5256 perhibentur.

101 5262 103 5287 ⁵
142 5271 279 5351 ronymi.
312 5269 450 5349 Signifer
477 5287 586 5331 eorum
628 5269 688 5332 fuit
731 5270 883 5343 Rufinus,
912 5269 971 5330 etsi
1024 5271 1389 5351 Perdurumcritenim,
1418 5272 1449 5331 si
1476 5276 1530 5332 tua
1561 5267 1773 5354 interpretatio
1788 5273 1850 5347 per

141 5372 265 5453 juraret
289 5388 323 5431 sc
345 5369 512 5450 epistolam
542 5387 606 5432 non
633 5369 794 5449 scripsisse
824 5369 865 5430 ud
879 5366 970 5430 Atros
1026 5368 1142 5431 multas
1156 5366 1317 5428 Ecclesias
1331 5369 1527 5448 frequentius
1541 5368 1664 5450 ceperit
1697 5361 1847 5437 lectitari,

144 5473 202 5534 snb
217 5470 347 5532 nomine
360 5469 557 5551 Hieronymi,
572 5469 606 5531 in
625 5488 689 5550 qua
716 5470 775 5531 iste
803 5469 970 5532 confitere·
1024 5468 1141 5551 quoda
1159 5465 1282 5528 Grecis
1297 5465 1452 5529 Ecclesiis
1465 5467 1583 5529 Latina
1602 5462 1749 5526 Ecclesia
1777 5461 1849 5522 dis-

146 5568 378 5634 turinduolnm
392 5565 971 5634 amaludoeisurmencsciatrsns
1024 5566 1180 5629 sonabunt
1207 5586 1218 5642 ;
1249 5566 1380 5627 niaxime
1408 5567 1483 5648 quia
1509 5563 1606 5640 facile
1633 5560 1849 5626 contradictor

147 5669 256 5733 terret.
279 5670 366 5734 Inter
379 5668 524 5752 gregales
551 5664 696 5749 ejusdam
724 5665 840 5742 liutici,
868 5683 970 5749 oppn·
1023 5664 1221 5731 convincitur
1237 5662 1349 5729 Gracc
1359 5663 1485 5748 prolato
1499 5659 1593 5740 libro,
1611 5660 1849 5742 interdiuque
