3870 6120
722 178 753 232 8.
772 178 977 236 maeotim
994 178 1122 235 utviua
1141 176 1390 238 scaurorum.

974 490 1121 557 lNClPlT

649 698 951 864 LIBER
1013 698 1443 865 ESTHER.

231 1138 307 1212 [Cap.
323 1137 358 1209 I.]
374 1140 406 1193 In
423 1137 526 1193 diebus
553 1136 688 1204 assueri,
705 1136 756 1208 qui
770 1136 902 1209 regnavit
918 1136 954 1193 ab
968 1139 1019 1194 ln·
1033 1138 1059 1206 Α
1111 1136 1329 1210 llespanditque
1352 1137 1538 1205 Mamuchan,
1564 1138 1700 1195 audiente
1715 1154 1795 1211 rege,
1812 1143 1842 1194 at
1868 1156 1901 1197 ue

196 1210 244 1267 dia
260 1225 355 1281 usque
369 1210 651 1282 AEthiepiam,super
662 1214 779 1264 centum
795 1209 896 1276 viginti
906 1214 1019 1282 septem
1075 1209 1343 1283 principibuezNon
1359 1210 1456 1266 solam
1472 1225 1568 1284 regem
1584 1210 1770 1284 tasitregina
1781 1155 1899 1278 vasari,

195 1283 363 1356 provincias
375 1281 507 1353 :quando
523 1283 600 1336 sedit
615 1282 644 1335 in
661 1279 734 1337 solio
749 1281 1019 1354 regnisui,Susaa¹
1073 1284 1123 1338 sod
1139 1294 1168 1338 et
1182 1296 1285 1337 omnes
1312 1280 1448 1353 populos,
1475 1285 1504 1338 et
1531 1282 1624 1353 princi
1647 1299 1688 1348 es,
1706 1285 1756 1365 qui
1772 1288 1848 1338 strat
1869 1283 1899 1339 ia

126 1417 129 1421 ,
196 1353 299 1411 civitas
315 1353 396 1436 regni
412 1352 476 1422 ejus
489 1353 641 1408 exordium
655 1353 719 1407 luit.
1073 1354 1187 1409 cunctis
1204 1353 1361 1424 provinciis
1382 1353 1458 1423 regis
1472 1352 1603 1409 assueri.
1621 1298 1794 1424 Egredietur
1816 1355 1898 1411 enirn

233 1425 331 1481 Tertio
347 1424 438 1495 igitur
453 1441 529 1480 anuo
545 1424 661 1497 imperii
674 1424 732 1491 sui,
750 1423 817 1479 lecit
828 1424 940 1495 grande
951 1440 1019 1479 cca·
1074 1442 1169 1482 sermo
1185 1425 1290 1496 reginae
1310 1424 1346 1479 od
1369 1440 1470 1481 omnes
1486 1424 1635 1491 mulieres,
1657 1430 1690 1480 ut
1705 1429 1900 1482 contemnant

195 1495 304 1552 virium
322 1496 436 1551 cunctis
447 1495 631 1568 principibus
647 1499 675 1552 et
691 1495 791 1567 pueris
806 1494 880 1564 suis,
897 1495 1021 1551 sortissi-
1072 1496 1149 1554 viros
1165 1513 1244 1562 suas,
1263 1498 1292 1551 et
1303 1495 1493 1551 dicanttltex
1508 1503 1656 1552 assuerus
1667 1496 1761 1567 jussit
1776 1504 1809 1553 ut
1824 1501 1898 1569 regi·

196 1568 254 1624 mis
270 1572 438 1634 Persarum,
464 1572 492 1623 et
516 1568 666 1623 Medorum
683 1566 740 1621 incl
754 1566 811 1631 tis,
827 1571 856 1622 et
876 1567 1021 1649 praelectis
1074 1585 1110 1624 ua
1124 1567 1227 1625 Vasthi
1241 1566 1364 1622 intraret
1374 1568 1409 1623 ad
1426 1582 1494 1622 eum
1511 1573 1540 1623 et
1554 1566 1604 1622 illa
1619 1567 1721 1624 noluit.
1733 1573 1832 1640 Atque
1843 1570 1897 1625 hoc

195 1640 414 1712 provinciarum
428 1654 526 1694 coram
539 1655 581 1709 se,
599 1644 631 1694 ut
646 1585 941 1695 ostenderetdiutiae
957 1637 1020 1710 glo·
1073 1639 1205 1709 exemplo
1217 1654 1320 1694 omnes
1331 1637 1496 1711 principum
1520 1640 1660 1711 conjuges
1678 1638 1835 1696 Persarum
1852 1649 1897 1697 at-

195 1710 243 1765 ria
260 1711 340 1794 regni
357 1710 416 1777 sui,
432 1726 465 1765 ac
482 1711 731 1783 magnitudinem,
748 1714 833 1779 atque
845 1710 1019 1781 jactantiam
1074 1729 1130 1784 que
1146 1710 1309 1777 Medorum,
1330 1711 1542 1782 parvipendent
1557 1711 1678 1781 imperia
1694 1714 1868 1769 maritarum
1888 1729 1895 1766 ε

196 1787 332 1854 potentia
348 1798 420 1852 sue,
436 1781 529 1838 multo
550 1789 693 1855 tempore,
709 1786 828 1850 centum
844 1780 978 1837 videlicet
992 1786 1021 1838 et
1074 1785 1152 1839 unde
1167 1781 1245 1853 regis
1257 1781 1342 1852 justa
1356 1786 1402 1836 cst
1417 1782 1591 1855 indignatio.
1606 1781 1635 1837 Si
1650 1783 1704 1851 [lt.
1720 1782 1783 1839 add.
1810 1784 1894 1856 ergo]

196 1853 340 1927 octogiuta
356 1853 470 1909 diebus.
1075 1856 1125 1910 tibi
1137 1853 1257 1926 placete
1280 1852 1409 1908 rediatur
1421 1853 1550 1909 edictum
1568 1853 1668 1909 aiacie
1688 1857 1761 1922 tua3
1778 1859 1807 1910 et
1823 1858 1895 1910 scri·

229 1927 362 1996 Cumque
382 1924 578 1997 implorentur
593 1923 655 1979 dies
670 1922 944 1986 convivii,invitavit
961 1938 1022 1979 om·
1074 1928 1162 1983 batur
1174 1869 1357 1996 juxtalegcm
1365 1928 1520 1980 Persarum
1538 1925 1891 1997 etqnebledorum,quam

194 2012 262 2052 uem
279 1996 421 2069 populum
446 1995 497 2067 qui
523 1997 660 2052 inventus
677 2001 722 2051 eet
739 1994 877 2057 sociata
893 1998 1020 2051 maximo
1074 1997 1214 2083 preteriri
1228 1995 1363 2051 illicitum
1375 2000 1429 2063 est,
1441 2002 1474 2051 ut
1485 2011 1670 2068 nequaquam
1694 1996 1770 2052 ultra
1790 1999 1890 2053 Vasllri

195 2084 289 2140 usquc
305 2069 339 2124 ad
353 2068 510 2123 minimum
525 2073 572 2122 :et
580 2067 670 2135 ‚tussit
679 2071 790 2139 septem
807 2066 912 2122 diebus
923 2067 1020 2121 canvi-
1074 2067 1299 2143 ingrediaturad
1311 2082 1420 2139 regem,
1431 2067 1482 2123 sed
1495 2083 1617 2139 reguum
1628 2066 1707 2122 illius
1719 2068 1891 2139 alteraque

195 2140 272 2194 vium
290 2141 445 2211 preparari
460 2138 641 2194 investibulo
656 2136 744 2204 horti,
758 2142 787 2191 et
798 2137 1020 2209 neniorisquod
1075 2141 1179 2198 melior
1190 2139 1239 2195 illa
1249 2144 1304 2204 est,
1315 2137 1449 2209 accipiat.
1462 2139 1496 2194 at
1506 2139 1562 2196 bac
1572 2138 1600 2194 in
1612 2140 1795 2211 amneiquod
1813 2141 1892 2195 latis·

194 2210 274 2282 regio
287 2211 365 2266 culta
378 2217 406 2265 et
416 2227 502 2266 manu
516 2210 661 2265 consitum
676 2217 748 2264 erat.
761 2209 795 2264 Et
806 2209 972 2282 pendebant
986 2224 1022 2265 ex
1074 2213 1183 2270 simum
1195 2211 1250 2283 est]
1269 2208 1487 2282 provinciarum
1497 2214 1614 2267 tuarum
1625 2209 1894 2284 divulgeturimpe·

194 2283 274 2336 omni
291 2287 372 2353 parte
394 2281 520 2337 tentoria
541 2282 611 2337 aerii
634 2280 750 2347 coloris,
775 2286 803 2335 et
827 2280 971 2335 carbasini
987 2296 1021 2336 ac
1075 2285 1162 2350 rium,
1179 2286 1445 2338 ctcnnctrourores
1463 2286 1524 2337 lam
1541 2284 1684 2353 maiorum
1696 2298 1784 2354 quam
1796 2283 1895 2340 mino-

194 2352 390 2425 hyacinthini,
406 2358 568 2409 sustentata
582 2352 701 2407 funibus
714 2350 841 2423 byssinis
852 2356 940 2422 atque
952 2368 1020 2424 pur·
1076 2373 1153 2423 rum,
1170 2354 1302 2409 delerant
1317 2353 1430 2409 maritis
1445 2355 1508 2409 suis
1527 2353 1665 2409 bonorem
1676 2355 1697 2409 Ἰ.

196 2424 362 2496 percis,qui
376 2422 642 2482 eburaciscirculis
655 2422 848 2478 insertierant
863 2429 892 2479 et
908 2421 1019 2478 calum·
1111 2427 1223 2482 Placuit
1233 2423 1388 2480 consilium
1398 2425 1463 2496 ejus
1478 2426 1548 2495 rogi,
1559 2431 1589 2480 et
1600 2424 1799 2497 principibue;
1813 2425 1894 2481 iecit·

195 2496 242 2551 nie
258 2498 433 2552 marmoreis
448 2494 654 2551 fulciebantur.
671 2493 781 2550 Lectuti
798 2510 915 2566 quoque
936 2493 1017 2549 aurei
1032 2522 1056 2588 B
1074 2516 1131 2571 quc
1143 2496 1448 2567 rcxjuxtacousilium
1468 2496 1651 2563 mamuchan,
1665 2501 1694 2551 et
1714 2496 1797 2552 misit
1815 2497 1894 2568 epis·

194 2571 224 2623 et
240 2566 382 2640 urgenttl·
394 2583 482 2639 supet
494 2567 691 2637 pavimentum
704 2566 1015 2636 smaragdinoetpario
1072 2570 1145 2628 totas
1156 2570 1191 2625 ad
1205 2569 1354 2624 universas
1365 2569 1527 2639 provincias
1537 2568 1620 2641 regni
1630 2569 1687 2638 sui,
1709 2572 1741 2623 ut
1761 2585 1893 2640 quaeque

196 2642 324 2694 stratum
336 2638 434 2711 lapide
446 2638 581 2711 dispositi
590 2637 771 2708 crantzquod
785 2638 859 2693 mira
876 2637 1016 2693 uarietate
1068 2658 1140 2714 gons
1152 2641 1253 2697 audire
1264 2644 1292 2694 et
1303 2638 1397 2711 legere
1406 2642 1529 2711 poterat,
1542 2639 1667 2697 diversis
1676 2638 1788 2712 linguis
1804 2646 1835 2695 et
1846 2641 1893 2696 lit-

194 2710 310 2783 pictura
325 2710 491 2765 decorabat.
523 2709 665 2766 Bibcbaut
693 2713 791 2765 autem
820 2706 870 2777 qui
899 2709 1014 2764 invitati
1068 2710 1678 2783 tenis,esseviroaprincipasacmaJores
1702 2710 1732 2765 iu
1749 2712 1892 2768 domibus

195 2785 281 2837 crant
297 2782 395 2837 aureis
417 2780 544 2853 poculis,
559 2788 588 2836 et
601 2780 667 2838 aliis
681 2786 771 2852 atque
784 2779 849 2835 aliie
865 2779 942 2835 vasis
957 2779 1014 2837 cibi
1067 2785 1131 2843 auis
1143 2800 1149 2840 :
1162 2789 1191 2840 ct
1201 2782 1256 2838 hoc
1272 2785 1453 2853 percunctos
1466 2780 1591 2854 populos
1606 2781 1762 2853 divulgari.

194 2852 407 2908 inferebantur.
428 2852 530 2908 Vinum
547 2868 663 2924 quoque
685 2853 716 2907 in
737 2851 955 2923 magnificentia
969 2868 1015 2906 re·
1105 2856 1179 2926 [Cap.
1192 2854 1242 2925 il]
1254 2853 1303 2909 llis
1314 2854 1356 2908 ita
1370 2854 1470 2927 gestia,
1486 2858 1642 2925 postquam
1666 2854 1747 2926 regis
1768 2854 1893 2911 assueri

195 2924 244 2997 gia
259 2924 380 2995 dignum
403 2929 465 2979 erat
488 2924 653 2990 abundans,
678 2927 706 2979 ct
731 2924 909 2993 praecipuam
928 2938 1015 2992 poue·
1068 2928 1252 2983 deferbuerat
1273 2924 1448 2997 indignatio,
1473 2926 1640 2982 reeordatus
1659 2932 1706 2981 est
1728 2924 1850 2995 Vastbi,
1865 2928 1894 2981 et

194 2996 291 3053 batur.
309 2995 366 3052 Nec
382 3000 444 3050 erat
459 2997 508 3067 qui
523 2996 654 3051 nolentes
668 2995 826 3066 cogeretad
840 2993 1013 3061 bibendum,
1068 3016 1131 3071 quis
1149 2998 1276 3066 lecisset,
1291 2995 1334 3052 vel
1356 3012 1420 3068 qum
1444 3012 1531 3068 passa
1555 3002 1633 3053 esset
1660 3012 1666 3050 :
1690 2995 1891 3123 dixeruntque

195 3067 245 3123 aad
262 3067 338 3123 sicut
353 3083 401 3122 rex
412 3071 564 3137 statuerat,
580 3083 751 3140 preponens
766 3064 898 3121 mensis³
912 3064 1014 3138 singu·
1067 3069 1149 3143 pueri
1162 3068 1249 3141 regis,
1263 3084 1296 3123 ac
1311 3066 1439 3123 ministri
1453 3067 1699 3140 ejusquaerantur
1710 3069 1773 3140 regi
1789 3085 1848 3140 pue
1861 3067 1891 3124 le

194 3137 239 3194 los
255 3139 290 3194 de
305 3137 489 3211 principibus
506 3139 580 3207 suis,
609 3144 642 3194 ut
664 3143 794 3195 sumeret
808 3153 1014 3209 unusquisque
1066 3140 1398 3215 virginesacspeciusta‚
1412 3143 1440 3195 et
1451 3139 1605 3195 mittantur
1623 3140 1673 3212 qui
1699 3140 1892 3196 considerent

193 3210 272 3282 quod
287 3210 382 3266 vallet.
1067 3230 1119 3285 per
1133 3213 1285 3269 uniuersas
1301 3209 1466 3283 provincias
1483 3210 1597 3282 puellos
1619 3211 1775 3282 speciosas
1792 3217 1821 3268 et
1837 3211 1891 3267 vir·

230 3280 330 3338 vasthi
341 3296 456 3353 quaque
468 3281 569 3351 regina
580 3281 649 3337 lecit
659 3279 823 3337 convivium
835 3278 1012 3336 seminarum
1066 3286 1150 3358 pines
1163 3301 1168 3338 :
1181 3287 1209 3339 et
1218 3283 1366 3338 adducent
1381 3298 1431 3338 eas
1447 3281 1480 3337 ad
1498 3282 1644 3338 civitatem
1659 3283 1771 3352 Susan,
1784 3288 1816 3339 et
1831 3288 1889 3340 tra·

195 3352 225 3407 in
243 3351 360 3423 palatio,
382 3353 430 3408 ubi
446 3369 494 3407 rex
516 3357 662 3409 assuerus
677 3368 795 3408 manere
809 3354 1012 3407 consueverat.
1066 3358 1137 3412 dant
1151 3353 1207 3428 [Al.
1221 3354 1285 3410 add.
1298 3356 1359 3424 eas]
1370 3353 1399 3408 in
1420 3353 1542 3409 domum
1558 3353 1737 3409 laminarum
1755 3356 1816 3411 sub
1833 3370 1890 3410 ma·

231 3424 386 3495 itaquedie
396 3424 531 3494 septimo,
548 3439 615 3479 cum
626 3439 673 3479 rex
682 3429 760 3479 esset
774 3422 937 3491 hilarior,et
949 3427 1013 3493 post
1067 3446 1104 3484 nu
1122 3428 1189 3500 Egei
1205 3425 1347 3493 eunuchi;
1360 3425 1410 3496 qui
1421 3429 1466 3480 est
1476 3425 1652 3507 praepositus
1662 3429 1692 3479 et
1707 3432 1816 3483 custos
1827 3442 1890 3482 mu.

194 3492 316 3549 nimiam
331 3495 510 3566 potationem
526 3494 579 3565 [lt.
596 3494 755 3567 potionem}
769 3492 939 3549 incaluisset
949 3509 1013 3550 me·
1066 3501 1170 3555 lterum
1182 3497 1326 3567 regiarum
1337 3513 1344 3552 :
1355 3495 1689 3567 etaccipiantmundum
1702 3497 1888 3564 muliebrem,

195 3580 239 3636 ro,
253 3566 391 3637 pracepit
405 3565 554 3631 lllauman,
564 3570 592 3621 et
607 3565 735 3621 Bazutha
747 3566 767 3633 ⁸,
786 3565 909 3632 Arboua,
919 3570 948 3620 et
959 3568 1012 3620 Ba·
1065 3576 1094 3627 ct
1108 3575 1211 3627 cratera
1225 3568 1261 3624 od
1276 3584 1348 3623 usus
1364 3568 1538 3623 necessaria.
1555 3572 1588 3622 ut
1603 3583 1798 3641 quacunque
1817 3571 1890 3625 inter

193 3637 294 3706 ΜΝ,
311 3642 341 3694 el
354 3636 499 3708 Abilam&
519 3641 549 3693 et
564 3638 689 3693 ΖΜΝ
712 3642 741 3693 tl
763 3636 922 3703 Chtwhtss,
949 3652 1013 3708 ⁸09·
1065 3659 1168 3698 omnes
1182 3639 1274 3697 oculis
1290 3639 1367 3709 regis
1384 3638 1535 3710 placuerit,
1548 3638 1613 3710 ipsa
1631 3644 1740 3712 regnet
1756 3658 1813 3712 pro
1836 3641 1889 3698 Va·

192 3714 251 3764 tem
267 3708 421 3775 eunuchis,
438 3708 532 3780 quiin
549 3708 1011 3781 conspectuejuemiaistrabant,
1065 3714 1133 3770 athi.
1152 3712 1262 3768 Placuit
1276 3724 1372 3767 sermo
1388 3710 1448 3783 regi
1464 3727 1470 3766 :
1488 3709 1578 3778 etita,
1604 3715 1638 3767 ut
1661 3716 1891 3784 suggesserant,

192 3784 226 3836 ut
241 3780 460 3837 introducerent
478 3779 580 3837 Vaetlri
593 3781 723 3851 reginam
745 3795 842 3836 coram
867 3795 944 3850 rege,
961 3796 1012 3852 po·
1062 3786 1155 3858 jussit
1172 3783 1244 3840 lteri.

195 3851 251 3907 sito
279 3869 368 3924 super
391 3856 478 3921 caput
506 3853 570 3924 ejus
598 3853 823 3915 diademalem
845 3850 1011 3906 ostenderet
1103 3858 1172 3912 Erat
1186 3853 1363 3910 virtudaeus
1381 3851 1893 3920 inSusiscivitatevocabuloblar·

193 3924 306 3979 cunctis
330 3923 446 3996 pupulis
461 3924 490 3978 in
509 3925 690 3995 principibus
712 3920 962 3995 pulchritudinem
979 3921 1011 3977 il·
1027 3890 1048 3957 c
1068 3927 1205 3984 datheus
1221 3943 1227 3981 :
1245 3924 1325 3980 filias
1338 3923 1410 3990 Jair,
1421 3923 1475 3978 filii
1488 3924 1593 3987 Semei,
1605 3922 1658 3978 filii
1674 3926 1740 3993 Cis,
1755 3928 1796 3984 de
1808 3930 1895 4001 Stirpc

193 3993 252 4050 lint
269 4011 276 4050 :
292 4000 354 4050 etti
368 3996 446 4052 enlm
463 3995 587 4068 pulchra
601 3995 694 4051 Valde·
719 3997 786 4060 ΟΜ
810 3993 917 4060 refluit,
934 3998 962 4049 el
976 3994 1012 4049 ad
1065 3999 1184 4063 demini,
1196 3994 1418 4069 quitraneletus
1430 3993 1568 4051 iueratde
1580 3994 1756 4053 Jerusalem
1769 4016 1806 4056 eo
1824 4006 1894 4056 tem

192 4066 268 4135 regis
283 4065 452 4140 imperium,
468 4068 545 4138 quod
571 4083 622 4140 per
644 4065 796 4123 eunuchos
813 4066 1012 4132 mandaverat,
1067 4088 1145 4143 pore,
1181 4067 1397 4125 uctechoniam
1412 4066 1897 4139 regemiudaNabuehodonasar

192 4137 291 4194 venire
306 4138 493 4210 contempsit.
1067 4160 1116 4199 rex
1130 4147 1170 4197 Ba
1192 4139 1288 4214 ylcnis
1304 4137 1507 4201 transtulerat,
1519 4139 1567 4209 qui
1591 4137 1648 4193 luit
1665 4142 1823 4201 nutritius
1838 4144 1898 4199 ulie

228 4209 310 4265 Unda
325 4211 418 4267 iratus
432 4226 491 4278 rex,
507 4213 536 4265 et
558 4208 649 4265 nimio
666 4209 762 4264 furore
776 4223 949 4276 succensus,
965 4206 1014 4263 ia·
1068 4214 1167 4269 lratris
1182 4212 1228 4268 sui
1245 4210 1363 4279 Edisse,
1389 4226 1453 4281 qua
1481 4209 1571 4266 alteru
1587 4211 1714 4267 nomine
1741 4217 1901 4272 vacabatur

192 4281 349 4353 terrogavit
367 4282 528 4350 sapientes.
543 4281 593 4352 qui
618 4298 651 4338 cx
668 4296 748 4336 more
761 4281 840 4350 regio
856 4295 974 4351 semper
987 4278 1013 4335 ei
1066 4285 1183 4354 Esther,
1199 4288 1228 4339 et
1242 4287 1401 4352 utrumque
1415 4285 1567 4352 parentem
1592 4282 1764 4342 amiserat:
1780 4286 1900 4360 pulchra

193 4353 325 4419 adorant,
342 4359 370 4409 et
385 4353 502 4409 illorum
521 4353 758 4409 iaciebatcuncta
773 4350 908 4418 consilia,
920 4350 1011 4406 scien·
1068 4357 1168 4423 nimis,
1184 4361 1211 4410 et
1226 4355 1332 4409 decora
1355 4352 1438 4408 lacis.
1464 4352 1646 4424 Mortuisqua
1671 4360 1767 4438 patre
1790 4360 1857 4431 ejus
1871 4374 1900 4415 aa

192 4424 266 4480 tium
284 4425 364 4497 leges
377 4443 410 4481 ac
418 4425 488 4495 jura
499 4424 645 4495 majorum
657 4424 751 4494 (erant
769 4428 866 4478 autem
884 4422 971 4495 primi
986 4426 1015 4478 et
1068 4432 1174 4495 matre,
1185 4424 1383 4482 Mardachaus
1394 4422 1450 4478 sibi
1463 4440 1527 4479 eam
1539 4426 1696 4494 adoptavit
1708 4428 1745 4484 ia
1759 4430 1866 4486 tiliam.

192 4495 492 4566 proximitlharsena,
504 4501 532 4552 et
545 4496 659 4560 sethar,
671 4501 700 4552 et
712 4495 865 4562 Admatha,
880 4499 908 4552 et
922 4494 1014 4550 Thar-
1102 4500 1236 4570 Cumque
1251 4494 1467 4569 percrebuisset
1481 4495 1558 4567 regis
1573 4495 1762 4568 imperium,
1774 4506 1806 4558 et
1831 4504 1905 4557 'aab

191 4565 233 4621 eia
248 4572 277 4622 et
292 4573 397 4637 blatea,
413 4574 441 4625 et
461 4569 605 4632 Muraena.
634 4572 662 4623 et
685 4566 872 4629 Mamuchan,
901 4569 1014 4638 reptem
1068 4572 1241 4628 mandatum
1265 4567 1346 4623 illius
1363 4566 1606 4639 multavirgines
1623 4519 1904 4638 pulchraacluac

192 4637 282 4694 duces
295 4641 471 4695 Persarum⁸
486 4644 573 4711 atqua
588 4639 748 4703 Medorum,
761 4638 958 4708 quividebant
973 4637 1015 4692 st·
1068 4642 1312 4709 renturSusan,et
1322 4639 1398 4709 Egeo
1417 4639 1603 4695 traderentur
1613 4642 1787 4700 eunucho:
1806 4646 1905 4702 Esther

192 4707 267 4764 ciem
280 4711 400 4781 regis,et
421 4711 508 4781 primi
520 4714 586 4795 post
603 4726 670 4766 eum
689 4709 817 4764 residere
830 4708 909 4765 soliti
921 4706 1014 4779 erant)
1068 4730 1186 4786 quaqua
1197 4713 1272 4767 inter
1283 4716 1401 4766 cataras
1413 4710 1526 4781 puellas
1540 4709 1566 4765 ei
1581 4711 1701 4769 tradita
1724 4720 1790 4783 aaa,
1802 4724 1837 4774 ut
1850 4732 1905 4774 aar.

191 4781 239 4837 cai
257 4782 412 4838 sententie
426 4783 527 4840 Vastbr
540 4782 642 4854 regina
652 4781 895 4852 subjaceret‚quoe
907 4782 1015 4836 Assue-
1067 4791 1186 4842 vacetur
1196 4784 1226 4839 in
1247 4798 1370 4838 nurnero
1397 4780 1584 4838 feminarum.
1601 4783 1676 4848 Ques
1692 4785 1821 4859 placuit
1834 4790 1907 4855 ei,at

192 4853 218 4908 ri
230 4853 307 4926 regis
322 4854 491 4925 imperium,
504 4855 581 4927 quod
592 4852 803 4927 pereunuchoe
814 4853 1014 4922 mandaverat,
1068 4857 1180 4915 invenit
1190 4854 1315 4928 gratiam
1326 4852 1356 4908 in
1372 4857 1531 4926 conspectu
1544 4851 1638 4909 illius.
1653 4855 1692 4911 at
1704 4861 1857 4935 pracepit
1866 4876 1907 4917 aa.

194 4924 290 4982 iacere
305 4923 462 4986 noluisset.
1069 4929 1177 4995 nucbo,
1192 4934 1222 4984 ut
1232 4925 1406 4983 acceleraret
1430 4925 1574 4981 mundum
1585 4924 1799 5003 muliebrem,
1814 4938 1845 4991 et
1857 4936 1909 4989 tra·

229 5098 237 5132 ¹
257 5098 292 5153 ln
306 5096 447 5154 Vaticano
462 5094 595 5154 Palatino
610 5111 667 5153 ms.
689 5094 765 5152 Sata
787 5092 926 5151 continuo
941 5092 1016 5151 diei·
1104 5100 1169 5155 ‘lta
1180 5098 1277 5154 canon
1287 5092 1496 5151 Memmiamus
1507 5091 1676 5167 cunctique
1689 5103 1908 5163 msscodices:

194 5171 254 5224 tur.
1069 5168 1140 5229 editi
1151 5184 1218 5225 vero
1228 5165 1524 5291 legantZetltarpurta
1534 5164 1730 5249 hodiernum
1744 5175 1905 5239 Hebraeum.

227 5239 238 5273 ²
253 5238 330 5294 liditi
346 5239 447 5312 legunt
468 5241 497 5295 in
513 5238 603 5293 Sason
619 5255 626 5305 ;
644 5241 674 5293 at
697 5254 769 5295 mss.
795 5252 898 5294 omnes
922 5237 1016 5294 Latini
1031 5263 1055 5330 D
1070 5243 1271 5299 ubisuccessu
1282 5241 1424 5308 temporis
1446 5236 1629 5309 acilepotart
1640 5242 1748 5300 scribi
1759 5246 1905 5303 raccant

192 5316 362 5366 constanter
377 5311 503 5368 retineat
519 5311 595 5381 quod
609 5326 662 5364 nos
673 5308 831 5376 edidimus,
843 5309 919 5367 Susis
934 5327 1016 5367 uem·
1071 5317 1133 5378 Res,
1145 5312 1174 5367 id
1187 5313 1229 5368 est
1239 5308 1339 5365 Zetbcr
1348 5324 1402 5435 pro
1412 5307 1527 5372 Zarath,
1540 5307 1602 5363 siva
1615 5310 1753 5374 Zarath.
1772 5321 1868 5377 Maur.

191 5398 247 5453 pe;
265 5386 298 5437 ut
313 5383 450 5452 impressi
479 5382 567 5438 otiam
594 5381 706 5437 habeat
733 5380 880 5438 Nebemite
906 5398 971 5454 cap.
994 5400 1014 5453 1,
1104 5381 1226 5441 tNostri
1243 5397 1328 5446 mse,
1374 5379 1491 5436 cmucltc
1509 5383 1622 5462 ‘septem
1650 5384 1746 5445 duces
1764 5394 1841 5462 repis
1855 5395 1904 5447 aa

194 5469 272 5510 vers.
291 5454 315 5510 l.
334 5454 428 5510 blanc.
1071 5472 1196 5522 sauram,
1221 5458 1287 5515 etc..
1305 5466 1357 5507 uec
1373 5455 1472 5508 tamen
1486 5450 1534 5507 hic
1549 5452 1638 5522 ilcan
1653 5461 1852 5521 vocabulum
1863 5458 1905 5519 aa·

232 5525 314 5579 ’Pro
329 5529 442 5590 mensis,
458 5526 486 5580 in
506 5523 635 5580 Palatino
651 5538 705 5577 ms.
723 5526 769 5579 est
782 5526 832 5579 eit.
1071 5528 1184 5602 ginales
1200 5524 1249 5580 alii
1260 5520 1327 5578 libri
1340 5522 1464 5578 addunt.

232 5598 335 5652 ‘idem
347 5614 415 5661 ms..
432 5596 559 5654 Batotlia.
576 5597 629 5652 Pro
644 5595 756 5663 Zarath,
776 5595 852 5666 quod
870 5597 1016 5668 sequitur,
1106 5596 1245 5668 tltegina
1264 5611 1319 5649 me.
1336 5598 1516 5664 postremam
1529 5593 1610 5652 hanc
1626 5614 1761 5673 vacem,
1778 5607 1903 5663 taonem.

194 5668 316 5735 rectius,
334 5670 436 5726 saltem
448 5670 484 5726 ad
506 5667 657 5725 ltebraum
678 5669 804 5735 testam,
829 5666 946 5741 Vulgati
962 5671 1017 5727 ha·
1071 5675 1158 5728 tacet.
1179 5667 1246 5724 Max
1260 5664 1343 5721 addit
1364 5668 1426 5736 titt
1444 5682 1613 5740 Pt⁰¹¹⁰ffl⁰¹¹
1629 5673 1702 5729 toci
1718 5678 1901 5752 principius:

193 5735 266 5794 bant
280 5741 403 5800 Zeatltcr.
1072 5748 1172 5801 utrum
1187 5738 1287 5798 minua
1301 5736 1386 5794 bene.
