3878 6150
114 214 184 274 ttae

151 339 289 411 attactis,
305 341 334 396 et
350 342 357 375 ¹
375 339 563 398 comminans
578 343 639 398 tota
653 341 711 399 die.

787 218 895 279 LIBER
912 216 1148 275 aestuosum.

956 344 985 410 Α
999 340 1104 399 Fecisti
1117 341 1196 398 enim
1206 341 1355 415 judiciam
1372 358 1470 400 meum
1486 348 1515 400 et
1529 360 1649 404 causam
1663 361 1772 418 meam,

113 414 179 471 Non
193 411 371 469 convertenti
379 412 598 483 (Alconvertet)
608 415 738 485 gladium
750 430 837 471 suum
848 417 939 471 acuet.
1035 414 1137 470 sedisti
1153 430 1243 496 super
1256 415 1364 472 solium
1374 415 1466 486 judex
1478 416 1611 487 justitias.

153 501 252 541 areum
268 500 357 539 suum
371 484 506 555 tetendit,
522 494 549 540 et
564 484 676 557 paravit
687 485 782 542 illum.

114 557 154 614 Et
168 557 196 612 in
213 557 277 628 ipso
294 555 408 627 paravit
422 571 492 611 vasa
507 557 623 625 mortis,

114 629 360 771 Esbglrmlusrllal
374 626 410 710 ad
426 626 657 754 c'lulgllmndum
674 632 813 701 operatus
828 631 884 685 est.

140 716 172 757 cc
225 716 257 755 ar
309 716 316 752 r
359 715 473 769 arquis
537 741 544 767 ,

152 776 181 828 et
196 774 336 842 concepto
351 769 461 838 dolore,
478 770 591 841 peperit
606 771 789 828 mendacium
805 771 826 826 ¹.

150 846 262 899 Lucum
278 842 404 912 aperuit,
420 848 449 898 et
464 841 564 898 ellodit
579 857 658 912 eum,

151 919 180 970 et
195 915 305 970 incidet
320 914 350 969 in
367 913 519 969 interitum
533 930 620 986 quem
636 918 774 997 operatus
789 916 845 971 est.

113 986 287 1042 Revertatur
302 983 385 1041 dolor
399 984 440 1055 (b.
457 984 555 1054 dolus)
570 1001 644 1042 suas
659 1002 688 1041 in
705 990 793 1058 caput
806 985 882 1056 ejus,

151 1062 180 1112 st
195 1073 284 1130 saper
298 1056 435 1112 verticem
450 1057 515 1128 ejus
530 1056 671 1128 iniquitas
687 1074 741 1113 sna
755 1057 924 1114 descendet.

111 1129 278 1186 conoubor
293 1128 417 1185 Domino
433 1128 594 1184 secundum
604 1128 755 1199 justitiam
772 1129 849 1200 ejus,

150 1206 179 1258 et
195 1200 317 1274 psallam
334 1200 386 1270 (At.
396 1199 531 1270 cantabo)
543 1199 654 1256 nomini
664 1199 780 1257 Domini
792 1196 941 1256 altissimi.

233 1314 345 1354 vrcroar
365 1311 419 1353 rao
437 1313 657 1354 concurramus
676 1313 822 1354 caumcmu

354 1368 399 1437 (b.
417 1367 561 1438 Psalmns)
582 1386 667 1425 nsvin
680 1369 702 1424 ⁸.

111 1450 213 1524 (VIII.)
228 1448 351 1506 Domine
368 1446 427 1520 (At.
447 1448 598 1520 Dominus)
614 1449 781 1506 dominator
795 1451 905 1513 noster,

149 1537 239 1604 quam
254 1521 534 1604 grandeestnomen
551 1524 634 1576 tuum
652 1521 682 1576 in
698 1521 939 1576 universaterra:

110 1591 941 1746 Exqourlellllellllitlrgaltellltrblellllillmsleblbticlnlll?laudasti)

149 1736 268 1792 laudem
285 1735 325 1807 (b.
342 1734 505 1805 virtutem),

148 1813 270 1879 propter
283 1806 468 1862 adversarios
482 1812 561 1871 tuos,

150 1884 182 1935 ut
197 1878 329 1951 quiescat
344 1878 484 1935 inimicus
501 1882 530 1934 et
545 1877 635 1933 ultor.

108 1950 224 2006 videbo
237 1950 316 2006 enim
332 1949 420 2006 coelos
434 1952 502 2005 tuos
518 1965 607 2022 opera
621 1948 649 2004 di
673 1947 780 2006 iterum
805 1952 937 2017 tuorum,

149 2022 251 2079 lunam
266 2027 295 2077 et
309 2021 410 2078 stellas
423 2038 488 2093 qna
505 2020 633 2076 laudasti
648 1963 690 2088 (lt.
707 2020 901 2094 praeparasti),

112 2095 189 2162 Quid
204 2093 361 2160 esthamo,
379 2092 519 2166 quoniam
536 2090 697 2148 recordaris
712 2091 788 2163 ejus,

148 2164 194 2221 vel
210 2165 289 2221 filius
304 2164 444 2227 hominis.
460 2163 600 2236 quoniam
613 2162 717 2220 visites
732 2162 825 2219 euml

110 2238 226 2320 itiones
241 2237 302 2308 (Al.
318 2235 460 2304 minuisti)
476 2234 646 2318 eumpaulo
661 2235 761 2291 minus
775 2250 793 2291 a
807 2235 877 2305 Deo,

112 2308 246 2437 Daglllsmeai
257 2308 789 2462 {coaequartgrgosrsggpgspgpammuum
805 2382 936 2447 tuarum,

150 2456 256 2509 cuncta
272 2455 395 2523 posuisti
412 2450 467 2506 sub
483 2450 607 2523 pedibus
622 2450 697 2522 ejus.

111 2524 186 2580 Oves
201 2528 230 2580 et
246 2525 378 2579 armenta
391 2521 502 2589 omnia,

148 2597 272 2667 insuper
286 2599 315 2651 et
329 2592 471 2651 animalia
487 2592 559 2675 egri.

113 2669 190 2724 Aves
205 2665 270 2724 coeli
285 2670 315 2722 et
330 2665 426 2738 pisces
442 2681 542 2731 maris,

149 2738 199 2812 qui
217 2742 424 2810 pertranseunt
439 2735 559 2793 semitas
574 2733 701 2792 marium
717 2735 737 2789 ¹.

113 2810 239 2868 Domine
249 2809 417 2866 dominator
432 2813 542 2877 noster,

150 2898 239 2956 quam
256 2883 536 2955 grandeestnomen
552 2882 637 2934 tuam
652 2877 681 2934 in
698 2875 835 2933 universa
851 2878 939 2956 terra·

183 2996 295 3036 vic-rom
316 2996 410 3037 suren
427 2994 524 3034 uoars
543 2978 554 3013 ¹
573 2992 642 3032 sinu
662 2991 807 3032 crarrcuu
826 2975 866 3043 (b.

397 3051 543 3118 Psalmns)
559 3064 655 3104 osvin.

112 3132 172 3207 (Ill)
186 3131 353 3189 Confitebor
369 3131 490 3188 Domino
505 3129 534 3184 in
551 3127 710 3185 totocorde
726 3144 802 3196 meo,

144 3207 275 3260 ¹narrabo
289 3205 390 3260 omnia
401 3203 455 3274 (ot.
472 3201 564 3257 omnil
581 3198 726 3256 mirabilia
741 3205 802 3255 tua.

112 3277 244 3334 laetabor
258 3279 287 3331 et
300 3273 432 3346 gaudebo
447 3274 476 3328 in
487 3277 526 3343 te,
548 3343 553 3354 Ι
580 3342 586 3355 .
704 3341 829 3399 lumime

107 3342 743 3489 culiillrllililll'llll‘ililliliolus
760 3413 817 3471 mu
830 3383 936 3470 {error-

184 3506 263 3556 aum,

147 3560 314 3619 corruerint
328 3564 357 3616 et
372 3559 512 3633 perierint
528 3576 544 3614 a
559 3557 632 3615 lacis
647 3561 708 3614 tua.

146 3690 156 3724 ¹
173 3686 312 3745 Voculam
327 3692 353 3742 et
368 3683 460 3740 nostri
474 3684 660 3739 maslerant.
676 3679 780 3737 Falsus
798 3679 937 3753 tlierooy·

1035 486 1195 557 Increpasti
1212 486 1457 559 (ttinerepuisti)
1473 493 1586 560 gentes,
1602 489 1687 560 periit
1702 489 1742 547 im
1766 491 1823 550 ins.

1034 573 1141 684 atomon
1150 574 1250 614 eornm
1259 559 1363 615 delesti
1375 508 1828 639 insernpiteruum(h.soeoulnm)

1034 644 1049 684 e
1080 632 1106 683 'u
1131 629 1196 685 iter.

999 645 1135 757 lnimlcigl
1150 700 1300 773 completa
1314 706 1384 758 sunt
1399 701 1575 761 solitudines
1589 703 1620 761 in
1635 703 1737 776 linem,

1033 777 1063 828 et
1078 771 1212 829 civitates
1228 775 1413 830 subvertisti:

1033 843 1121 917 periit
1136 845 1278 900 memoria
1293 861 1394 901 eorum
1409 861 1475 902 cum
1493 847 1577 920 ipsis.

997 915 1253 1042 Domslnlr'stmem
1269 916 1300 973 in
1317 917 1531 990 sempiternum
1546 921 1590 992 (h.
1607 921 1760 997 saeculnm)
1779 940 1826 982 se·

1089 1004 1104 1042 e
1127 1003 1160 1055 i,

1033 1058 1175 1116 stabilivit
1189 1059 1225 1113 ad
1237 1059 1433 1131 judicandum
1448 1061 1556 1118 solium
1574 1081 1672 1122 suum.

996 1130 1102 1202 Dtipse
1113 1129 1280 1212 judicabit⁸
1295 1134 1396 1189 orbem
1406 1133 1436 1189 in
1447 1134 1722 1208 justitiaqudicabit
1730 1155 1825 1212 popu·

1067 1201 1113 1257 los
1128 1216 1158 1255 tn
1174 1203 1373 1273 equitatibus.

997 1276 1031 1330 st
1043 1274 1098 1328 erit
1112 1271 1256 1330 Dominus
1267 1273 1390 1332 elevatio
1406 1293 1558 1349 oppresso,

1032 1344 1154 1401 elevatio
1169 1350 1335 1427 opportuna
1351 1351 1379 1404 in
1393 1350 1540 1421 angustia.

996 1420 1031 1472 Et
1045 1415 1194 1497 conlident
1210 1434 1239 1473 io
1256 1422 1284 1473 te
1298 1419 1348 1491 qui
1364 1425 1506 1477 noverunt
1521 1436 1629 1478 nomen
1644 1426 1741 1494 tunm,

1033 1504 1172 1559 qnoniam
1190 1504 1247 1544 noo
1262 1490 1446 1560 dereliquisti
1459 1498 1622 1564 querentes
1637 1498 1675 1562 te,
1690 1496 1821 1554 Domine.

1031 1564 1152 1641 Cantate
1167 1559 1208 1630 (h.
1226 1560 1353 1633 Psallite)
1369 1562 1493 1620 Domino
1509 1564 1668 1622 habitatori
1682 1567 1761 1626 Sion.

997 1634 1173 1691 annuntiate
1187 1632 1216 1685 in
1232 1633 1348 1703 populis
1364 1634 1555 1705 cogitationes
1569 1637 1643 1707 ejus.

954 1713 979 1781 B
994 1702 1278 1775 Quoniamquserens
1289 1705 1704 1781 (itquerentestssnguirsm
1716 1726 1820 1768 eorum
1931 1736 1935 1747 ·

1065 1774 1236 1831 recordatus
1252 1780 1307 1846 est,

1029 1864 1082 1906 nec
1097 1845 1208 1902 oblitus
1231 1851 1277 1903 est
1300 1846 1437 1905 clamoris
1451 1851 1505 1919 (At.
1522 1848 1692 1923 clamorem)
1707 1868 1818 1928 paupe·

1028 1934 1165 2047 Mirsffire
1181 1988 1237 2045 mei
1253 1989 1274 2053 ⁹,
1289 1987 1423 2055 Domine,

1027 2063 1093 2118 vide
1107 2060 1296 2117 afflictionem
1312 2075 1408 2117 meam
1422 2077 1457 2117 ex
1471 2060 1599 2120 inimicis
1615 2063 1700 2133 meis,

1049 2134 1079 2190 ui
1095 2131 1205 2188 exaltas
1220 2147 1267 2187 me
1281 2132 1318 2188 de
1333 2133 1425 2204 portis
1440 2134 1555 2191 mortis.

1027 2151 1065 2289 bt
1079 2202 1314 2331 narremfilldtgitt
1328 2204 1474 2276 enarrem)
1495 2220 1599 2263 omnes
1623 2207 1727 2265 laudes
1750 2210 1819 2266 tuas
1856 2204 1861 2215 '

1027 2281 1182 2405 lellslrolllalbo
1197 2290 1366 2428 ilnaesulllltlri
1384 2348 1446 2429 tuo.

994 2421 1138 2477 Demersre
1153 2423 1222 2474 sunt
1238 2423 1340 2489 gentes
1356 2433 1386 2472 in
1401 2417 1520 2474 interitu
1537 2435 1625 2492 quem
1640 2419 1782 2495 iecerunt,

1029 2488 1818 2566 inreti¹⁰quodabsconderunt‚captusestpeseoram
1931 2522 1934 2527 ·

993 2564 1119 2637 Agnitus
1133 2566 1178 2617 est
1192 2560 1335 2617 Dominus
1346 2560 1494 2686 {adiciam
1509 2564 1630 2632 iaciens,

1029 2636 1162 2716 inopere
1176 2648 1319 2688 manuum
1335 2632 1343 2704 l
1369 2673 1375 2685 .
1384 2630 1561 2706 palmarum)
1576 2651 1696 2692 suarum
1708 2637 1820 2694 corruit

1066 2721 1106 2760 im
1129 2720 1187 2759 rus.

1029 2720 1132 2833 eonitlr
1147 2775 1266 2832 Saurea
1280 2775 1313 2831 ¹¹.

994 2848 1207 2906 Convertuntur
1218 2844 1300 2918 impii
1315 2845 1345 2900 in
1360 2843 1519 2912 internum,

1032 2936 1134 2977 omnes
1146 2925 1246 2991 gentes
1260 2933 1324 2989 qua
1340 2915 1434 2972 oblita
1449 2923 1520 2972 sunt
1536 2917 1637 2973 Deum.

995 2992 1138 3059 Quoniam
1154 3007 1212 3046 non
1228 2989 1258 3043 iu
1271 2994 1413 3044 aternum
1429 2987 1567 3044 oblivioni
1582 2989 1639 3046 orit
1653 3004 1765 3062 pauper

1030 3061 1209 3135 exspectatio
1221 3075 1382 3134 pauperum
1395 3059 1418 3096 ¹¹
1431 3060 1537 3130 peribit
1550 3060 1581 3117 in
1596 3064 1782 3145 perpetuum.

993 3135 1096 3208 Surge,
1112 3133 1245 3201 Domine,
1257 3148 1315 3188 non
1331 3131 1513 3188 confortetur
1526 3131 1614 3189 homo
1626 3148 1634 3189 ε
1645 3132 1820 3205 judicentur

1063 3211 1165 3280 gentes
1178 3207 1246 3260 ante
1261 3203 1365 3260 laniem
1381 3207 1475 3259 tuam.

992 3277 1080 3348 Pone,
1097 3278 1229 3343 Domine,
1245 3279 1387 3331 terrorem
1402 3274 1446 3330 ais
1463 3291 1469 3329 :

1026 3350 1121 3407 sciant
1136 3352 1249 3422 gentes,
1265 3346 1400 3403 homines
1414 3361 1479 3402 esse
1494 3360 1536 3402 ee.
1552 3346 1678 3403 Sauram

1133 3481 1238 3533 quana,
1258 3479 1380 3533 nonius,
1400 3478 1467 3519 ems
1485 3479 1503 3519 s
1522 3479 1613 3520 nouas
1629 3463 1673 3530 13,

990 3563 1048 3639 (X.)
1059 3563 1208 3637 Despicies
1224 3563 1253 3619 in
1269 3562 1452 3635 temporibus
1468 3563 1621 3636 angustia.

1027 3690 1037 3724 ¹
1052 3689 1139 3744 Tacet
1156 3686 1258 3757 Regin.
1275 3703 1331 3742 ms.
1347 3702 1447 3744 vocem
1461 3687 1580 3754 inimici,
1594 3685 1734 3758 legitque,
1745 3702 1818 3742 com-

109 3776 180 3817 mas
192 3758 223 3814 in
240 3758 436 3813 Commentar-
455 3756 566 3820 Melius.
582 3752 691 3825 inquil,
706 3753 736 3807 ln
760 3752 872 3833 fltbroeo
886 3758 939 3807 ba·
991 3762 1072 3834 ptetae
1083 3758 1246 3814 solitudinis
1260 3758 1291 3812 ia
1306 3758 1370 3827 fiac.
1385 3758 1577 3828 Cisterciens,
1589 3757 1748 3829 defecerunt
1760 3760 1820 3828 [ra-

110 3833 202 3897 tetum
214 3828 417 3884 demostratus
429 3827 457 3882 in
469 3826 550 3883 omni
561 3825 620 3894 die,
630 3825 703 3895 quod
718 3825 817 3895 Aquila
832 3838 939 3896 quoquc
991 3846 1059 3888 ,ηερ
1074 3846 1141 3886 cum
1157 3827 1286 3899 antiquis
1301 3828 1497 3884 versionibus.

107 3902 273 3960 transtulit.

1028 3902 1085 3958 ¹ln
1101 3900 1223 3956 instanti
1245 3899 1365 3970 judicat,
1380 3903 1443 3954 tum
1459 3898 1524 3966 hoc,
1540 3914 1607 3955 cum
1624 3897 1817 3971 subsequenti

146 3974 223 4030 ¹tts.
234 3970 398 4027 Corbeiens.
424 3968 519 4040 prima
532 3983 633 4035 manu,
644 3971 673 4022 et
685 3982 777 4021 canon
792 3965 938 4022 San-Ger·
992 3988 1077 4030 versu
1094 3988 1166 4028 mss,
1184 3971 1276 4026 nostri
1291 3986 1394 4027 omnes
1408 3970 1520 4041 legunt,

108 4047 264 4103 manensis
279 4048 438 4108 correctus,
454 4045 480 4098 ct
494 4044 627 4112 concepto
650 4038 712 4094 dolo
733 4039 838 4109 peperit
861 4053 938 4093 men·

111 4118 235 4175 dacium.
250 4119 344 4171 Mena.

147 4187 368 4244 -Cisterciens
392 4187 463 4240 utet
477 4181 526 4238 alii
543 4182 625 4265 apud·
636 4179 770 4236 Martiae.
786 4196 857 4235 mss.
871 4195 940 4236 cua-

1027 4044 1145 4100 ¹lidem
1168 4043 1261 4098 nostri
1286 4059 1358 4098 mss.
1374 4041 1499 4098 lliscrtus
1524 4048 1564 4096 est
1590 4043 1647 4097 mci
1675 4041 1816 4114 Dominus,

992 4117 1065 4173 sidit
1079 4114 1260 4187 afflictionem
1275 4130 1284 4169 .·
1301 4116 1350 4185 qui
1363 4113 1468 4169 exaltat
1482 4129 1535 4178 mc,
1551 4116 1608 4168 cte.

1030 4188 1052 4225 ¹⁰
1066 4192 1117 4243 lte.
1133 4184 1351 4252 cisterciensis
1365 4187 1445 4256 socca
1460 4201 1543 4256 quam
1556 4183 1734 4256 [aceruatim
1748 4193 1818 4253 rete,

109 4260 287 4331 ceptodctc:
311 4256 388 4329 quod
415 4255 511 4340 potius
536 4260 627 4309 critici
651 4252 779 4323 alicujus
804 4267 940 4323 perversa
993 4264 1050 4316 ero,

111 4347 196 4396 curs,
212 4345 299 4402 quem
315 4326 427 4383 librarii
444 4327 552 4382 lactum
568 4324 705 4381 existimo
723 4322 847 4379 incuria.

1030 4331 1052 4367 ¹¹
1070 4327 1171 4385 Plures
1199 4344 1256 4383 ms.
1272 4323 1367 4383 sorritu
1394 4325 1572 4396 sempiterno,
1586 4324 1630 4383 vel
1650 4342 1712 4382 cum
1726 4325 1822 4383 souitu
1900 4378 1905 4387 ,

148 4412 160 4446 ³
178 4409 285 4466 Victori
303 4424 353 4480 pro
372 4407 559 4463 torcularibus
575 4404 630 4475 ipsi
644 4403 743 4460 Dauid.
760 4404 808 4460 Sic
831 4403 937 4460 inscri-
993 4403 1171 4473 sempiterno.
1188 4400 1287 4455 Canon
1313 4397 1603 4463 San-Germanensis‚
1617 4401 1646 4453 et
1661 4398 1821 4456 Vaticanus

110 4483 189 4538 bunt
204 4486 338 4608 ofitavum
356 4478 504 4536 Psalmum
519 4479 615 4534 Canon
632 4475 763 4532 Carcass.
779 4479 808 4531 et
822 4474 870 4532 alii
883 4476 941 4530 duo

115 4571 191 4610 mss.
237 4569 303 4607 aar.

956 4451 979 4517 Ῐ)
995 4474 1085 4530 codex
1101 4488 1156 4527 ms.
1170 4469 1290 4551 psalm..
1309 4485 1372 4525 cum
1390 4468 1484 4525 sonitu
1498 4483 1615 4538 semper.
1633 4469 1735 4526 Editus
1750 4468 1822 4597 Ιεῇἰι

992 4547 1079 4618 Juxta
1103 4543 1189 4599 Hebr.
1205 4541 1386 4596 meditatione
1412 4555 1531 4611 semper.
1545 4541 1582 4595 At
1596 4541 1717 4596 verbum
1733 4557 1775 4598 mc

150 4619 687 4692 ¹innostrismsspert'ccisti:mox
708 4633 785 4674 unus
814 4617 941 4691 Regina,
995 4615 1182 4673 tationisnon
1199 4613 1365 4685 apparatio
1382 4626 1485 4666 novem
1513 4626 1585 4666 mss.
1602 4613 1722 4668 nostris.
1739 4613 1820 4684 llpnd

112 4695 289 4753 aduersarius
304 4709 379 4750 meos
394 4693 483 4749 habet
500 4709 551 4764 pro
564 4700 633 4747 tuos.

150 4778 207 4832 ‘ln
231 4772 448 4845 exemplaribus
477 4771 603 4827 Cononis
624 4770 696 4827 lieb.
716 4768 846 4826 veritatis
871 4769 942 4826 scri·

114 4853 201 4923 ptum
217 4846 354 4918 legimns,
365 4846 415 4916 qui
428 4846 624 4915 pertranseunt
639 4842 716 4913 ponti
732 4839 807 4896 mari
820 4858 830 4895 .·
845 4842 895 4897 sed
913 4842 943 4896 in
996 4848 1012 4904 d

113 4924 218 4976 nostro
231 4915 497 4973 San-Germsncnsi
513 4914 632 4970 additur
646 4912 776 4969 secunda
787 4928 875 4968 mana
884 4911 943 4984 syl·

113 4991 185 5048 laba
199 5006 257 5057 um,
270 4992 302 5045 ut
315 4988 430 5059 legatur
442 4987 565 5042 martum
577 5003 583 5039 z
595 4985 625 5040 in
641 4984 774 5056 margine
788 4984 875 5039 etiam
892 5000 944 5056 po·

115 5064 209 5120 situm
219 5064 265 5117 est
275 5059 355 5116 istud
369 5058 548 5122 scholicmt.
562 5056 689 5118 scantiam
701 5055 778 5127 quod
787 5056 944 5127 respondet

114 5133 197 5208 ponti
220 5133 250 5187 in
272 5135 364 5194 textu.
385 5130 480 5186 Codex
493 5128 664 5198 Vaticanus,
689 5133 719 5182 et
741 5126 814 5182 alter
836 5132 864 5181 S.
891 5126 945 5182 bli-

117 5203 231 5263 ohaelis
241 5203 271 5258 in
280 5201 411 5258 Pericula
425 5201 584 5265 Marianae
598 5215 655 5255 non
672 5214 750 5253 unus
766 5197 945 5269 Augustino·

116 5293 186 5334 rum
202 5273 457 5356 Burdigalensiam
472 5271 575 5354 legant
598 5269 676 5341 quod
701 5285 754 5324 uos
779 5269 944 5340 posuimus.

118 5352 253 5418 Quatuor
267 5346 433 5414 alii‚nempe
445 5340 731 5414 Reginacorbeiens.
742 5338 944 5409 Carnutensis,

119 5427 150 5476 et
172 5416 351 5473 sorbonicus
378 5415 505 5472 retinent
526 5429 593 5469 cum
617 5412 705 5482 edito,
720 5413 833 5467 semitas
855 5413 944 5484 ponti.

119 5497 216 5550 Mena.

155 5591 189 5603 -
203 5559 323 5618 cisterc.
335 5574 392 5615 ms.
400 5553 806 5629 pertranseuntuiosaquorum
819 5553 948 5625 :Regius

120 5637 223 5692 antem
246 5628 357 5686 semitas
381 5630 473 5697 Ponti,
489 5633 522 5685 nt
544 5632 573 5684 et
596 5626 731 5683 Martian.
747 5625 778 5681 in
804 5623 947 5697 aliquota

123 5705 188 5766 suis
202 5700 326 5760 invenit.

156 5772 249 5834 ⁸Peri
259 5784 404 5833 warenna
419 5774 476 5829 Pro
489 5774 577 5828 mom
590 5768 750 5844 preferant
763 5765 857 5826 nostri
873 5782 946 5828 mss.

275 5889 410 5955 Parnes.
433 5886 571 5952 xxvm.

998 4688 1078 4757 LXX,
1089 4702 1143 4743 one
1158 4700 1362 4741 praesentioris
1376 4681 1534 4738 scribitur:
1551 4681 1619 4738 hino
1634 4683 1664 4739 S.
1681 4683 1821 4759 Hierony·

997 4776 1065 4816 mus
1081 4758 1122 4813 ait
1136 4757 1165 4812 in
1179 4755 1263 4828 epist.
1281 4771 1359 4810 nuno
1374 4753 1425 4808 138
1441 4770 1448 4808 :
1464 4753 1556 4810 Nonus
1570 4756 1699 4810 Protinus
1719 4756 1819 4813 diatio-

1015 4832 1093 4887 uitur
1107 4829 1212 4885 cantico
1228 4827 1274 4882 dio
1294 4824 1432 4882 calmetis.
1446 4824 1541 4881 Mena:

1034 4904 1055 4938 ¹¹
1068 4902 1157 4956 Abest
1172 4898 1219 4954 hic
1230 4898 1260 4953 in
1272 4843 1357 4954 llebr.
1370 4911 1404 4952 ae
1415 4895 1444 4951 in
1462 4899 1587 4968 utroque
1603 4895 1821 4970 exemplariCa·

998 4973 1084 5029 nonis
1096 4969 1240 5043 particula
1251 4969 1386 5041 negativa
1394 4982 1462 5038 aaa,
1474 4983 1538 5039 qua
1549 4973 1647 5025 tamen
1658 4967 1822 5025 subintelli-

998 5044 1093 5118 genda
1108 5046 1201 5099 estex
1216 5038 1447 5112 precedentibus
1457 5055 1465 5095 ι
1476 5038 1565 5112 idque
1575 5043 1643 5095 ante
1657 5056 1710 5096 nos
1721 5040 1821 5096 docuit

998 5115 1090 5182 vir,si
1118 5113 1186 5185 quis
1215 5110 1302 5181 alius,
1325 5111 1432 5184 lingua
1462 5111 1549 5167 Hebr.
1569 5109 1819 5180 consultissimus,

999 5207 1100 5287 noster
1126 5200 1254 5284 Tlromas
1283 5199 1405 5284 Duiour·
1420 5183 1459 5260 brt
1472 5215 1530 5283 non
1546 5219 1560 5249 u
1575 5198 1666 5254 semel
1677 5198 1821 5282 positum,

998 5269 1824 5400 ¹¹¹it¹lrt¹¹tt⁸ott¹t¹¹¹tttttttttffll'ttttttii

999 5353 1156 5491 {langoris}
1187 5414 1327 5487 patientia
1350 5384 1519 5487 ‘pauperum
1548 5411 1631 5481 (non)
1660 5411 1766 5495 peribit
1792 5411 1824 5468 in

1001 5490 1100 5545 linem.
1124 5506 1137 5537 s
1167 5490 1234 5543 Hac
1262 5485 1312 5542 ille
1338 5486 1368 5541 in
1397 5499 1483 5610 olam
1511 5481 1688 5564 Grammatio
1717 5481 1823 5555 linguae

1000 5559 1087 5615 Hebr.
1123 5573 1175 5627 age
1188 5558 1251 5613 235.
1267 5561 1360 5613 Mser.
1370 5585 1406 5598 -
1445 5553 1551 5625 egendi
1566 5552 1740 5625 particulam
1756 5570 1821 5628 qna

1001 5573 1188 5698 subanslltua
1201 5643 1337 5712 expresse
1347 5626 1395 5683 bic
1410 5625 1589 5682 interserunt
1604 5625 1696 5680 nostri
1711 5641 1785 5683 mss.

1038 5701 1061 5738 ¹¹
1071 5700 1118 5758 Sic
1127 5699 1157 5757 in
1171 5700 1268 5757 medio
1277 5698 1422 5756 columnas
1434 5694 1693 5781 deseribuntbuno
1705 5712 1823 5757 versam

1002 5766 1840 5847 exemplariatlancnis,addistinotroaemsmttestaasxas

1650 5882 1702 5942 Ἂὶ

1754 220 1826 281 risi
1913 292 1916 297 ,
