3878 6150
530 315 640 373 tibiis
656 316 762 374 isaim
779 315 993 373 PROPHBTAE.

80 437 431 568 :debilitabit
445 437 731 585 ttttttltltt:
747 440 1151 583 imbibistis.
1166 514 1286 572 ,aaa

82 585 204 655 terram)
220 585 232 637 i
345 653 349 661 Ι
377 653 382 663 ,
787 582 907 656 Ungulis
922 599 1066 656 equorum
1081 586 1146 658 ejus
1161 592 1194 643 ut
1209 586 1292 656 silex,

92 654 166 711 meis
181 657 253 711 sunt
269 658 384 709 Domini
399 653 602 711 exercituum¹
620 671 629 711 τ
822 662 850 712 et
866 661 934 711 rote
948 656 1014 726 ejus
1028 660 1113 729 qnasi
1130 662 1257 730 impetus
1272 660 1470 734 tempestatis.

80 727 203 783 smulte
215 725 337 781 deserte
353 727 471 792 tuerint,
488 726 614 799 grandes
630 730 660 783 et
670 725 733 799 pul·
788 726 914 797 Rugitus
929 728 995 798 ejus
1010 734 1042 783 ut
1056 729 1162 797 leonis,

84 799 197 870 absque
212 796 387 852 habitatore.
827 799 923 867 rugiet
938 806 971 853 nt
984 799 1073 854 catuli
1088 800 1206 856 leonum
1225 816 1233 858 t

80 886 109 926 m
120 871 226 942 iugera
236 870 386 925 vinearum
412 868 518 926 lanient
541 868 732 943 lagunculam
823 876 852 926 et
864 870 987 940 frendet,
1002 875 1032 926 et
1045 873 1158 928 tenebit
1172 873 1300 945 praedam
1317 893 1324 932 ε

80 983 83 1005 ,
823 946 853 999 et
866 940 1093 1013 amplexabitur,
1108 950 1138 1000 et
1152 960 1210 1001 non
1226 946 1282 1001 orit
1295 947 1344 1018 qui
1360 953 1456 1006 eruat.

79 1020 111 1070 te
126 1011 216 1067 modii
243 1010 386 1067 saiiientis
404 1011 512 1067 lanient
533 1011 648 1069 modios
662 1017 733 1070 tres.
787 1011 823 1069 lit
837 1013 954 1070 sonabit
969 1028 1058 1086 snper
1073 1032 1141 1072 euin
1156 1015 1186 1071 iu
1201 1016 1249 1072 die
1264 1017 1314 1074 illu
1328 1019 1406 1075 siout
1419 1020 1536 1080 sonitus
1551 1039 1615 1082 ma·

80 1085 220 1156 nenrgitis
234 1099 321 1138 mune
335 1084 371 1139 ad
398 1083 569 1140 ebrietatem
598 1092 734 1156 spectan-
825 1084 1081 1156 rissaspiciemus
1095 1088 1124 1144 in
1141 1092 1259 1154 terram,
1276 1100 1303 1146 et
1321 1105 1388 1147 eece
1413 1095 1542 1152 tenebris
1556 1096 1612 1153 tri·
1719 1132 1754 1173 ‘.

84 1157 246 1229 potandum
263 1171 355 1227 nsque
370 1157 407 1211 ad
433 1171 595 1228 vesperam,
612 1163 643 1212 ut
667 1160 734 1213 vino
863 1156 1033 1224 tutationis,

80 1226 159 1284 ictis.
825 1233 855 1284 et
872 1230 920 1284 lux
935 1228 1126 1285 obtenebrata
1140 1233 1185 1285 est
1199 1228 1229 1286 in
1245 1229 1371 1305 caligine
1386 1232 1462 1306 ejus.

80 1308 87 1355 t
100 1299 174 1372 lyra,
190 1303 413 1379 ettympnnnm,
425 1305 455 1354 et
466 1297 582 1366 tibia,et
594 1299 694 1356 riuum
704 1297 734 1356 iii
790 1299 868 1372 (Cep.
884 1298 943 1371 Vt.)
959 1300 989 1356 ln
1005 1316 1082 1357 anno
1096 1316 1155 1372 qno
1171 1307 1305 1359 mortuus
1318 1311 1364 1360 est
1378 1321 1429 1362 rex
1443 1304 1540 1379 Ozias,

80 1371 126 1427 iiis
142 1376 247 1452 vestris
263 1385 270 1424 :
360 1439 365 1449 .
389 1440 393 1450 Ι
412 1439 417 1450 Ι
825 1369 884 1427 vidi
899 1371 1058 1429 Dominum
1072 1374 1222 1430 sedentem
1241 1392 1332 1448 snper
1346 1376 1453 1435 solium
1466 1380 1614 1441 excelsum

84 1448 198 1499 Domini
214 1457 271 1496 non
289 1445 447 1511 respicitis,
862 1446 891 1499 et
904 1441 1061 1511 elevatum,

80 1530 107 1571 re
121 1529 264 1569 manuum
278 1512 343 1582 ejus
355 1511 561 1568 consideratis.
827 1519 856 1569 et
869 1530 903 1569 ea
919 1530 983 1586 qna
997 1516 1055 1570 snb
1069 1530 1103 1571 eo
1118 1522 1212 1584 erant,
1229 1533 1259 1573 re
1283 1516 1383 1576 lebant
1398 1521 1552 1595 templum.

82 1585 336 1712 egpssitvugedlupssffi
352 1590 397 1639 eet
411 1585 535 1654 populus
547 1600 650 1650 mens;
667 1584 738 1657 quia
791 1586 945 1710 Serepbilm
958 1591 1078 1713 “iiiiii
1092 1602 1182 1715 supelr
1196 1535 1280 1715 illiliti³
1287 1607 1299 1672 ε,

80 1674 192 1713 ans
265 1697 271 1709 ,
827 1674 1012 1714 sexceni
1084 1674 1198 1715 seriae
1277 1677 1325 1716 ri:

84 1694 453 1870 ,irritarunt
540 1798 545 1807 ι
828 1677 1317 1860 tiitiriilniiitiniin

83 1873 217 1928 dilatavit
234 1868 507 1925 inl’eruueaniniam
522 1884 617 1939 suani,
754 1858 778 1924 ii
828 1820 1171 1929 etdunbusiiolnbant.p
1266 1821 1278 1877 J
1322 1849 1330 1874 ⁹

80 1943 109 1998 iit
124 1960 157 1998 os
174 1958 260 1998 suurn
277 1943 390 2013 absque
405 1940 466 1996 ullo
482 1940 608 1996 termino
623 1958 630 1997 :
792 1947 828 1999 Et
841 1943 989 2000 clamabat
1003 1945 1064 2000 aler
1077 1946 1112 2000 ad
1130 1943 1265 2015 alterurn,
1281 1952 1310 2002 et
1324 1946 1441 2006 dicebat
1457 1966 1465 2006 z

80 2017 143 2071 tent
158 2016 247 2071 t'ortee
261 2017 335 2083 ejus,
351 2019 381 2067 et
397 2014 523 2084 populus
538 2013 613 2084 ejus,
829 2014 1104 2083 Sanctus,8anctus‚
1120 2016 1257 2087 Sanetus,
1275 2020 1414 2078 Dominus
1424 2021 1617 2098 exercituum,

80 2103 141 2143 mes
155 2084 336 2158 gloriosique
351 2085 427 2155 ejus,
442 2084 477 2139 ad
494 2100 572 2140 eum.
830 2087 916 2159 plena
929 2098 974 2143 est
988 2088 1086 2144 omnis
1100 2092 1179 2143 terre
1193 2088 1288 2172 gloria
1301 2093 1376 2161 ejus.

80 2161 169 2214 ibitur
185 2158 281 2226 borno,
297 2164 325 2212 et
341 2154 546 2211 humiliabitur
560 2155 613 2226 vir,
651 2223 656 2229 Ι
794 2156 827 2213 Di
840 2165 989 2215 commota
1002 2166 1073 2215 sunt
1092 2160 1334 2232 superliminaria
1349 2164 1502 2223 cardinum
1517 2182 1618 2225 avone

94 2230 267 2287 sublimium
282 2227 494 2300 deprimentur.
863 2228 1030 2286 clamantis.

80 2304 145 2357 »itur
161 2301 302 2356 Dominus
315 2299 496 2356 exercituum
512 2296 543 2353 in
554 2296 679 2370 judicio,
829 2305 858 2357 ot
871 2302 978 2357 domus
993 2298 1114 2371 impleta
1124 2306 1169 2358 est
1184 2301 1274 2360 fumo.
1292 2307 1326 2362 st
1336 2304 1395 2363 dixi
1411 2323 1419 2364 :

88 2381 209 2429 sanctus
225 2370 459 2428 sanctificabitur
473 2371 502 2425 in
515 2369 645 2439 justitia.
793 2372 841 2427 Vre
858 2372 941 2440 mihi,
957 2372 1028 2445 quia
1045 2379 1135 2436 tacui,

80 2454 127 2501 tur
141 2445 209 2516 agni
220 2445 307 2514 juxta
320 2443 454 2499 ordinem
470 2458 569 2505 suum,
831 2444 902 2515 qnia
914 2444 957 2499 vii
975 2445 1107 2516 pollutus
1122 2443 1209 2501 labiis
1224 2462 1277 2519 ego
1292 2463 1370 2517 sum,

82 2523 111 2573 ta
126 2517 155 2571 in
172 2517 334 2572 ubertatem
347 2515 558 2570 verseadvenie
574 2513 738 2570 comederit.
829 2523 859 2572 et
873 2516 903 2571 in
921 2517 1015 2572 medio
1041 2514 1142 2588 populi
1167 2517 1280 2588 polluta
1300 2517 1379 2577 labia
1401 2519 1538 2579 habentis
1562 2537 1617 2599 ego

80 2589 164 2645 ebitis
180 2587 365 2658 iniquitatem
381 2586 411 2640 in
435 2584 575 2640 incientis
591 2584 739 2658 vanitatis,
865 2587 966 2643 habito
980 2587 1034 2658 (ill.
1052 2586 1214 2660 habitabo),

80 2704 82 2715 .
98 2660 245 2715 vinculum
263 2658 387 2731 plaustri
403 2661 568 2729 peecatum.
829 2666 856 2714 et
872 2673 969 2730 regem
985 2658 1144 2715 Dominum
1160 2659 1338 2718 exercituum
1350 2661 1408 2719 vidi
1423 2663 1516 2721 oculis
1531 2666 1617 2725 meis.

80 2748 109 2788 i:
127 2731 265 2797 l'estinet,
287 2736 317 2785 et
335 2729 392 2786 cito
407 2728 504 2785 reiiiat
519 2744 594 2801 opus
615 2728 690 2799 ejus,
708 2730 741 2783 ui
794 2729 829 2785 Dr
844 2729 951 2785 volavit
964 2732 1000 2785 ed
1017 2746 1062 2786 irie
1077 2747 1155 2786 nnus
1170 2732 1206 2786 de
1220 2732 1384 2805 Seraphim,

80 2818 160 2858 nus:
830 2807 860 2858 et
873 2801 904 2858 in
919 2816 1009 2857 manu
1024 2802 1089 2873 ejus
1104 2800 1246 2871 caleulus,
1261 2820 1348 2876 quem
1375 2806 1485 2881 forcipe
1508 2812 1617 2867 tulerat

80 2876 174 2946 spuet,
190 2877 220 2928 et
231 2873 331 2929 veniat
349 2870 506 2928 eonsilium
529 2871 623 2928 saneti
638 2870 741 2943 isreel,
865 2874 902 2928 de
917 2871 1012 2929 altari.

80 2962 115 3003 ue
129 2945 215 3000 illud.
420 2954 431 2985 ¹·
795 2944 830 3000 Di
846 2944 942 3015 tetigit
956 2961 989 3000 os
1004 2960 1115 3010 meum,
1131 2949 1160 3001 et
1173 2943 1249 3002 dixit
1265 2962 1272 3000 z

80 3018 141 3074 citis
162 3018 271 3071 malum
289 3016 409 3084 bonum,
426 3017 454 3070 et
477 3014 587 3071 bonum
603 3012 714 3070 malum
731 3031 738 3071 ε
794 3016 867 3072 Ecce
882 3015 978 3088 tetigit
991 3014 1050 3083 (Al.
1066 3014 1161 3085 tetigi)
1177 3015 1231 3073 boe
1245 3017 1322 3075 labia
1337 3022 1398 3089 tue,

80 3095 131 3146 itas
145 3089 281 3143 tenebras
302 3087 409 3150 lucem.
426 3091 455 3142 et
469 3086 563 3142 lucem
579 3087 716 3143 tenebras
732 3103 739 3144 :
831 3093 861 3144 et
874 3087 1023 3143 auferetur
1037 3087 1180 3157 iniquitas
1195 3093 1256 3155 tua,

80 3176 245 3218 semorum
261 3160 290 3214 in
305 3158 433 3226 dulce,et
447 3157 532 3214 dulce
548 3158 577 3214 in
593 3173 739 3217 amarum.
833 3165 862 3215 et
875 3166 1026 3231 peccatum
1042 3164 1126 3215 tuum
1142 3160 1344 3217 mundabitur.

80 3233 197 3304 pientes
211 3232 283 3286 estis
298 3230 329 3286 in
344 3229 437 3286 oeulis
452 3229 568 3300 vestris,
756 3208 778 3277 (i
798 3233 832 3286 st
847 3231 943 3287 andivi
959 3246 1057 3286 viioeni
1072 3231 1189 3287 Domini
1204 3231 1329 3289 dicontls
1345 3249 1353 3289 ς

80 3324 95 3359 n
111 3301 331 3373 vobismetipsis
347 3303 516 3373 prudentes.
793 3301 884 3366 Quem
900 3300 1039 3358 mittanil
1054 3302 1080 3358 ei
1096 3305 1162 3375 quis
1179 3303 1233 3359 ibit
1249 3303 1354 3361 nobis?
1370 3304 1404 3364 Et
1418 3304 1503 3365 dixi:

80 3381 184 3431 uenies
199 3376 270 3430 estis
285 3376 321 3429 ab
337 3373 497 3430 bibendum
513 3370 625 3444 vinum,
793 3375 865 3431 Dece
879 3389 945 3445 ego,
961 3374 1045 3430 mitte
1060 3392 1117 3430 iiie.
1132 3375 1168 3431 lit
1182 3374 1256 3431 dixit
1271 3392 1280 3432 2

80 3454 155 3504 ortes
170 3448 205 3501 ad
224 3446 405 3501 miscendam
421 3444 605 3502 ebrietatem.
795 3445 881 3513 liade,
896 3451 925 3501 et
937 3446 1016 3502 dices
1032 3445 1139 3516 populo
1154 3446 1223 3502 huie
1240 3463 1247 3502 ε

82 3520 155 3575 eatis
169 3517 293 3589 impium
311 3534 362 3589 pro
378 3517 563 3587 muneribus,
793 3517 897 3574 Audite
911 3517 1065 3574 audientes
1080 3519 1131 3586 (At.
1149 3519 1253 3575 auditu
1269 3517 1391 3591 audite),
1415 3524 1445 3578 et
1467 3519 1557 3578 nolite
1571 3519 1618 3579 in·

83 3593 139 3646 iarn
152 3591 227 3660 justi
243 3589 366 3644 aniertie
382 3588 419 3644 ab
434 3605 478 3644 eo.
865 3587 996 3661 telligere
1012 3606 1020 3645 z

80 3664 199 3727 sesicut
214 3663 334 3718 devorat
349 3660 487 3733 stipulam
503 3657 606 3731 lingua
621 3657 743 3733 ignis,et
830 3664 859 3716 et
874 3659 967 3717 videte
981 3658 1123 3717 visionem
1146 3659 1203 3732 (it.
1229 3660 1316 3733 visu),
1341 3666 1370 3718 et
1393 3662 1483 3721 nolite
1508 3678 1618 3738 cogno-

86 3734 210 3789 flamine
225 3734 322 3788 exurit
337 3747 344 3786 :
902 3747 992 3790 scere.

80 3821 212 3861 reorum
227 3804 312 3875 quasi
328 3800 427 3858 tavitla
441 3802 506 3867 erit,
796 3803 915 3858 lixonca
928 3818 979 3859 cor
993 3799 1094 3874 populi
1109 3800 1210 3872 hujus,
1225 3807 1253 3858 et
1268 3820 1355 3861 eures
1383 3806 1448 3877 ejus
1469 3821 1596 3880 aggrava
1613 3818 1623 3861 t

80 3892 114 3932 eii
131 3892 232 3932 eorum
249 3881 281 3931 ut
295 3874 391 3947 pulvis
405 3876 553 3931 ascendet.
831 3879 860 3930 et
874 3872 975 3931 oculos
990 3874 1056 3943 ejus
1071 3872 1175 3929 claude
1192 3889 1199 3928 τ
1481 3882 1484 3887 ’

80 3955 97 4004 t
111 3949 191 4005 enim
208 3946 299 4018 legem
316 3945 430 4002 Domini
446 3947 640 4012 exercituum,
833 3960 870 4000 ne
886 3946 959 4000 lorte
975 3946 1070 3999 videat
1086 3944 1096 3977 ¹
1111 3943 1204 4001 oculis
1217 3944 1292 4017 suis,

80 4019 151 4075 iium
168 4020 262 4074 sancti
279 4017 367 4073 lsrael
384 4015 674 4089 blasphemaverunt.
832 4023 862 4072 et
875 4018 999 4073 auribus
1013 4015 1076 4072 suis
1090 4016 1201 4071 audiet.

80 4108 101 4147 is
115 4097 160 4147 eet
176 4092 257 4146 t'uior
271 4088 385 4146 Domini
402 4089 432 4143 in
448 4091 590 4163 populum
608 4104 707 4155 suurn,
833 4093 862 4143 et
876 4088 963 4143 eorde
977 4104 1031 4143 suo
1047 4088 1101 4159 (ill.
1116 4091 1187 4144 toret
1202 4089 1267 4148 sno)
1283 4087 1437 4162 intelliget.

80 4165 132 4220 idit
147 4177 268 4217 manum
284 4178 369 4217 suain
386 4177 476 4231 super
490 4165 582 4232 eoa‚et
598 4157 744 4232 percussit
832 4164 1072 4242 etucenvertatur,
1088 4163 1118 4215 et
1132 4174 1234 4215 sunem
1249 4175 1317 4216 eum
1332 4160 1386 4233 (lt.
1404 4165 1549 4229 sanetur).

80 4235 243 4290 conturbati
259 4241 330 4289 sunt
345 4239 472 4299 montes,
798 4231 832 4287 lii
846 4231 927 4286 dixi:

96 4310 165 4363 sunt
181 4303 336 4362 morticina
347 4320 460 4373 eorum,
484 4303 570 4375 quasi
585 4305 699 4359 stercus
714 4300 744 4356 in
834 4301 1004 4374 Uequequo,
1020 4299 1166 4358 Domine?

80 4395 94 4434 n
109 4376 283 4450 platearum.
799 4374 834 4431 Dt
848 4373 921 4430 dixit
937 4389 945 4429 ι

80 4466 105 4504 ie
121 4448 168 4504 bis
184 4465 240 4504 non
256 4451 302 4505 est
316 4461 436 4503 aversus
451 4445 532 4503 iuror
544 4445 621 4518 ejus,
836 4449 930 4502 Donec
944 4440 1116 4500 desolentur
1130 4441 1263 4501 civitates
1278 4444 1391 4517 absque
1406 4444 1582 4518 habitatore,

80 4536 122 4576 iiic
138 4537 244 4576 meiius
258 4521 323 4591 ejus
338 4523 465 4574 extenta.
836 4516 981 4574 etdoinus
996 4515 1060 4572 sine
1075 4514 1205 4586 bomine,

91 4593 209 4719 lilim
226 4592 256 4647 ³⁰
273 4589 440 4717 ‘iili-ills
454 4588 567 4717 li⁰⁰¹¹¹’
759 4579 1428 4716 ⁰ltidtiisltDittlitltltlil
1442 4588 1568 4646 Μ·

80 4679 165 4720 ria
200 4680 267 4720 oum
303 4679 319 4716 e
355 4677 443 4717 nius
488 4677 566 4716 ire:

85 4736 208 4792 teatinus
223 4733 360 4790 velociter
373 4734 478 4789 veniet.
834 4738 864 4789 et
879 4676 1125 4803 mgultiplicabitnr
1139 4746 1202 4803 que
1218 4699 1357 4788 derelicti
1372 4730 1469 4788 inerat
1481 4729 1511 4787 in
1527 4731 1624 4788 medio

80 4807 111 4862 lt.
128 4822 185 4863 non
202 4806 267 4869 erit)
283 4805 434 4867 deliniens,
452 4818 548 4874 neque
562 4801 701 4858 laborans
715 4798 745 4856 in
871 4807 965 4858 terrai.

80 4895 90 4934 ι
105 4877 287 4941 dormitabit,
306 4893 400 4949 neque
415 4876 554 4943 dormiet,
799 4873 835 4929 lit
848 4873 946 4930 adhue
961 4872 991 4928 in
1007 4888 1043 4929 ea
1057 4871 1227 4942 decimatio,
1242 4876 1271 4928 et
1282 4876 1480 4939 convertetur,

83 4949 198 5006 otietur
212 4947 366 5033 cingulum
383 4964 486 5003 renum
503 4947 580 5016 ejus.
834 4949 864 5001 et
877 4945 933 5001 erit
947 4944 977 5000 in
993 4944 1191 5000 ostensionem
1214 4944 1293 5000 sicut
1307 4943 1361 5017 (Al.
1388 4960 1508 5000 rursum
1523 4942 1580 5000 erit
1594 4941 1625 5000 in
1703 5004 1712 5019 ,

80 5026 180 5093 ipetur
194 5019 320 5094 corrigia
334 5018 525 5076 calceamenti
541 5017 616 5088 ejus.
870 5016 1118 5088 depredationem
1134 5016 1221 5083 sicut,
1235 5016 1299 5083 etc.)
1312 5015 1510 5087 terebinthus,

80 5251 116 5291 ss.
131 5250 236 5290 omnes
252 5231 428 5288 vetustiores
458 5246 491 5287 ec
517 5227 647 5285 melioris
671 5232 746 5285 note
799 5230 878 5287 band
895 5230 1019 5287 dubium
1034 5229 1106 5302 quin
1123 5234 1152 5286 et
1162 5230 1252 5288 menti
1268 5234 1297 5288 et
1311 5231 1408 5289 verbis
1422 5229 1626 5305 sisiewnymt

85 5307 141 5362 uod
156 5305 266 5377 legitur
289 5304 317 5358 iii
347 5305 431 5359 liebr.
458 5305 488 5358 lu
505 5316 616 5357 oenone
630 5300 659 5356 S.
675 5300 746 5357 Ger·
800 5309 953 5375 repugnet.
969 5302 1062 5359 blaise.

100 5377 217 5432 ocrim
239 5378 309 5431 meis
331 5378 405 5439 runt,
430 5379 488 5430 tac
514 5372 582 5428 dicit
613 5374 747 5429 Dominus
834 5374 1026 5431 ’incubone
1049 5379 1078 5431 ὃ.
1103 5372 1241 5429 Germani
1265 5371 1388 5444 pluralis
1412 5377 1458 5429 est
1484 5387 1626 5430 numerus

80 5466 105 5504 n.
123 5448 399 5515 Porrocorruptem
419 5463 484 5501 esse
509 5444 664 5501 lectionem
689 5444 746 5501 hu·
799 5445 964 5501 secundum
998 5444 1083 5509 Lxx,
1118 5444 1232 5501 Videant
1253 5447 1388 5511 audiunt,
1413 5449 1469 5501 eto.
1499 5444 1626 5516 tapsum

84 5526 148 5576 oeet
162 5536 217 5576 noe
232 5519 295 5591 ipse
305 5517 497 5589 Hieronymus
513 5519 541 5572 in
559 5518 638 5572 buno
648 5516 746 5572 locum
798 5533 867 5573 vero
882 5515 1054 5583 hujusmodi
1070 5515 1259 5587 exscriptoris
1275 5516 1432 5573 manifesta
1446 5515 1551 5589 probat
1565 5532 1627 5573 non

80 5597 131 5649 Pro
146 5592 302 5662 eo,inqnit‚
314 5591 390 5661 quod
408 5606 460 5644 nos
472 5589 559 5659 juxta
574 5586 746 5669 llabrnieam
799 5588 895 5645 solum
911 5590 1010 5646 Canon
1025 5586 1161 5644 Eccleaiie
1176 5588 1423 5645 carcassonensis
1446 5603 1515 5645 euin
1531 5561 1626 5660 pinri-

89 5664 122 5720 ln
137 5665 255 5719 sumbus
268 5663 416 5717 meterent
437 5661 550 5716 Domini
561 5664 746 5726 exercituum,
800 5661 857 5717 mis
873 5659 1100 5717 msaeodieibns
1115 5676 1266 5715 sacrorum
1281 5659 1460 5729 Biblioriim3
1476 5659 1527 5717 sed
1538 5663 1627 5718 Com-

80 5736 126 5792 rba
136 5750 201 5805 une
217 5733 334 5790 locutus
349 5740 394 5789 est
404 5731 656 5795 Dominus,adbne
667 5747 748 5789 reso·
799 5731 1011 5791 menteriorum
1025 5730 1158 5788 etiams.
1176 5729 1346 5804 Hieronymi
1361 5730 1439 5790 liber
1451 5730 1635 5802 teatinambi

80 5807 177 5864 iribns
191 5801 276 5874 meis,
290 5809 321 5860 et
335 5803 646 5871 exit-transtulerunt,
664 5825 679 5855 a
689 5808 747 5862 ete.
798 5805 835 5864 de
850 5803 898 5863 his
913 5803 1033 5863 abunde
1046 5801 1348 5878 disputatni.btaa·s.

84 5875 185 5954 itaque
204 5880 351 5950 repugnat
373 5874 458 5934 edite
482 5878 592 5935 nosue
613 5873 748 5954 lectioni,
