3878 6150
109 256 164 313 663
625 256 1025 316 s.fl1ea0rilu1u1vlrts
1048 253 1296 310 arsurosffltcs.

108 379 235 438 transire
250 395 308 436 nou
325 381 459 452 poteraut
473 383 634 438 torrentem
649 380 739 438 Besor
753 377 933 454 [bqnijussi
947 378 976 446 A
990 379 1019 432 st
1033 375 1165 449 iniquus,
1180 374 1216 430 de
1229 373 1302 430 viris
1317 372 1366 445 qni
1380 373 1476 429 ierant
1499 387 1567 428 cum
1591 369 1684 427 David
1708 369 1732 424 d*

109 469 228 526 luerent
242 486 278 526 ne
294 468 455 525 transirent
468 475 627 527 torrentem
642 471 752 543 Besur].
770 475 801 528 ut
817 471 932 526 invene·
988 466 1061 532 Quia
1085 482 1142 521 eon
1168 468 1311 520 venerunt
1334 462 1500 531 nobiseum,
1525 477 1583 517 non
1609 459 1732 516 dabimu

109 562 179 614 runt
192 557 289 614 virum
305 559 472 630 AEgyptium
488 560 517 615 iu
533 565 655 633 agraet
666 562 852 617 adduxerunt
867 573 934 616 eum
989 555 1151 627 quidquam
1168 554 1203 608 de
1216 553 1315 626 praeda
1329 567 1416 623 quam
1437 551 1569 606 eruimus
1585 565 1591 605 :
1610 550 1660 606 sed
1686 550 1732 605 sul

110 647 147 702 ad
163 646 249 703 David
267 662 274 701 :
291 647 495 721 dederuntque
510 648 536 705 ei
552 666 659 722 panem
676 655 707 707 ut
720 649 895 719 comederet,
906 652 936 704 et
990 643 1150 716 unicuique
1166 659 1239 698 uxor
1253 658 1308 697 sua
1323 645 1353 697 et
1366 640 1419 697 lrlii
1436 657 1443 696 :
1460 656 1535 713 quos
1549 655 1617 695 cum
1638 653 1732 710 accepi

108 733 222 791 biberet
238 751 358 808 equam,
375 737 426 792 sed
442 742 470 794 et
486 738 619 811 fragmen
634 756 738 796 messa
760 738 935 808 caricarum,
990 735 1137 791 recedent.
1156 733 1231 790 Dixit
1246 737 1345 791 autem
1363 732 1449 787 David
1468 748 1475 788 :
1492 730 1555 787 Non
1571 731 1613 787 sio
1629 728 1732 786 lactati:

108 827 138 879 et
152 823 226 880 dues
242 823 386 896 ligaturas
402 824 444 898 [b.
459 828 533 883 dues
548 827 662 900 passas]
676 845 736 884 evae
751 844 855 900 passae.
868 827 936 891 Quae
990 827 1050 881 tres
1061 823 1129 891 mei,
1144 824 1178 879 de
1190 823 1235 879 his
1247 820 1596 895 quaetradiditliominus
1608 819 1706 889 nobis,
1721 833 1732 874 s

95 927 177 968 cum
193 913 381 982 comedisset,
398 930 533 972 reversus
548 920 594 972 est
608 917 730 989 spiritus
743 917 820 988 eius,
839 920 868 972 et
889 930 936 970 re·
990 913 1110 969 stodivit
1125 929 1189 981 nos,
1200 917 1228 968 et
1240 913 1321 969 dedit
1337 910 1519 968 latrunculos
1530 909 1580 982 qui
1591 923 1732 982 eruperau

109 999 259 1058 lucillatus
273 1005 319 1058 est
335 1017 344 1057 a
360 1019 418 1059 eon
434 1003 513 1059 enim
529 1005 696 1061 comederat
711 1022 825 1077 panem,
842 1019 936 1075 neque
989 1017 1107 1057 versum
1124 1018 1177 1057 nos
1201 1001 1231 1056 in
1258 1017 1365 1056 manus
1390 1004 1507 1058 nostras
1533 1015 1539 1053 :
1565 1013 1618 1055 noe
1642 995 1732 1053 audie

108 1088 356 1161 biberataquam,
374 1092 472 1149 tribus
488 1092 592 1150 diebus
614 1098 644 1151 et
666 1093 763 1151 tribus
788 1093 934 1150 noctibus.
991 1089 1147 1163 quisquam
1164 1107 1253 1163 super
1277 1105 1412 1146 sermons
1436 1087 1501 1144 boc.
1524 1088 1616 1159 AEqua
1639 1084 1720 1142 enim

109 1177 187 1235 Dixit
199 1179 298 1251 ltaque
313 1180 339 1237 si
354 1182 443 1237 David
461 1198 468 1238 ε
485 1181 577 1253 Ciejus
592 1199 624 1239 es
638 1182 694 1239 tu?
709 1183 752 1240 vel
768 1182 935 1255 undsique
990 1179 1045 1235 erit
1064 1179 1268 1236 descendentis
1292 1179 1328 1234 ed
1353 1177 1497 1250 pralium,
1525 1182 1553 1232 et
1574 1174 1732 1231 remanent]

110 1268 230 1341 pergis?
244 1268 285 1339 [h.
303 1284 361 1324 non
377 1269 476 1340 habet,
492 1287 550 1343 quo
566 1272 692 1346 pergisi]
709 1273 763 1338 Qui
779 1272 821 1329 ait
836 1288 843 1327 :
861 1275 936 1327 Puer
990 1268 1132 1338 sarcinas,
1149 1271 1178 1324 et
1192 1266 1328 1324 similiter
1342 1267 1473 1322 divident
1487 1264 1529 1337 [h.
1546 1262 1635 1321 simul
1661 1261 1732 1318 divit

109 1358 264 1431 AEgyptius
278 1375 331 1431 ege
347 1376 425 1426 sum,
442 1377 545 1417 servus
559 1361 614 1417 viri
629 1360 798 1418 amalecita
811 1379 818 1418 :
830 1359 936 1417 dereli-
989 1357 1025 1413 Et
1041 1357 1149 1413 laetum
1166 1362 1211 1413 est
1227 1356 1280 1412 hoc
1296 1373 1330 1412 ex
1345 1356 1392 1412 die
1407 1354 1468 1423 illa,
1481 1359 1509 1410 et
1520 1354 1659 1424 deinceps
1670 1367 1732 1407 conr

110 1446 176 1519 quit
190 1450 289 1504 autem
305 1464 352 1504 me
368 1448 506 1505 dominus
523 1450 692 1523 meus,qnia
706 1455 848 1523 aegrotare
862 1449 936 1521 coepi
990 1453 1053 1503 tum
1068 1451 1097 1503 et
1108 1447 1294 1518 praefinitum,
1309 1449 1338 1502 et
1351 1445 1435 1517 quasi
1452 1444 1496 1500 lex
1514 1445 1543 1499 in
1559 1443 1647 1499 lsrael
1664 1457 1732 1514 usqi

110 1535 491 1608 nudiustertiussiquidem
503 1555 557 1594 nos
568 1539 721 1612 erupimus
732 1540 768 1596 ad
776 1537 936 1596 australem
991 1536 1068 1591 diem
1084 1535 1169 1592 hanc.
1186 1537 1272 1592 Venit
1288 1551 1356 1607 erge
1371 1533 1461 1590 David
1479 1533 1508 1588 in
1531 1530 1653 1604 siceleg,
1678 1534 1709 1586 et

110 1629 225 1698 partem
241 1624 332 1698 [Vutp.
348 1625 476 1699 plegem]
493 1627 640 1698 Charethi,
655 1633 685 1685 et
699 1636 800 1685 contra
816 1627 935 1698 ludam,
990 1625 1067 1681 dona
1093 1624 1134 1697 [h.
1157 1642 1213 1682 neri
1239 1625 1318 1682 tabet
1345 1623 1433 1696 dona]
1456 1623 1492 1678 de
1517 1621 1615 1694 prada
1645 1619 1729 1676 senio

110 1714 190 1771 etad
215 1714 368 1771 meridiem
395 1716 515 1785 Chaleb,
540 1721 568 1772 et
592 1717 704 1791 Sineleg
725 1717 934 1774 succendimus
989 1714 1066 1770 iuda
1076 1714 1217 1786 proximis
1228 1713 1403 1770 suisdieens
1419 1711 1565 1783 :Accipite
1576 1707 1732 1765 benedictii

110 1802 329 1876 igni.l)ixitque
343 1804 369 1860 ci
387 1803 474 1861 David
487 1821 493 1861 :
507 1806 592 1863 Potes
608 1823 655 1864 me
669 1808 775 1864 ducere
790 1808 826 1864 ad
843 1807 934 1864 istum
991 1802 1030 1870 [b.
1046 1807 1118 1859 Ecce
1132 1803 1215 1859 vobis
1230 1802 1405 1873 benedictio]
1422 1802 1456 1856 de
1482 1800 1579 1874 prada
1604 1797 1732 1854 hostium

110 1892 259 1948 cuneum?
274 1892 327 1959 Qui
344 1892 386 1948 ait
401 1911 408 1949 :
423 1893 494 1951 lura
512 1894 584 1951 mihi
599 1912 650 1969 per
664 1896 766 1963 licum,
781 1897 858 1969 quod
876 1913 935 1952 non
991 1892 1064 1947 mini
1080 1908 1087 1947 :
1103 1892 1150 1948 his
1165 1893 1215 1963 qui
1229 1897 1313 1948 erant
1327 1891 1356 1947 in
1374 1890 1506 1960 Beth-El,
1522 1893 1550 1945 et
1565 1887 1615 1960 qui
1631 1887 1660 1942 in
1686 1886 1730 1943 lie

109 1981 226 2038 occidas
243 1984 532 2049 me,etnontredas
548 1999 594 2041 me
618 1985 648 2040 in
674 2001 795 2041 manum
822 1985 934 2042 domini
991 1982 1054 2053 [ma.
1071 1980 1206 2052 Ramathl
1223 1982 1258 2037 ad
1274 1980 1439 2046 meridiem,
1455 1977 1546 2049 etqui
1563 1974 1732 2040 indemens

110 2070 180 2137 mei,
195 2074 223 2125 et
238 2069 344 2125 ducam
361 2075 389 2126 te
416 2071 451 2126 ad
477 2087 603 2127 cuneum
628 2072 717 2128 istum
744 2077 765 2129 ¹.
790 2073 845 2140 Qui
868 2090 934 2130 cum
990 2071 1019 2126 in
1037 2076 1136 2138 Aruer,
1152 2076 1180 2126 et
1196 2070 1290 2142 quiin
1307 2068 1495 2141 Sepbemoth,
1507 2072 1535 2123 et
1551 2066 1600 2138 qni
1616 2066 1645 2120 in
1662 2063 1733 2121 Esth

111 2157 244 2213 duxisset
259 2173 412 2226 eum,eece
428 2157 471 2214 illi
487 2160 715 2218 discumbebant
728 2178 819 2235 super
830 2162 935 2219 faciem
990 2164 1018 2216 et
1031 2160 1082 2233 qui
1096 2160 1125 2214 in
1143 2158 1264 2224 Rachel,
1279 2164 1306 2215 et
1322 2158 1369 2231 qni
1385 2155 1415 2211 in
1431 2157 1555 2211 urbibus
1567 2152 1732 2222 lerameli,s

112 2244 255 2301 universa
270 2249 364 2314 terra,
381 2247 568 2304 comedentes
584 2252 613 2304 et
633 2249 777 2321 bibentes,
801 2255 831 2307 et
852 2250 935 2322 quasi
990 2249 1019 2305 in
1039 2249 1161 2305 urbibus
1177 2248 1254 2316 Cani,
1271 2249 1364 2319 etqui
1380 2247 1408 2301 in
1431 2248 1535 2301 Aroma
1559 2245 1621 2316 [ms.
1646 2246 1732 2298 Reme

111 2332 220 2389 festum
235 2333 418 2391 celebrantes
433 2334 511 2391 diem
527 2332 568 2399 [h.
585 2354 644 2395 non
660 2339 757 2408 habet,
769 2338 870 2412 diem],
884 2356 935 2413 pro
990 2338 1038 2409 qui
1051 2338 1079 2392 in
1092 2337 1156 2393 lacu
1168 2339 1288 2404 esemel
1302 2336 1352 2409 qui
1365 2337 1393 2391 in
1405 2334 1531 2403 Athaeh,
1541 2337 1569 2388 ct
1579 2332 1629 2405 qui
1642 2331 1672 2386 in
1686 2330 1732 2387 Hel

112 2427 218 2479 cuncta
241 2423 348 2494 prada,
371 2427 400 2479 et
424 2424 527 2496 spoliis
550 2443 613 2498 qua
639 2432 775 2500 ceperant
798 2430 833 2485 de
857 2434 936 2486 terre
990 2431 1018 2482 et
1033 2425 1155 2496 reliquis
1170 2425 1219 2496 qui
1237 2428 1320 2481 erant
1335 2424 1363 2479 in
1379 2424 1426 2479 his
1441 2422 1636 2493 loeis,quibus
1651 2434 1732 2476 cumr

109 2509 328 2579 philisthimet
344 2512 379 2567 de
395 2516 473 2569 terra
486 2512 609 2572 Judailt
624 2517 768 2589 percussit
782 2534 830 2574 ees
845 2517 934 2574 David
989 2518 1038 2570 tus
1053 2515 1149 2569 lueret
1163 2513 1252 2570 Dauid
1270 2514 1341 2585 ipse,
1358 2517 1386 2568 et
1398 2512 1451 2567 viri
1467 2513 1542 2583 ejus.

110 2616 261 2673 accepere
277 2617 371 2672 usque
386 2602 422 2657 ed
437 2618 589 2676 vesperam
605 2605 726 2662 alterius
742 2606 811 2673 diei,
827 2611 856 2664 et
877 2624 935 2664 non
1025 2602 1101 2673 [Cap.
1120 2603 1240 2675 xxiii]
1257 2602 1424 2658 philisthim
1440 2608 1538 2660 sutem
1562 2601 1732 2676 pugnabant

110 2689 203 2746 evasit
217 2689 308 2747 exeis
323 2691 493 2763 quisquam,
506 2693 562 2749 nisi
576 2695 784 2769 quadringenti
799 2696 852 2752 viri
866 2698 936 2753 ado·
990 2709 1105 2749 versum
1123 2693 1257 2749 lsrael:et
1273 2693 1410 2765 fugerunt
1425 2693 1478 2748 viri
1502 2692 1590 2749 lsrael
1617 2697 1684 2749 ante
1709 2692 1732 2747 is

111 2778 267 2845 lescentes,
283 2780 334 2852 qui
359 2782 552 2838 ascenderant
574 2783 714 2857 camelos,
738 2789 767 2843 et
790 2785 935 2860 lugerent.
991 2781 1169 2852 Philistum,
1186 2787 1213 2838 et
1229 2781 1398 2837 ceciderunt
1418 2781 1562 2838 interiecti
1589 2781 1630 2853 [h.
1655 2779 1732 2837 vuln.

110 2867 192 2924 liruil
208 2882 277 2942 argo
293 2868 383 2925 David
400 2870 498 2926 omnia
517 2887 582 2943 qus
606 2873 735 2929 tulerant
757 2874 934 2943 amalecitas,
990 2870 1021 2926 ln
1036 2876 1134 2926 monte
1145 2870 1261 2927 Gelbes.
1275 2871 1485 2942 irrueruntque
1501 2870 1667 2926 Philislhim
1683 2871 1715 2926 in

111 2961 142 3013 st
157 2957 231 3013 duas
246 2974 351 3014 uxores
367 2975 437 3014 suas
463 2959 547 3016 eruit.
574 2961 631 3017 Neo
657 2962 750 3019 deluit
773 2964 935 3036 quidquam
989 2964 1019 3016 et
1033 2960 1062 3014 in
1080 2959 1157 3016 lilios
1170 2961 1247 3031 ejus,
1263 2964 1290 3015 et
1306 2965 1513 3031 percusserunt
1527 2959 1686 3029 lonatban,
1699 2964 1730 3016 et

110 3043 348 3118 [maquisquam]
364 3063 381 3102 a
396 3064 486 3119 parve
502 3065 597 3120 usque
612 3051 647 3106 ad
665 3056 886 3123 magnum‚tem
900 3053 936 3108 de
991 3049 1097 3115 nadab,
1114 3052 1143 3104 et
1158 3047 1326 3114 lllelchisue,
1344 3047 1420 3104 filios
1435 3047 1514 3106 Saul.
1532 3049 1573 3120 [Τ.
1591 3047 1732 3114 LXXleJ

112 3132 182 3190 llliis
198 3150 286 3206 quam
302 3135 338 3191 ds
354 3134 481 3207 illiabus,
495 3144 523 3193 et
538 3139 574 3194 de
588 3138 740 3210 spoliis;et
755 3157 937 3214 quacunque
952 3126 974 3193 C
992 3141 1116 3210 tumque
1131 3137 1246 3208 pondus
1262 3136 1352 3209 praelii
1367 3153 1483 3193 versum
1501 3142 1545 3193 est
1559 3137 1587 3192 in
1605 3135 1674 3193 Saul
1698 3136 1730 3209 [b

111 3226 282 3295 rapuerant,
293 3223 393 3279 omnia
407 3225 524 3281 reduxit
536 3227 636 3283 david.
653 3229 686 3284 ut
701 3228 769 3285 tulit
784 3230 937 3287 universos
991 3232 1142 3297 gravatum
1155 3229 1199 3280 est
1211 3226 1297 3282 etiam
1311 3224 1441 3299 pralium
1456 3227 1485 3281 in
1498 3226 1578 3299 Saul}
1595 3243 1601 3282 τ
1619 3230 1647 3282 el
1663 3242 1732 3284 conr

112 3326 216 3385 greges
230 3315 261 3367 st
276 3316 419 3383 armenta,
436 3317 466 3369 et
480 3313 602 3372 minavit
616 3321 684 3372 ante
699 3317 801 3375 luciam
817 3334 903 3375 suam
928 3339 936 3378 :
992 3319 1062 3372 sunt
1072 3332 1138 3371 eum
1150 3315 1205 3370 viri
1220 3316 1411 3388 sagittarii,et
1422 3316 1592 3372 vulneratus
1603 3316 1732 3373 estvehe

113 3399 310 3473 dixeruntque
330 3418 336 3457 :
352 3405 420 3457 Hac
434 3406 480 3458 est
495 3404 593 3475 prada
608 3405 706 3461 David.
731 3406 815 3464 Venit
838 3411 936 3463 sutem
991 3408 1036 3459 ter
1046 3421 1063 3460 a
1073 3404 1384 3477 sagittariis.Dixitque
1394 3405 1464 3461 Saul
1476 3406 1511 3461 ad
1523 3406 1732 3478 armigerums

115 3488 204 3546 David
221 3490 257 3545 ad
275 3489 417 3546 ducentes
432 3490 511 3548 viros
525 3493 576 3564 qui
600 3492 670 3551 lessi
695 3494 892 3552 substiterent
915 3497 937 3565 2,
991 3494 1121 3566 Euagina
1136 3493 1267 3566 gladium
1282 3500 1379 3563 tuum,
1394 3498 1557 3567 ciperente
1578 3511 1625 3549 ms
1651 3512 1658 3551 :
1683 3510 1723 3551 ns

114 3590 169 3633 nse
184 3576 269 3649 sequi
285 3581 442 3649 potuerant
459 3580 560 3649 David,
574 3585 602 3637 et
617 3582 745 3638 residere
767 3599 818 3640 eos
837 3585 938 3655 jusse-
992 3582 1109 3638 veniant
1125 3582 1325 3640 incircumcisi
1337 3583 1386 3639 isti
1403 3588 1431 3639 et
1453 3584 1641 3640 interlecient
1666 3600 1725 3654 me,

112 3669 161 3722 rat
175 3665 217 3739 [h.
235 3665 286 3739 qui
298 3665 377 3737 lassi
393 3666 510 3724 inerant
525 3686 561 3726 ne
576 3677 731 3744 pergerent
744 3688 811 3728 cum
827 3672 936 3730 David:
992 3671 1095 3728 dentes
1111 3671 1192 3727 mibi.
1210 3676 1243 3726 Et
1259 3671 1353 3728 noluit
1368 3674 1496 3745 armiger
1516 3674 1592 3744 ejus,
1618 3674 1715 3730 lueret

39 3774 42 3781 ·
112 3759 143 3811 et
156 3755 286 3812 residere
300 3771 351 3813 sos
361 3757 525 3833 jusserant]
541 3758 569 3815 in
595 3765 725 3817 torrente
748 3763 835 3819 Besor
860 3780 866 3818 :
888 3763 939 3836 qni
992 3760 1085 3816 nimio
1099 3761 1204 3818 timore
1216 3761 1398 3833 perterritus.
1415 3763 1547 3834 Arripuit
1559 3763 1660 3835 itaque
1675 3764 1733 3820 Seu

113 3844 224 3917 egressi
239 3850 311 3901 sunt
325 3845 440 3903 obuiam
455 3847 545 3904 David
562 3853 591 3905 et
605 3848 779 3923 populo,qui
794 3856 856 3908 eret
871 3869 938 3908 cum
993 3850 1086 3916 dium,
1111 3855 1140 3905 et
1165 3849 1250 3905 irruit
1272 3867 1360 3922 super
1388 3868 1466 3907 eum.
1491 3852 1570 3917 Quod
1605 3868 1672 3908 cunr
1695 3852 1732 3908 vir

112 3948 158 3991 ee.
173 3934 325 3991 Accedere
340 3941 439 3993 autern
456 3937 546 3994 Dauid
561 3939 597 3995 ad
624 3939 778 4012 populum,
800 3941 940 3998 salutavit
993 3938 1121 4010 armiger
1135 3939 1209 4009 eJus,
1225 3939 1360 3995 videlieet
1375 3941 1452 4010 quod
1474 3946 1610 3997 mortuus
1634 3945 1715 3997 esset

115 4038 166 4080 eos
180 4022 313 4097 peoilloe.
330 4024 580 4101 Respondensque
604 4029 701 4087 omnis
724 4030 769 4087 vir
791 4030 938 4105 pessimus
992 4027 1079 4083 irruit
1094 4028 1182 4084 etiam
1197 4027 1260 4100 ipse
1274 4044 1363 4101 super
1378 4029 1509 4101 gladium
1525 4047 1624 4097 sunm,
1640 4036 1669 4086 et
1684 4048 1732 4088 mo

152 4223 161 4258 ¹
176 4220 298 4278 Addunt
314 4221 441 4296 vulgali,
458 4228 496 4282 Et
510 4228 616 4297 iuravit
629 4228 656 4284 ei
669 4229 767 4285 David.
993 4242 1028 4283 ea
1038 4242 1105 4282 cum
1119 4225 1206 4282 David
1215 4226 1337 4296 jusserit
1349 4242 1398 4282 eos
1410 4225 1537 4283 residere
1549 4228 1584 4283 ad
1594 4226 1732 4300 impedire

151 4295 286 4349 'auctor
299 4296 494 4367 quaestionum
510 4313 561 4355 ssu
577 4299 767 4356 traditionum
782 4301 939 4358 Hebraice·
994 4298 1021 4352 id
1039 4302 1084 4354 esi
1110 4298 1146 4353 ad
1163 4299 1304 4365 flaminis,
1317 4299 1385 4370 ju¹¹0
1401 4297 1574 4354 bellantium
1592 4301 1687 4370 lmitio
1714 4318 1732 4373 l>

116 4378 182 4419 rum
193 4362 321 4422 inlibros
330 4366 443 4439 Regum
452 4385 508 4425 nen
518 4372 763 4442 probatLatinem
774 4374 938 4429 versionem
994 4369 1036 4425 eis
1052 4343 1223 4436 debebatur,
1241 4372 1374 4440 quamvis
1391 4371 1511 4426 obtentu
1538 4368 1725 4429 lassitudinis

116 4434 135 4490 b
172 4451 207 4491 us
221 4434 289 4505 leci,
309 4454 397 4509 quem
423 4447 510 4512 negat
537 4458 602 4497 esee
626 4444 845 4500 convenientem
872 4461 938 4501 oum
995 4445 1047 4496 aut
1063 4441 1135 4495 fictae
1152 4442 1364 4497 remansissent
1377 4442 1405 4496 in
1422 4446 1549 4497 terrente
1566 4441 1664 4498 beser.
1676 4443 1732 4499 Cat

114 4509 158 4561 He
179 4523 202 4561 r.
218 4508 455 4580 veritate,dicens
473 4529 479 4567 :
496 4536 511 4565 a
526 4514 598 4571 Cum
616 4514 645 4569 in
663 4515 774 4571 Latinis
790 4515 942 4572 codicibus
957 4497 980 4563 ἶ)
996 4511 1141 4584 peculiare
1156 4516 1201 4567 est
1215 4513 1348 4584 scriptori
1362 4515 1424 4583 J'um
1443 4512 1572 4577 laudato.
1588 4521 1677 4585 elque
1690 4514 1732 4572 ⁸⁰¹

115 4576 339 4651 legatur‚laesos
354 4584 497 4654 quosdam
514 4585 681 4641 substitisse
697 4587 732 4642 ad
747 4589 894 4659 sarcinas;
911 4593 940 4644 et
994 4583 1031 4638 sti
1057 4584 1184 4638 Cononis
1210 4584 1355 4639 Hebraicae
1380 4585 1521 4648 veritatis,
1549 4590 1581 4640 ul
1604 4586 1728 4643 verbum

115 4647 147 4704 in
163 4648 250 4707 llebr.
266 4650 418 4726 habeatur,
429 4656 534 4725 jussus
549 4658 640 4714 luisse
659 4662 692 4713 ut
716 4659 879 4716 residerent
901 4661 937 4716 ad
992 4654 1120 4728 pingeret,
1140 4654 1368 4726 interpretentur
1384 4658 1461 4726 jussi
1483 4659 1606 4725 suerunt.
1632 4657 1725 4715 Nemo

115 4720 351 4780 sarcinaszlocus
366 4726 413 4783 hie
429 4734 585 4799 monstrat,
600 4729 772 4787 Hebraicam
787 4732 937 4788 veritatem
994 4727 1139 4797 estquod
1155 4726 1298 4797 sciemus,
1315 4727 1500 4783 llebraeerum
1517 4733 1567 4782 sut
1582 4728 1732 4786 hebraicas

116 4791 146 4848 in
161 4791 217 4847 boo
232 4796 315 4865 sequi
330 4797 516 4872 debere‚quae
531 4817 588 4857 non
605 4800 765 4867 lassos,sed
776 4803 878 4874 jussos
895 4821 937 4860 re·
995 4797 1254 4869 recentiorum.qui
1271 4799 1440 4870 hujusmodi
1457 4799 1685 4871 significantiam
1700 4818 1732 4859 es

116 4863 262 4921 mansisse
275 4867 312 4922 nd
329 4870 471 4939 sarcinas,
487 4872 559 4929 dicit
573 4873 675 4929 luisse.
692 4875 738 4930 Ait
761 4876 840 4932 enim
865 4876 906 4931 its
931 4891 937 4929 :
994 4869 1066 4926 serit
1080 4884 1114 4924 ex
1130 4870 1227 4926 radies
1243 4880 1305 4940 tun,
1320 4870 1491 4942 nipparena
1503 4870 1631 4941 plrupur:
1648 4872 1732 4929 sedo

115 4937 282 5009 AEqeepora
295 4938 550 5000 antecantamenta
570 4946 606 5000 nd
629 4946 771 5016 pralium,
795 4955 822 5003 et
846 4962 940 5003 rema·
995 4940 1732 5012 consentientisLatinaminterpretationemHiero

114 5008 206 5063 neate
220 5007 256 5065 sd
270 5014 407 5071 aermnae.
422 5015 485 5071 Noe
501 5015 563 5072 ait:
582 5015 636 5085 Qui
658 5017 728 5073 lessi
748 5021 940 5076 remanserunt
996 5013 1088 5084 lgilur
1103 5029 1160 5068 non
1176 5012 1379 5085 improbabilis
1396 5013 1512 5069 exsistit
1527 5014 1708 5084 conjectura,
1724 5034 1732 5072 ι

114 5076 151 5134 ad
164 5082 290 5137 sarcinas
303 5102 314 5138 .·
329 5086 399 5157 quia
414 5086 439 5142 si
463 5086 536 5144 lassi
560 5088 784 5158 remansissent,
801 5089 883 5146 nulla
897 5088 940 5145 eis
995 5085 1191 5141 eumdemtne
1216 5090 1364 5142 erratorem
1389 5084 1529 5141 habuisse
1560 5087 1732 5158 questiones

115 5150 274 5208 deberetur
288 5154 323 5211 de
339 5158 446 5229 pradis
460 5159 564 5230 portio.
582 5182 596 5209 n
613 5165 650 5216 At
666 5177 736 5233 pace
751 5178 809 5218 non
830 5160 939 5218 indocti
996 5156 1080 5212 dicte
1095 5155 1124 5210 in
1138 5103 1229 5212 libros
1244 5157 1366 5231 Regum,
1393 5162 1421 5212 et
1445 5156 1557 5212 scholia
1579 5159 1707 5216 denonis

116 5222 207 5295 hujus
223 5225 376 5299 scriptoris
391 5229 488 5286 dicere
503 5230 546 5287 las
558 5231 606 5302 sit,
622 5234 732 5306 optime
746 5232 802 5306 legi
814 5232 843 5289 in
860 5232 940 5288 Lati·
994 5228 1141 5295 veritatis;
1159 5229 1284 5285 maxime
1300 5229 1377 5300 qued
1403 5232 1495 5284 tetum
1523 5245 1597 5300 opus
1620 5231 1732 5302 quaesti·

117 5295 164 5350 nis
178 5296 331 5355 codicibus
343 5300 427 5370 juxta
440 5301 611 5359 Hebraioam
628 5307 792 5375 veritatem,
809 5304 863 5373 Qui
876 5305 942 5360 lessi
997 5318 1048 5356 seu
1065 5300 1256 5356 traditionum
1273 5300 1481 5357 Hebraiearnm
1497 5305 1666 5358 contextum
1689 5303 1732 5359 ini

115 5366 312 5437 substiterent,
322 5371 508 5428 staverbum
524 5373 602 5430 enim
617 5383 682 5439 tua
696 5378 822 5448 pipperu,
838 5376 941 5432 Latine
997 5377 1046 5427 tur
1059 5388 1075 5428 e
1090 5372 1210 5427 scholiis
1226 5371 1440 5444 marginalibus
1450 5373 1580 5442 ejusdcm
1593 5372 1722 5431 Canonis

116 5438 261 5507 redditur,
277 5441 347 5499 lusae·
359 5442 487 5516 suerunt,
502 5444 547 5501 vel
565 5444 672 5502 debiles
692 5450 761 5518 tecti
783 5450 857 5516 sum,
882 5448 941 5504 sive
998 5443 1140 5500 veritatis.
1159 5443 1278 5500 Recolat
1293 5460 1327 5500 ee
1340 5442 1432 5500 lector
1447 5459 1511 5516 qna
1534 5460 1624 5517 supra
1645 5448 1732 5520 script

115 5509 202 5566 eliam
212 5509 351 5595 pigriores
360 5516 744 5590 somuatpraliotasoilicet
755 5519 940 5592 lassitudine,
997 5516 1027 5572 in
1045 5516 1155 5573 nostris
1168 5514 1503 5589 Prolsgomenis.,llser.

112 5596 204 5654 qoam
219 5584 410 5659 simulabant,
419 5604 456 5647 ne
467 5594 622 5663 pergerent
630 5604 699 5656 oum
710 5590 940 5649 DavidPreter·
