3870 6120
110 193 181 251 1505
749 172 771 213 ⁸
825 197 933 253 ciana
950 197 1104 254 iisraaa.
1129 173 1150 213 '¹
1332 161 1335 165 ⁸
1679 186 1682 191 ‘
1745 212 1816 271 1500

108 324 137 377 st
163 319 359 392 interpretum
384 318 549 376 certamina
572 320 782 392 comprobatis,
807 324 938 378 tenentes
952 331 980 399 A
994 321 1163 378 affectamus
1192 321 1294 379 laudes
1309 321 1478 396 hominum,
1509 342 1562 384 nec
1586 329 1817 404 vituperationes

108 409 217 466 Esther
232 409 407 465 Hebraicum
430 409 552 480 librum,
568 425 620 481 per
633 410 751 479 singula
774 409 862 465 uerba
884 426 937 465 no·
993 410 1224 480 expavescimus.
1245 411 1304 468 Deo
1325 418 1405 469 enim
1423 413 1540 487 placere
1555 428 1702 494 curantes,
1720 427 1816 485 minas

110 508 204 555 stram
222 497 445 555 translationem
461 498 635 571 aspicite,ut
649 499 769 571 possitis
780 514 938 571 agnoscere
993 499 1145 555 bominum
1158 501 1275 571 penitus
1286 517 1343 557 non
1354 503 1494 560 timemus
1504 522 1511 559 :
1521 507 1676 577 quiaDeus
1691 512 1818 589 dissipat

110 603 158 643 me
175 585 249 642 nihil
271 587 360 643 etiam
378 592 588 659 augmentasse
604 587 740 644 addendo
751 589 770 658 ¹,
792 588 843 644 sed
858 585 937 643 lideli
991 602 1059 642 ossa
1073 603 1174 643 eorum
1187 588 1235 660 qui
1246 587 1417 647 bominibus
1429 592 1718 665 placeredesiderant
1728 602 1815 672 (Psel.

110 675 874 749 testimoniosmphcuorsicutinllebiaobsbetur,
891 676 938 733 bi·
992 692 1041 731 nii.
1060 678 1099 745 6),
1128 682 1156 732 et
1182 679 1346 736 secundum
1374 683 1560 754 Apostolum,
1587 688 1638 758 qui
1667 691 1813 762 ejusmodi

113 766 236 824 storiam
254 765 426 822 Hebraicam
444 766 552 822 Latine
569 766 674 838 lingua
698 767 864 823 tradidisse.
880 766 939 822 Neo
991 766 1280 833 suni,seivicnrisii
1296 785 1361 824 esse
1379 787 1435 825 non
1453 774 1689 845 possunt(Golot.
1702 781 1812 850 1,l0)¹.

110 924 560 998 virginasmultossuperarunt
583 925 938 999 hiijusaviscioios,qui
992 925 1162 980 damnabis
1184 941 1357 996 persuasum
1385 935 1447 985 erat
1477 948 1510 986 eii
1538 949 1626 990 sensu
1656 939 1815 998 verborum

111 999 136 1053 si
160 997 288 1053 viderint
303 997 454 1053 studiosos
470 997 630 1053 nonnullos
655 998 763 1070 lingua
792 998 939 1055 Hebraicce
993 998 1083 1066 hujus
1099 997 1310 1067 additamenti;
1332 1017 1409 1056 nuuc
1435 1009 1534 1059 autem
1559 1007 1814 1070 evidentissimum

112 1069 260 1136 homines,
278 1067 417 1124 attollunt
436 1069 535 1124 statim
558 1070 748 1138 cachinnum,
763 1070 882 1126 ludaeos
906 1087 940 1126 ae
993 1072 1081 1138 atque
1097 1069 1298 1150 indubitatum
1319 1072 1357 1126 sit
1380 1074 1417 1128 ab
1435 1090 1468 1130 ec
1496 1091 1586 1147 quam
1603 1079 1741 1154 diximus,
1757 1101 1811 1141 ms.

111 1141 263 1196 ilabbiuos
277 1155 327 1195 eos
343 1156 410 1195 cum
428 1140 489 1196 risu
506 1140 706 1197 acclamantes
724 1142 829 1213 :quasi
846 1142 939 1214 puda—
993 1142 1093 1195 codice
1109 1140 1208 1221 Latino
1223 1140 1379 1213 Vulgatum
1395 1149 1531 1216 veterem,
1548 1163 1600 1204 seu
1627 1152 1730 1210 Italam
1746 1154 1815 1212 libri

111 1217 157 1267 ret
173 1213 318 1283 ingenuos
332 1212 422 1278 viros,
439 1218 571 1268 sanctam
582 1213 790 1286 prophetarum
807 1213 938 1285 linguam
994 1211 1098 1266 Esther
1121 1213 1280 1268 sditionem
1292 1285 1298 1296 ι
1309 1217 1472 1288 complexo.
1502 1219 1711 1282 curiosissima
1734 1229 1813 1285 enim

113 1283 275 1345 addiscere.
294 1284 429 1339 ecclesie
444 1285 596 1339 doctorum
611 1284 849 1355 vestigiaterers,
860 1285 941 1341 nobi·
993 1284 1124 1365 ejusdem
1141 1285 1321 1368 exemplaris¹
1332 1289 1517 1344 contentione
1533 1291 1610 1348 laeta
1625 1310 1691 1350 curn
1708 1298 1815 1358 Graccis

111 1354 356 1426 lissinmrumque
370 1355 517 1426 virginum
530 1355 679 1412 Eustochii
694 1373 727 1411 aa
737 1356 832 1413 Paulae
842 1371 941 1413 axam·
994 1353 1392 1435 pluribustranslationibus,
1404 1359 1581 1432 deprehendi
1593 1365 1622 1420 iii
1638 1366 1688 1422 illa
1698 1369 1814 1427 edituus

113 1430 197 1499 ploni
214 1425 334 1480 imitari.
352 1431 440 1482 Hiar.
995 1427 1100 1481 Latius
1116 1425 1181 1480 nix
1192 1428 1385 1499 lntcrpretum
1402 1432 1533 1488 ordinem
1550 1450 1584 1490 ac
1599 1452 1710 1494 morem
1725 1440 1817 1499 bisic-

151 1501 159 1534 ¹
178 1497 285 1569 Regius
300 1497 462 1553 Hibliorum
479 1498 633 1553 cudexms.
646 1499 940 1554 sesan-Germanae·
995 1495 1043 1551 ria
1058 1495 1215 1552 Hebraica.
1226 1499 1355 1571 Exempli
1367 1517 1457 1558 causa
1471 1504 1596 1562 duorum
1610 1511 1814 1570 eunuchorum

117 1570 160 1625 sis
176 1574 275 1624 noster
290 1584 402 1624 numer.
419 1570 446 1636 i,
463 1586 514 1641 pro
531 1573 614 1625 etiem
633 1568 740 1625 babent
756 1586 893 1642 unquam,
911 1570 939 1625 id
994 1570 1112 1624 Gabatae
1128 1569 1280 1625 etTharre
1290 1572 1659 1648 machinatioparrieidalis
1673 1582 1701 1637 in
1715 1599 1813 1657 regem

116 1645 173 1706 est,
194 1656 239 1696 nie
253 1640 328 1695 nitu
343 1657 465 1712 unquam
484 1645 674 1712 unoneentosse
688 1640 823 1698 addendo.
846 1645 938 1697 Haar.
996 1644 1209 1721 Arlarxeriiem.
1222 1656 1286 1712 quas
1305 1645 1383 1714 apud
1400 1645 1473 1700 Lxx
1490 1647 1665 1721 interpretes
1681 1660 1816 1713 narratur

155 1742 189 1752 -
203 1711 329 1776 Quidam
347 1728 451 1767 mssa
492 1729 557 1767 uam
577 1728 628 1784 pic
653 1714 739 1767 etium
760 1712 873 1785 legunt.
892 1712 942 1767 Vi·
958 1693 981 1757 Β
997 1712 1082 1767 initio
1102 1711 1168 1765 libri
1194 1712 1335 1783 Estheris,
1361 1714 1468 1786 legitur
1482 1718 1512 1774 in
1528 1728 1628 1779 nostro
1645 1739 1699 1780 ms.
1717 1728 1815 1785 codice

118 1782 463 1839 deturautemslterum
500 1784 942 1855 uicoppcsitumcommaexci·
992 1784 1080 1855 juxta
1107 1798 1217 1838 morem
1243 1783 1499 1860 Hebraicumpost
1520 1790 1815 1870 celebratasnuptias

119 1855 213 1920 disse,
253 1855 307 1909 uod
325 1854 478 1909 abendam
496 1854 941 1928 vocenihilinciperet:puta:
997 1854 1470 1935 Estheriscuinregeariaireriie.
1496 1864 1684 1938 iterumque
1699 1868 1815 1928 Marde.

118 1925 195 1981 nabit
209 1925 234 1980 ai
281 1926 477 1990 detruncasse,
488 1931 539 1980 sut
554 1926 625 2007 quid
641 1927 747 1982 simiis.
997 1927 1067 1980 ebei
1083 1925 1251 2007 captiuitata
1262 1933 1303 2009 ¹et
1323 1930 1516 1987 translatione
1535 1933 1564 1990 in
1580 1935 1758 2010 Babylonem
1774 1941 1816 1999 lc·

155 1997 165 2031 ²
183 1997 249 2052 Post
267 1997 325 2051 ista
339 1998 369 2051 iii
385 1997 498 2053 cunctis
521 1997 701 2053 editionibus
716 1997 897 2053 Praelationis
912 1996 942 2051 S.
996 2001 1211 2068 gunturcapite
1225 2014 1319 2069 primo
1329 2002 1466 2059 editionis
1480 2008 1682 2080 Septuaginta,
1698 2027 1733 2067 ea
1748 2014 1817 2070 reti·

118 2067 289 2140 Hieronymi
304 2070 332 2123 iii
349 2069 458 2124 librum
486 2068 599 2137 Esther,
625 2075 759 2125 assutum
777 2069 884 2142 legitur
898 2084 944 2124 se·
997 2073 1045 2124 nei
1062 2067 1185 2124 latinus
1198 2085 1252 2124 nis.
1266 2072 1361 2143 capite
1382 2075 1512 2131 secundo
1530 2077 1615 2148 juxta
1636 2097 1747 2139 moreni
1761 2090 1817 2143 He·

122 2155 220 2210 quens
233 2139 468 2195 additamentum
486 2156 518 2194 :a
538 2140 676 2204 Rursum,
691 2140 720 2195 in
738 2141 812 2197 libro
841 2139 946 2196 Esther
997 2139 1140 2195 broeorum
1158 2139 1302 2196 codicum.
1319 2142 1432 2208 Quibus
1456 2146 1584 2216 proiecto
1607 2168 1756 2213 versasse
1781 2173 1816 2213 ne

122 2209 315 2280 alphabetum
331 2211 468 2267 arminio
484 2212 627 2284 usquead
644 2213 720 2267 theto
737 2213 864 2267 litteram
876 2212 945 2266 leci·
997 2211 1145 2282 explorata
1161 2214 1390 2284 comprobantur
1414 2233 1595 2291 quacunque
1639 2227 1817 2286 remisimus

116 2298 184 2337 nius
204 2283 328 2338 diversis
342 2283 371 2337 in
389 2283 461 2338 locis
483 2288 615 2338 volentes
629 2283 742 2339 scilicet
755 2284 946 2355 Septuaginta
998 2286 1034 2337 ds
1047 2280 1151 2338 ultima
1166 2291 1247 2354 parta
1261 2300 1316 2356 sup
1339 2286 1450 2343 usitilia
1472 2290 1647 2360 prelationis
1661 2296 1691 2353 in
1707 2297 1817 2357 librum

118 2355 316 2426 lntcrpretum
342 2355 473 2410 ordinem
500 2371 552 2426 per
576 2354 631 2409 hoe
647 2354 797 2410 insinuare
812 2353 944 2411 studioso
998 2353 1113 2410 Esther.
1129 2356 1276 2436 Accedunt
1291 2303 1336 2411 ael)
1344 2357 1406 2439 haec
1421 2364 1478 2415 tras
1493 2366 1659 2438 perantiqui
1676 2385 1748 2427 mss.
1765 2387 1815 2427 co·

116 2424 233 2481 lectori.
244 2425 302 2480 Nos
314 2426 391 2480 enini
404 2426 489 2497 juxta
500 2441 607 2481 nomen
623 2424 943 2490 Hebraicum‚ordinem
997 2426 1078 2506 dices
1092 2441 1124 2479 se
1136 2432 1254 2507 optimas
1269 2433 1354 2498 ncta,
1366 2444 1397 2484 iii
1413 2431 1604 2502 quibusnibil
1619 2439 1752 2497 additum
1768 2458 1816 2499 re-

141 2497 260 2568 rosequi
272 2499 362 2552 etiam
373 2498 403 2552 iri
414 2514 445 2553 se
469 2496 740 2570 tuagintaaditione
751 2497 944 2553 maluimus.»
997 2502 1120 2568 peritur,
1133 2495 1166 2551 Hi
1178 2501 1249 2551 suot
1263 2498 1469 2570 Mammianus,
1483 2505 1572 2561 codex
1593 2506 1727 2567 Ecclesia
1743 2512 1816 2569 Nar·

118 2513 236 2639 Erolcgi
252 2583 318 2625 vero
330 2584 397 2639 pars
414 2513 517 2624 istliaec
533 2568 635 2632 spuria
646 2569 945 2640 aesuppositiiia,ne·
997 2567 1147 2650 bonensis,
1172 2567 1291 2652 et'nlter
1304 2572 1507 2653 cisterciensis
1527 2581 1696 2636 monasterii
1715 2584 1817 2643 Fontis

122 2640 196 2694 mini
216 2655 357 2708 unquam,
369 2642 446 2711 quod
460 2642 601 2705 sciamus,
616 2647 754 2712 suspecta
770 2639 943 2695 babitsest:
998 2638 1118 2710 Frigidi,
1135 2653 1186 2708 qui
1200 2638 1286 2694 linem
1302 2643 1414 2697 iaciunt
1433 2646 1612 2715 prelationis
1623 2651 1652 2705 in
1664 2652 1710 2709 his
1722 2660 1817 2728 apos·

119 2711 186 2766 ideo
203 2712 239 2766 ab
256 2711 368 2782 aliquot
389 2711 513 2767 eruditis
538 2710 718 2777 hominibus,
737 2710 817 2766 velut
841 2712 944 2784 genui·
996 2711 1049 2764 toli
1065 2709 1172 2774 verbis,
1187 2709 1267 2766 Serui
1280 2710 1384 2769 Christi
1396 2729 1454 2769 ease
1467 2733 1523 2772 non
1536 2731 1658 2790 pessunt.
1675 2724 1817 2784 addentes

119 2799 179 2837 nus
198 2781 368 2855 Hieronymi
386 2784 463 2838 letus
479 2783 600 2839 scholiis
615 2781 761 2838 illustrata
790 2785 943 2855 reperitur.
997 2781 1180 2864 immediata,
1189 2795 1552 2866 ixrsieirranriiriomtc.
1568 2791 1816 2855 Necomittondus

119 2852 229 2910 Veruni
247 2855 324 2909 enim
350 2870 417 2910 vero
439 2855 634 2926 imposturam
651 2854 725 2910 scire
747 2856 839 2924 jurat,
855 2868 944 2925 quam
997 2858 1042 2909 est
1056 2852 1424 2924 Colberiinusaniciensis,
1441 2858 1491 2913 ubi
1508 2860 1536 2916 in
1548 2861 1638 2920 latere
1658 2869 1815 2941 marginali

120 2941 176 2980 iios
191 2925 324 2981 subsidio
349 2941 422 2981 mss.
448 2926 582 2980 codicum
608 2931 790 2998 perspectam
815 2926 944 2997 primuni
993 2924 1695 3007 jamdictorumverbcrumApostoli,eiiscriptor
1704 2940 1815 3011 posuit,

119 2995 292 3060 habuimus,
307 2997 356 3051 ead
369 2997 464 3052 adbuc
479 2997 709 3053 manifestiorem
721 3001 832 3053 attenta
845 3014 878 3053 ac
890 2998 942 3052 lra-
998 3011 1127 3051 axeaieir
1141 3011 1299 3064 raoioous,
1311 3013 1369 3068 quo
1383 3002 1622 3062 manifestissime
1632 3006 1720 3066 finem
1737 3029 1815 3084 pra·

121 3069 223 3138 quenti
249 3067 438 3124 meditatione
462 3069 631 3125 eorumdem
646 3068 801 3124 verborum
819 3085 826 3122 :
843 3067 941 3124 nullus
959 3048 980 3114 C
1000 3067 1117 3122 lationis
1138 3066 1249 3122 indicat
1265 3069 1293 3123 in
1308 3068 1361 3125 hac
1376 3070 1527 3144 scripturas
1538 3080 1694 3150 sententia,
1711 3089 1815 3142 cetera

119 3138 269 3211 siquidem
278 3155 382 3195 sensus
393 3156 427 3195 eii
438 3139 475 3195 iis
486 3140 549 3195 elici
565 3145 670 3210 potest,
687 3157 760 3211 quas
770 3141 941 3212 Hieronymo
995 3154 1062 3194 vero
1078 3154 1141 3210 qua
1151 3144 1326 3210 sequuntur,
1339 3140 1433 3198 aliena
1448 3161 1512 3201 sese
1535 3151 1563 3202 et
1576 3150 1703 3208 ascititia
1715 3170 1722 3209 :
1733 3154 1813 3212 ideo·

118 3210 276 3266 disserenti
293 3212 455 3266 conveniat.
473 3211 603 3266 Primum
615 3211 715 3282 itaque
730 3210 841 3268 fraudis
852 3227 941 3283 argu·
994 3225 1050 3279 que
1074 3214 1214 3280 tanquam
1231 3213 1330 3282 apuria
1341 3221 1485 3286 expuncta
1496 3222 1566 3273 sunt
1579 3221 1698 3278 tandein
1714 3224 1750 3281 ab
1763 3225 1815 3284 ali·

119 3289 251 3338 mentum
266 3283 418 3355 capiamus
437 3298 472 3338 er
488 3288 602 3337 mutata
618 3283 707 3354 priori
722 3283 847 3338 dictione
859 3285 941 3352 ejus·
995 3297 1053 3352 quo
1067 3282 1265 3363 emendatore,
1281 3284 1331 3354 qui
1345 3285 1493 3411 iuteqruin
1506 3305 1565 3345 non
1584 3291 1685 3349 timuit
1697 3296 1814 3354 oblitte-

119 3354 188 3410 dem
203 3354 470 3420 additamenti,ncn
485 3354 563 3409 cuim
574 3353 674 3425 legunt
685 3353 942 3425 mse.antiquiores
994 3368 1059 3408 rara
1075 3352 1308 3409 additamentum
1324 3354 1414 3426 huyne
1432 3374 1487 3413 cci.
1506 3361 1648 3419 ceterum
1661 3365 1690 3421 iu
1703 3367 1739 3424 ali
1764 3373 1815 3426 uot

116 3441 152 3482 ac
164 3424 392 3490 meliorisuota,
407 3425 555 3481 vaticanos
577 3424 653 3493 dico,
678 3425 795 3497 Regios,
821 3441 854 3481 ac
866 3430 940 3481 Han·
995 3423 1060 3506 aliis
1071 3440 1144 3479 mss.
1161 3385 1814 3512 Vaticanis,ltegiis,acSan-Germanensiltus,

117 3497 342 3564 Garmaoenses,
358 3497 477 3552 Hereum
492 3498 523 3551 in
546 3496 616 3552 libro
632 3496 739 3560 Esther,
763 3496 824 3564 aad,
848 3497 942 3568 Rufini
995 3494 1099 3551 ultima
1114 3497 1601 3572 parspraiationissuppositanon
1612 3509 1748 3567 eumdem
1764 3512 1816 3569 ba·

115 3569 146 3623 in
163 3567 234 3623 libro
249 3568 355 3627 Esther.
372 3572 425 3622 cte.
444 3567 525 3623 Unda
540 3572 653 3623 certum
678 3573 773 3624 exstat
798 3568 941 3625 artificem
995 3567 1043 3622 bet
1054 3572 1221 3622 contextum
1237 3585 1303 3624 cum
1320 3573 1534 3642 superioribus.
1549 3578 1599 3632 sed
1616 3595 1647 3636 ss
1670 3584 1774 3640 anatim
1785 3590 1816 3641 at

116 3638 206 3695 istius
222 3638 300 3695 medi
318 3639 476 3712 suppositas
491 3643 703 3708 annotationis,
722 3640 818 3710 ltuyini
844 3656 940 3696 caeru·-
994 3639 1121 3708 acapite
1142 3639 1325 3721 ‘describitur
1353 3644 1496 3700 iniuiaceo
1525 3647 1623 3705 colore
1649 3597 1755 3711 litteris
1778 3672 1814 3712 iis

115 3711 200 3783 plum
217 3710 307 3766 luisse
322 3709 470 3766 imitatum
489 3710 517 3764 in
536 3708 692 3793 alphabeto
713 3709 818 3766 litteris
833 3710 940 3794 Grecis
994 3725 1057 3763 mar
1079 3707 1165 3799 inalis
1184 3725 1212 3763 iii
1230 3709 1308 3766 bunc
1332 3714 1450 3770 modum
1469 3732 1476 3768 z
1493 3715 1618 3775 HUFlNl
1642 3722 1680 3803 lN
1705 3728 1763 3781 nia
1791 3726 1813 3783 0

116 3781 941 3925 iuuataucuialacessatur:uu
992 3779 1469 3935 tertiaedecimae
1495 3787 1815 3929 eruiturus

119 3924 308 3980 Hebraeorum
334 3925 517 3981 voluminum
539 3929 774 3996 prosequeretur.
790 3923 856 3979 lam
873 3926 939 3996 quis
993 3926 1189 4005 imposturam
1209 3938 1216 3978 :
1233 3931 1260 3979 at
1277 3924 1312 3979 ds
1328 3923 1375 3981 bis
1392 3927 1542 3988 hactenus.

124 3995 350 4052 neseintHieron
374 3997 498 4051 mumin
516 3994 939 4067 sacrisscripturuvsrienais,
1029 3994 1155 4064 Nequid
1184 4010 1252 4050 vero
1281 3998 1539 4066 praetermittamus
1554 4017 1588 4058 ex
1603 4020 1660 4077 quo
1677 4006 1814 4068 utilitatis

120 4066 324 4134 emendandis,
346 4013 591 4140 illustrandisque
615 4067 798 4139 superiorem
827 4083 941 4140 semper
994 4064 1129 4148 nonnihil
1147 4064 1378 4150 possitneque,
1401 4069 1538 4129 lectiones
1562 4076 1649 4133 etiarn
1665 4080 1812 4140 variantes

115 4138 265 4194 exstitisse
281 4137 490 4207 Hebrusque
507 4154 601 4210 neque
619 4140 761 4210 originem
790 4153 840 4194 seu
871 4155 940 4194 con·
993 4153 1023 4192 in
1049 4142 1238 4209 supposititio
1253 4138 1423 4197 addimento
1440 4144 1618 4214 prelationis
1643 4147 1691 4204 bic
1716 4152 1813 4280 subii-

116 4213 231 4265 tsxtnm
245 4209 390 4265 versionis
414 4209 485 4266 Lxx
511 4225 603 4278 nesius
628 4210 773 4266 elementa
792 4209 940 4280 alphabeti
994 4208 1099 4263 cimus.
1117 4208 1169 4264 Ms.
1188 4207 1348 4293 Hibliorum
1369 4213 1460 4269 codex
1473 4217 1700 4276 eminentissimi
1716 4238 1766 4279 car
1788 4225 1813 4280 i·

116 4280 210 4336 Graeci
225 4281 268 4336 val
290 4281 421 4337 hebraici
439 4282 567 4337 mutuari
585 4298 716 4353 unquam
730 4281 868 4353 indiguit.
886 4281 941 4337 Po·
993 4280 1069 4335 nulia
1085 4296 1100 4334 a
1117 4279 1227 4361 ltouzio¹
1238 4297 1279 4335 sic
1295 4280 1365 4355 legit
1381 4301 1387 4338 ι
1404 4286 1557 4357 llyobelum
1572 4305 1607 4345 ce
1621 4290 1716 4350 Grmcu
1735 4295 1812 4353 ecili-

117 4350 229 4407 starior
249 4368 318 4425 ergo
337 4368 371 4408 ac
393 4351 478 4424 plane
501 4353 635 4408 diversus
663 4355 829 4408 censendus
844 4358 889 4408 est
903 4354 940 4409 ab
993 4354 1034 4406 cet
1049 4351 1143 4406 littero
1156 4352 1243 4432 mineo
1259 4368 1343 4424 usque
1356 4354 1392 4409 nil
1416 4357 1526 4414 Thetom
1549 4360 1668 4418 luterem
1692 4363 1814 4436 [ecimus

117 4423 297 4494 Hieronymo
320 4424 455 4495 quisquis
467 4426 594 4479 altulino
606 4424 941 4480 nonnihilhabetemen·
955 4409 978 4477 ll
994 4421 1025 4477 in
1040 4423 1156 4478 diuersis
1170 4424 1246 4492 locis,
1261 4429 1315 4480 eto.
1333 4425 1418 4481 Aliud
1434 4429 1582 4503 exemplar
1597 4450 1650 4489 ms.
1667 4443 1814 4496 monaste·

115 4493 288 4550 dicatumin
300 4495 407 4551 divinis
420 4495 580 4567 Scripturis
591 4495 781 4564 adornandis,
797 4496 939 4551 siradiri·
998 4494 1033 4549 rii
1051 4495 1141 4549 nostri
1157 4494 1355 4563 Narbonense,
1381 4514 1433 4569 pro
1456 4504 1580 4582 (ecimus,
1598 4504 1684 4562 babet
1695 4509 1814 4568 tertiani

117 4565 234 4638 gendis.
252 4566 380 4622 ilursiim
406 4567 653 4623 adnotatiuncula
669 4567 698 4622 S.
720 4567 944 4638 Hieronymidi·
997 4581 1153 4648 personam
1177 4567 1324 4691 {ererum
1347 4570 1431 4640 quasi
1455 4574 1533 4628 istud
1550 4573 1739 4643 alphabetum
1755 4597 1812 4638 non

121 4637 218 4692 versis
233 4637 306 4694 locis
322 4638 423 4708 positae
438 4639 473 4692 ad
490 4637 594 4693 ultima
604 4637 734 4709 capitula
762 4637 828 4692 libri
839 4638 944 4694 Esther
998 4641 1109 4692 auctori
1125 4654 1177 4709 pro
1191 4654 1236 4706 ogi
1259 4654 1309 4695 seu
1335 4640 1527 4699 additamenti
1552 4646 1741 4719 tribueretur,
1762 4655 1814 4711 sed

116 4707 288 4765 nullatenus
303 4709 479 4764 conveniunt
495 4726 562 4765 euin
578 4710 778 4765 additamento
794 4710 942 4765 Praelatio·
997 4708 1033 4762 ab
1047 4706 1112 4763 aliis
1129 4709 1274 4764 diceretur
1297 4712 1476 4835 appositum.
1503 4715 1554 4772 Hie
1567 4718 1663 4775 verbis
1677 4722 1814 4782 refellun-

117 4780 182 4846 nis;
199 4781 248 4835 sed
266 4796 361 4851 neque
376 4782 507 4849 ejusdem
524 4779 592 4836 libri
609 4786 778 4848 contextus3
805 4797 872 4837 nam
890 4798 941 4836 au·
997 4778 1108 4862 tarqui
1125 4785 1266 4852 putarunt
1280 4785 1312 4864 ta
1323 4798 1338 4837 e
1353 4783 1541 4865 alphabetum
1568 4795 1701 4849 notatum
1722 4795 1816 4855 luisse

120 4855 186 4906 ctor
200 4850 392 4908 additamenti
406 4850 545 4908 lectorem
561 4853 869 4923 monetjuxtsiriorem
888 4852 942 4908 Ha·
997 4851 1033 4905 ab
1048 4855 1236 4922 Hieronymo,
1251 4856 1280 4907 et
1294 4852 1399 4911 litteris
1415 4857 1534 4927 quidem
1554 4859 1705 4920 Hebraicis
1720 4882 1815 4940 usque

118 4921 255 4978 braiaum
285 4923 418 4978 ordinem
435 4940 466 4979 sa
481 4940 546 4979 esse
569 4930 704 4981 secutum
720 4923 809 4979 atium
824 4925 854 4978 in
870 4924 940 4996 Sep·
996 4922 1031 4978 ad
1051 4924 1124 4992 Tetti,
1140 4924 1218 4994 quod
1235 4929 1392 5006 utrumque
1407 4926 1514 4984 laisum
1538 4948 1604 4989 esse
1625 4937 1814 4997 manifestum

119 4993 942 5066 tungintaluterpretumeditione.Ecoutiailieronymus
997 5001 1053 5062 est,
1071 4999 1131 5050 tam
1148 5012 1182 5050 cx
1198 4995 1263 5051 istis
1277 4997 1460 5054 variantibus
1475 4999 1660 5076 lectionibus,
1676 5022 1765 5078 quam
1780 5026 1816 5069 ex

118 5067 225 5121 asserit
248 5065 407 5123 editionem
437 5067 522 5123 istam
549 5066 615 5124 libri
646 5067 750 5123 Esther
779 5083 851 5139 pura
876 5083 941 5123 esse
995 5064 1815 5152 iisqusanobispaulosuperiusdictaleguntur.Vl·

117 5136 292 5193 Hebraicam
330 5153 394 5210 que
416 5154 566 5209 nunquam
591 5139 622 5194 in
642 5139 784 5194 Hebraico
802 5144 939 5194 contextu
995 5137 1084 5193 deant
1099 5153 1175 5192 nuno
1191 5137 1326 5195 malevoli
1343 5140 1396 5209 illi,
1413 5143 1463 5215 qui
1479 5144 1567 5201 lidsrn
1590 5151 1813 5211 mescodicum

116 5207 199 5265 edita
234 5182 940 5266 erbibentnriProindelntaudumvideturulti-
995 5208 1111 5279 maguis
1139 5209 1285 5292 interdum
1312 5210 1491 5271 clamoribus
1519 5217 1631 5274 elevare
1659 5229 1813 5293 conantur,

117 5295 201 5337 mam
213 5225 330 5364 l’mlogi
354 5285 466 5353 partem
483 5282 687 5337 ascribendam
712 5297 776 5337 esse
789 5281 940 5353 incognito
994 5288 1106 5350 quanto
1122 5278 1195 5336 lucis
1210 5281 1410 5363 emolumento
1424 5292 1542 5342 careant
1564 5289 1730 5350 invidorum
1757 5313 1814 5353 nia·

117 5352 238 5408 cuidam
262 5353 410 5423 scriptori,
459 5352 488 5409 ui
513 5353 542 5408 iii
559 5370 613 5409 sua
628 5354 756 5409 editione
779 5353 880 5409 Latina
902 5354 939 5409 ad
994 5352 1049 5406 uie
1066 5368 1072 5405 :
1090 5358 1236 5436 quantum
1257 5370 1286 5408 in
1308 5358 1456 5413 contrario
1481 5356 1555 5415 lucis
1573 5366 1601 5417 at
1623 5364 1752 5422 scientie
1767 5385 1816 5425 ac·

115 5423 234 5480 codices
249 5423 364 5481 Grecos
387 5369 459 5480 qu
486 5426 680 5497 lntcrpretum
696 5424 842 5480 elaborata
859 5425 938 5481 ordi·
993 5429 1106 5479 crescat
1121 5424 1250 5506 sudicsis
1264 5427 1414 5497 omnibus,
1429 5431 1663 5506 venerandaeque
1684 5439 1814 5514 antiqui·

115 5510 186 5553 nem
208 5495 337 5553 historia
352 5496 502 5554 Hebraiea
524 5502 708 5570 sequeretur.
724 5497 806 5563 Quod
822 5497 864 5553 ita
877 5499 938 5570 pri·
992 5496 1061 5552 tatis
1076 5498 1282 5553 assertoribus.
1300 5498 1394 5555 Maur.
