3878 6150
472 328 578 382 LIBER
597 327 701 380 ISAIAE
722 324 930 378 tuorum.

87 451 117 504 et
130 463 283 522 quercum,
685 452 712 517 Α
727 447 780 513 Qui
796 446 861 502 dico
877 445 948 519 Cyro
965 450 1090 506 :Pastor
1106 465 1189 506 meos
1201 464 1246 519 es,

95 518 173 575 intur
186 517 268 591 ligna
282 517 376 577 saltus
391 537 398 577 :
762 524 791 574 et
804 534 922 574 omnem
939 518 1118 576 voluntatem
1137 537 1232 578 meam
1248 522 1419 596 complebis.

86 607 121 660 n,
136 608 225 675 quam
243 592 341 663 piuvia
360 593 492 664 nutrivit,
726 591 779 657 Qui
795 590 860 646 dico
874 589 1038 647 Jerusalem
1055 608 1062 649 :
1077 591 1280 652 AEditioabaris

85 663 244 719 rominibos
261 664 289 716 in
307 664 415 720 iocum.
761 667 789 717 et
803 661 873 717 Tem
898 661 924 718 io
940 677 947 718 :
964 663 1154 720 Fundabcris.

86 777 91 802 ,
109 742 138 791 at
152 735 312 817 caiotactus
326 742 371 793 eat
385 752 392 793 :
724 734 805 817 (Cup
818 679 917 805 ittig.)
931 732 997 790 Haec
1015 735 1086 817 dicit
1101 735 1245 793 Dominus
1259 736 1369 797 christo
1384 754 1449 799 meo
1463 741 1547 816 Cyro.

86 813 133 873 ‚et
148 813 225 863 coxit
240 822 330 877 panas
347 824 354 863 :
760 820 845 875 copus
866 806 1045 876 apprehendi
1071 810 1230 877 dexteram,
1246 815 1280 866 ut
1302 811 1457 884 subjiciam
1480 818 1549 873 autc

86 894 132 934 am
147 883 284 951 operatus
299 884 344 934 est
359 879 458 947 doum,
472 882 501 933 at
515 878 645 935 adoravit
661 892 668 930 ι
796 875 898 932 taciem
914 877 978 946 ejus
989 881 1103 950 gantas,
1196 936 1199 941 ,

86 951 153 1017 vtile,
169 957 198 1007 at
213 956 352 1008 curvatus
370 956 415 1007 cst
430 956 497 1008 anta
512 949 596 1006 iilud.
759 956 788 1003 et
803 948 890 1003 dorsa
906 963 1007 1020 regum
1023 956 1144 1022 vertam,

87 1022 236 1079 ambussit
251 1021 322 1094 igni,
725 1020 758 1075 iit
772 1018 902 1092 aporiam
918 1035 1016 1077 coram
1031 1036 1064 1078 eo
1077 1023 1194 1093 januas,

85 1095 150 1166 cius
166 1109 268 1151 carnes
283 1094 410 1150 cotnedit
427 1113 433 1152 :
759 1098 788 1146 et
804 1097 893 1162 porto
908 1107 966 1147 non
982 1090 1170 1151 claudentur.

85 1182 139 1238 rm,
155 1171 183 1223 st
197 1171 350 1222 saturatus
365 1171 419 1234 est,
725 1165 783 1235 Ego
799 1167 866 1219 anto
880 1167 908 1218 te
923 1163 970 1219 ibo
986 1180 994 1219 :

95 1245 151 1307 est,
167 1242 197 1294 et
211 1237 285 1293 dixit
302 1255 308 1293 :
759 1239 787 1290 et
801 1232 945 1306 gloriosos
958 1239 1042 1292 terra
1058 1234 1220 1294 humiliabo
1238 1252 1244 1293 :

86 1326 97 1368 s
111 1326 190 1378 aum,
723 1307 825 1362 Portas
839 1320 928 1362 araas
944 1310 1104 1374 conteram,

759 1384 787 1434 et
802 1382 898 1433 vectes
913 1378 1021 1435 ferreos
1032 1379 1228 1453 confringam.

86 1467 112 1507 m
127 1450 192 1522 ejus
209 1451 296 1507 doum
315 1450 383 1507 iecit
723 1453 758 1505 Et
772 1450 848 1506 dabo
863 1449 918 1504 tibi
933 1449 1088 1508 thesauros
1103 1450 1304 1526 absconditos,

87 1522 129 1578 ibi
145 1538 152 1578 :
759 1526 789 1576 et
800 1536 907 1578 arcana
922 1526 1101 1580 sacratorum
1118 1541 1125 1579 :

86 1593 168 1663 iilud,
760 1598 793 1649 ut
817 1592 905 1660 scias,
921 1593 993 1664 quia
1015 1610 1069 1668 ego
1098 1595 1254 1667 Dominus,
1269 1600 1319 1671 qui
1344 1615 1413 1659 voco
1442 1616 1549 1659 nomen
1575 1644 1580 1653 .

86 1669 123 1735 id,
794 1668 890 1734 tuum,
907 1663 984 1722 Deus
999 1664 1098 1735 israel,

86 1738 206 1794 dicens:
724 1737 846 1808 Propior
860 1750 977 1791 servum
993 1752 1093 1794 mcum
1110 1740 1211 1815 Jacob,

759 1814 788 1863 et
803 1806 891 1864 lsrael
906 1807 1033 1865 eiectum
1046 1826 1156 1882 meum,

86 1895 139 1937 aus
154 1894 185 1936 es
202 1883 246 1934 to.
725 1882 759 1934 Et
772 1879 870 1935 vocavi
887 1887 913 1935 te
928 1880 958 1935 in
974 1882 1094 1939 nomine
1110 1890 1160 1941 tuo
1177 1901 1184 1940 ε

86 1967 141 2025 que
155 1950 365 2006 intellexerunt
382 1968 389 2006 :
760 1949 921 2007 assimilavi
937 1957 977 2019 ta,
991 1958 1022 2009 at
1036 1969 1094 2009 non
1109 1955 1271 2029 cognovisti
1286 1974 1343 2016 me.

86 2028 144 2079 mut
159 2038 195 2078 ne
211 2023 330 2079 videant
344 2021 421 2079 oculi
436 2038 537 2079 eorum
725 2023 783 2095 Ego
800 2023 953 2090 Dominus,
969 2027 998 2079 at
1013 2041 1071 2081 non
1086 2032 1132 2083 est
1148 2028 1275 2100 amplius
1285 2030 1315 2086 ¹:

86 2099 141 2161 :aut
156 2093 242 2150 cordo
257 2111 321 2152 suo.
760 2100 842 2151 extra
854 2110 901 2149 ma
917 2111 976 2151 non
990 2100 1036 2152 est
1050 2096 1127 2155 Deus
1143 2115 1149 2154 :

107 2166 136 2222 in
162 2173 260 2221 menta
279 2183 341 2238 sua,
359 2182 454 2239 nequo
478 2169 668 2240 cognoscunt,
724 2166 843 2222 Accinxi
859 2174 896 2233 te,
910 2172 939 2223 ot
954 2182 1011 2225 non
1027 2183 1060 2224 oo
1083 2169 1190 2227 novisti
1206 2185 1275 2227 me:

92 2242 133 2306 nt,
149 2244 181 2293 ut
195 2237 317 2322 dicant:
344 2309 350 2320 Ι
760 2238 797 2294 Ut
811 2237 906 2293 sciant
930 2237 971 2308 hi,
988 2184 1090 2311 quid>
1112 2247 1178 2300 ortu
1194 2242 1277 2313 sotis,
1292 2246 1323 2300 et
1336 2242 1387 2317 qui
1413 2242 1452 2299 ab
1474 2241 1550 2302 occi·

85 2328 109 2366 rs
124 2311 275 2366 combussi
290 2326 363 2383 igni,
796 2311 894 2377 dente,

86 2383 248 2439 ·oarbones
263 2383 328 2454 ejus
344 2397 436 2454 panos
452 2396 460 2438 :
760 2381 897 2452 quoniam
914 2380 1087 2455 absque-mo
1102 2401 1159 2442 nou
1175 2394 1229 2444 est.

88 2453 213 2519 comedi,
724 2455 784 2525 Ego
799 2453 954 2518 Dominus,

100 2527 165 2582 c'us
181 2525 291 2581 idolum
308 2522 435 2580 faciam?
760 2529 789 2578 et
804 2541 862 2581 non
878 2529 923 2579 est
934 2522 1018 2592 alter,

86 2615 100 2654 u
128 2596 187 2670 igni
203 2596 376 2670 procidam?
761 2595 892 2652 formans
908 2594 1014 2665 iucem,

99 2676 145 2727 est
162 2685 169 2724 ι
760 2672 789 2722 et
803 2683 905 2723 creans
919 2666 1067 2735 tenebras,

86 2741 233 2798 vadoravit
249 2738 332 2804 itimi,
760 2739 870 2794 taciens
886 2752 1001 2811 pacem,

91 2813 134 2869 bit
148 2811 276 2868 animam
292 2826 388 2876 suam,
404 2825 500 2881 neque
516 2808 615 2866 dicct:
759 2818 788 2866 et
803 2826 907 2865 creans
923 2808 1034 2865 malum
1050 2824 1058 2864 :

86 2884 168 2940 ‚aium
184 2888 229 2940 est
244 2883 273 2937 in
289 2882 391 2936 dextra
406 2897 479 2937 mea.
759 2898 812 2954 ogo
829 2881 971 2936 Dominus
986 2879 1097 2937 iaciens
1112 2881 1213 2939 omnia
1228 2882 1299 2941 hec.

86 2973 125 3025 m,
142 2956 242 3023 Jacob,
258 2958 288 3008 et
304 2954 404 3020 lsrael,
725 2955 841 3021 Rorato,
857 2951 933 3022 coeii,
951 2953 1088 3026 desuper,

86 3045 139 3085 vus
155 3043 238 3084 meus
253 3042 284 3082 cs
298 3031 340 3081 tu.
759 3030 788 3082 ot
803 3024 896 3081 nubes
911 3022 1017 3097 pluant
1026 3027 1142 3098 justum
1159 3043 1167 3083 :

726 3096 878 3169 Aperiatur
893 3101 981 3164 terra,

99 3187 131 3227 cs
146 3168 301 3239 tu,1sraci,
687 3199 709 3267 c
763 3174 792 3224 at
806 3168 951 3240 germinet
963 3165 1163 3225 salvatorem:

86 3243 172 3298 sceris
185 3240 241 3313 (at.
259 3256 295 3295 no
310 3237 505 3308 obliviscaris)
521 3238 587 3295 mei.
729 3239 762 3294 at
771 3239 889 3333 p'ustitia
903 3239 1014 3295 oriatur
1028 3237 1118 3295 simul
1135 3255 1142 3294 :

86 3330 122 3368 un
138 3312 309 3385 iniquitates
324 3316 402 3378 tuas,
763 3313 823 3384 bgo
838 3311 984 3368 Dominus
998 3310 1093 3367 creavi
1108 3326 1187 3368 oum.

91 3387 168 3441 uiam
182 3390 300 3458 peccata
316 3389 388 3440 tua:
727 3383 776 3440 Vua
792 3383 844 3456 qui
859 3380 1034 3439 contradicit
1049 3383 1143 3438 iictori
1159 3385 1233 3442 suot

97 3473 153 3522 me,
764 3461 842 3512 testa
857 3455 893 3512 de
905 3454 1012 3511 Samiis
1026 3459 1126 3523 terrae;

86 3528 153 3585 tami
169 3531 207 3583 te.
728 3526 864 3599 Nunqnid
882 3527 959 3583 dicet
975 3524 1070 3582 lutum
1086 3524 1176 3599 iiguio
1192 3545 1246 3585 suo
1263 3547 1270 3586 :
1286 3530 1360 3595 Quid
1375 3530 1472 3590 iacis?

764 3605 793 3655 et
807 3615 882 3671 opus
896 3604 981 3654 tuum
997 3598 1049 3655 abs
1073 3614 1108 3653 no
1124 3601 1261 3658 manibus
1276 3602 1341 3660 eat?

86 3672 112 3727 ‚it
126 3669 268 3727 Dominus
280 3673 299 3723 ¹.
728 3671 776 3726 Vae
792 3672 842 3743 qrri
860 3672 931 3726 dicit
944 3669 1044 3742 patri:
1086 3669 1134 3726 uid
1150 3672 1296 3741 generas?

86 3760 138 3798 ma
152 3747 251 3798 terrm:
765 3748 792 3797 et
809 3742 925 3797 mulieri
940 3758 947 3796 :
963 3741 1037 3805 Quid
1054 3742 1209 3814 parturis?

86 3820 177 3877 antus,
194 3811 403 3880 laudationem,
729 3821 795 3871 Hac
811 3814 882 3869 dicit
896 3812 1036 3869 Dominus
1051 3818 1172 3870 saucius
1185 3814 1286 3886 Israel,

91 3903 126 3941 ne
140 3885 253 3957 lignum
269 3885 354 3954 ejus:
766 3886 876 3958 piaatea
892 3885 956 3956 ejus
973 3899 979 3937 :

86 3958 169 4014 lemit
184 3955 326 4012 Dominus
339 3954 440 4022 Jacob,
730 3958 861 4014 Ventura
875 3956 1053 4027 interrogate
1067 3971 1126 4026 me,

87 4029 219 4085 riabitur.
730 4036 823 4101 Super
838 4027 914 4084 filius
932 4041 1023 4095 meos,

86 4101 161 4157 vinus
176 4100 343 4169 redemptor
359 4101 441 4164 tuus,
766 4107 796 4157 et
810 4116 900 4183 super
914 4115 988 4170 opus
1003 4115 1144 4156 manuum
1157 4113 1289 4157 mearum
1301 4103 1438 4160 mandata
1451 4101 1525 4160 mihi
1535 4103 1557 4159 ⁸.

87 4186 157 4229 tuus
172 4188 207 4228 ox
222 4177 303 4226 utero
320 4189 327 4226 ι
732 4174 791 4246 Ego
807 4174 861 4228 ioci
876 4176 996 4236 terram,

87 4245 165 4313 inus,
181 4243 291 4298 iaciens
306 4240 415 4312 omnia,
768 4250 797 4299 et
813 4242 964 4299 hominem
980 4258 1070 4312 super
1084 4258 1149 4298 eam
1164 4242 1259 4300 creavi
1274 4260 1328 4318 ego
1344 4262 1351 4302 ε

86 4316 153 4372 atos
168 4317 261 4382 sotus,
734 4316 840 4372 Manus
857 4330 927 4369 meu
943 4313 1130 4370 tetenderunt
1143 4314 1243 4381 coeloa,

88 4403 176 4454 rrum,
193 4392 221 4442 ot
236 4383 336 4440 nullus
352 4400 477 4440 mecum.
770 4393 798 4444 ot
814 4387 895 4443 omni
911 4385 1021 4442 miiitiae
1036 4401 1138 4441 eorum
1155 4386 1301 4443 mandavi.

86 4459 165 4523 sigua
182 4459 360 4520 divinorum,
734 4459 794 4533 Ego
809 4458 946 4515 suscitavi
963 4474 1030 4514 com
1047 4458 1257 4529 adjustitiam,

107 4533 234 4587 iurarem
250 4532 376 4584 vertens.
771 4536 800 4587 et
814 4546 917 4587 omnes
932 4528 994 4585 vias
1009 4529 1074 4600 ejus
1089 4529 1212 4602 dirigam
1231 4549 1238 4586 :

86 4603 192 4669 piantes
209 4606 371 4657 retrorsum
388 4616 396 4659 ς
696 4575 719 4640 D
737 4603 802 4676 lpse
819 4601 975 4657 edificabit
989 4601 1137 4656 civitatem
1155 4618 1262 4670 meam,

86 4697 89 4731 ι
105 4691 207 4731 eorum
223 4674 344 4729 stultam
360 4669 478 4727 iaciens.
772 4679 800 4731 at
815 4673 1013 4746 captivitatem
1029 4688 1124 4727 ntenm
1140 4673 1292 4730 dimittet:

86 4764 146 4803 ›urn
163 4745 236 4802 servi
252 4744 309 4808 sui,
737 4747 800 4802 Non
816 4746 845 4801 in
882 4744 965 4815 retio,
981 4761 1018 4800 ne
1042 4760 1076 4799 ue
1091 4745 1119 4800 in
1137 4745 1310 4802 muneribus

86 4837 93 4874 ι
110 4819 283 4898 ιιυηῐίοτυιηι
296 4829 416 4896 auorum
433 4812 599 4886 complens3
774 4816 846 4872 dicit
860 4762 1004 4898 Dominus
1019 4760 1097 4872 Deus
1112 4817 1166 4888 (At.
1183 4822 1255 4874 tucet
1270 4816 1357 4885 Deus)
1372 4816 1563 4875 exarcituum.

86 4890 171 4946 salem
189 4907 195 4944 z
211 4888 412 4952 Habitabervs3
739 4889 804 4945 Hac
818 4888 890 4944 dicit
904 4887 1047 4944 Dominus
1063 4903 1070 4943 ι

85 4979 109 5018 rs
122 4963 137 5019 J
144 4962 201 5017 uda
217 4977 224 5014 :
241 4955 477 5027 AEdificabimini‚
741 4961 835 5017 Labor
852 4960 975 5032 AEgypti,
991 4962 1020 5015 et
1040 4958 1194 5030 negotiatio
1218 4958 1381 5034 AEthiopie,
1396 4964 1426 5018 et
1446 4957 1565 5018 Sabaim

86 5035 136 5105 jas
152 5032 301 5088 suscitabo
317 5046 324 5086 ε
777 5033 830 5088 viri
845 5032 989 5087 subtimes
1004 5031 1039 5087 ad
1056 5035 1085 5085 to
1099 5030 1280 5101 transibunt,
1296 5038 1325 5090 et
1344 5032 1511 5090 tuterunt:

85 5107 163 5162 undo
179 5130 187 5163 ι
206 5102 350 5167 Desoiare,
741 5105 811 5160 Post
825 5108 853 5159 te
868 5101 1073 5169 ambulabunt,

86 5195 129 5234 ‚ua
146 5175 314 5232 arciaoiam.
778 5175 867 5231 vincti
881 5173 1006 5231 manicis
1020 5175 1142 5247 pergent
1157 5190 1164 5230 :

90 5336 106 5375 o
121 5323 217 5373 Canon
235 5314 381 5372 tiebraicae
391 5311 533 5377 veritatis,
545 5328 578 5368 ac
593 5315 690 5370 textus
744 5318 833 5375 habet
847 5315 977 5389 amptius.
994 5315 1089 5372 Maur.

86 5389 257 5445 omentoriis
288 5383 689 5466 Hieronymianis.1·tliico-
780 5389 907 5444 -ldem
935 5387 1114 5458 msaiiiqne
1160 5385 1571 5460 consummazouuapro

86 5463 178 5518 tinent
197 5478 231 5516 ex
248 5461 324 5514 LXX
339 5458 461 5513 verbum
478 5457 689 5536 irriseracordiae,
746 5461 967 5533 ornptiur‚uuod
983 5465 1026 5516 est
1040 5460 1126 5529 juxta
1139 5404 1227 5515 fiebr.
1244 5467 1304 5524 *itt-
1320 5458 1474 5532 Conser,si
1488 5458 1572 5528 libat,

86 5533 247 5592 tricordiom
273 5530 354 5604 tecit,
379 5532 455 5595 sive,
483 5537 613 5583 aavacrtur
641 5538 690 5586 eat.
747 5531 1017 5590 commentariosin
1035 5530 1236 5587 hunclocum.

784 5607 794 5640 ³
812 5605 940 5660 truncate
964 5603 1043 5669 miti,
1064 5607 1194 5660 canones
1216 5619 1250 5658 ac
1274 5619 1346 5659 msa.
1362 5602 1477 5675 legunt,
1491 5617 1576 5659 cnon

86 5679 141 5732 »ent
155 5673 275 5730 Palatia.
288 5690 343 5729 ms.
356 5675 384 5727 et
395 5669 514 5738 Vulgati
529 5669 596 5727 libri
607 5672 694 5743 juxta
748 5676 834 5732 doctis
848 5677 918 5731 mibi
932 5693 942 5730 .·
956 5676 1005 5732 sed
1025 5675 1155 5733 mandute
1177 5675 1363 5731 retinendum
1387 5679 1442 5743 cet,
1458 5676 1491 5731 ut
1506 5689 1575 5747 pro·

86 5766 118 5804 :m
130 5744 349 5804 miscricordiam
365 5742 443 5817 sevit,
459 5749 515 5826 tic·
751 5750 822 5804 bant
852 5748 1138 5805 Commentariorum
1180 5747 1352 5822 Hieronymi
1387 5743 1593 5820 exemptum

89 5836 130 5876 aa.
150 5825 285 5875 veteres:
303 5819 363 5889 Epo
386 5816 695 5880 comtempserat
751 5820 846 5879 Matar.

86 5906 133 5949 von
154 5894 194 5949 cst
216 5888 347 5962 amptius.
363 5886 461 5945 Canon
482 5886 578 5961 prima
601 5892 693 5947 mana
