3870 6120
186 287 246 351 189

94 396 95 400 Ἰ
185 421 365 503 phetarum,
395 438 466 482 cum
495 424 617 478 tantum
646 414 724 477 colis
750 415 847 477 libros
884 414 1045 483 Foruli-A

184 539 344 603 pomenon
386 518 551 579 divisisset.
594 520 696 585 Quare
742 514 891 576 lectorem
943 532 1008 575 non

185 617 375 700 praemonuit
401 615 642 677 Praelatlonibus
668 614 701 675 in
717 612 880 674 volumina
902 613 1007 673 llisto·

185 717 249 779 rica
262 720 358 777 Josue
373 719 405 776 et
424 714 702 793 Paralipomenon,
732 729 772 772 ne
800 711 943 772 crederet
969 728 1008 770 ex

182 833 241 877 sna
255 814 397 877 colorum
425 812 636 887 distinctione,
663 815 762 872 metra
790 827 858 871 esse
885 808 916 868 in
946 807 1008 868 illis

182 912 271 974 libris
298 931 305 973 :
335 911 417 972 sicut
443 928 552 973 revera
580 910 667 970 illam
706 907 887 987 opinionem
916 904 1008 966 docet

182 1028 251 1073 csse
267 1010 506 1091 precavendam
520 1008 553 1069 in
577 1007 666 1069 libris
689 1004 882 1086 propheticis
899 1021 906 1077 ;
933 1019 1008 1082 qnia

183 1127 240 1190 per
268 1108 339 1171 cola
359 1112 391 1169 et
417 1112 576 1170 commata
600 1104 749 1185 descripti
783 1102 919 1183 speciem
949 1100 1008 1162 ha·

182 1209 259 1272 bent
286 1208 424 1270 metricas
452 1203 699 1286 compositionis.
728 1202 804 1275 Ques
833 1208 868 1263 ut
909 1199 1008 1262 oculis

184 1306 326 1369 omnium
354 1310 521 1386 perspecta
546 1303 609 1364 sint
641 1308 672 1363 et
711 1300 888 1372 manifesta,
928 1315 1009 1358 non·

183 1404 289 1466 nullas
315 1403 498 1476 sententias,
537 1406 605 1462 turn
646 1418 683 1460 ex
732 1396 911 1478 Prophetis,
941 1401 1025 1461 tum,

184 1519 223 1564 ex
250 1499 510 1580 Paralipomenis,
540 1496 592 1560 hic
630 1496 692 1558 loci
732 1493 907 1557 describere
945 1509 1009 1553 non

184 1599 352 1680 gravabor.
385 1597 561 1677 sicigitur
589 1614 645 1676 per
672 1593 742 1656 cola
779 1599 811 1655 et
850 1594 1009 1653 commata

184 1696 339 1761 edidimus
362 1699 530 1775 sequentes
558 1693 646 1756 lsaiae
674 1691 838 1774 prophete
881 1693 1008 1751 senten-

185 1794 245 1857 tias
270 1794 336 1856 sive
366 1794 514 1877 periodos
528 1811 598 1873 cap.
614 1809 649 1853 1:

223 1916 339 1987 Audita,
356 1917 431 1986 eceli,
446 1921 475 1975 et
490 1917 612 1974 auribus
628 1915 753 1990 percipe,
769 1917 858 1985 terra,

248 1990 399 2073 'quonism
414 1990 558 2073 llominns
568 1988 683 2071 loeutus
698 1990 753 2044 est.

224 2060 313 2118 Filios
328 2067 505 2129 enutr1v1,et
519 2059 641 2118 exaltavi
659 2077 666 2115 ε

261 2132 318 2205 ipsi
334 2137 433 2189 autam
449 2135 622 2205 spreverunt
637 2146 694 2187 me.

223 2202 363 2276 Cognovit
377 2205 430 2261 bos
443 2219 648 2276 possessorum
662 2216 762 2267 suum,

259 2280 289 2330 et
302 2275 404 2331 asinus
421 2292 550 2348 presepe
564 2273 677 2330 domini
691 2275 737 2329 sui
753 2288 760 2328 ε

221 2347 310 2403 lsrael
326 2351 424 2404 autem
439 2364 496 2404 non
512 2346 660 2420 cognovit,

257 2418 385 2492 populus
398 2435 481 2476 meus
491 2435 549 2476 non
564 2415 717 2475 intellexit.

224 2543 337 2606 Modus
372 2543 423 2605 hic
465 2543 625 2606 dividendi
667 2543 850 2603 contextum
884 2554 1008 2599 sacrum

186 2640 424 2720 prophetarum,
441 2640 520 2703 nihil
542 2640 648 2701 differt
662 2637 703 2700 ab
729 2655 778 2709 eo,
808 2653 872 2715 quo
891 2632 1011 2697 Psalmi

185 2738 334 2818 descripti
361 2739 490 2801 suntin
522 2735 758 2817 exemplaribus
785 2732 921 2796 canonis
948 2734 1010 2793 lle·

64 2906 68 2913 ,
184 2834 300 2899 braiose
334 2837 474 2899 veritatis
501 2853 509 2898 ε
538 2855 612 2897 nam
642 2834 769 2897 Psalmo
803 2848 888 2894 nono
923 2827 1011 2891 verbi

185 2933 289 3012 gratia
330 2933 464 2996 similem
500 2934 598 2996 habes
640 2948 788 2994 versuum
835 2926 1009 2991 distinctio·

185 3047 270 3092 nam.

220 3153 386 3211 Confitebor
400 3153 525 3210 Domino
541 3155 570 3209 in
585 3158 647 3210 toto
662 3154 750 3211 eorde
763 3168 839 3222 meo,

255 3227 381 3282 narrabo
396 3226 497 3282 omnia
509 3225 657 3282 mirabilia
670 3231 732 3282 tua.

220 3295 350 3353 Latabor
364 3303 393 3353 et
407 3298 539 3371 gaudebo
554 3297 584 3352 in
599 3302 639 3364 ta,

254 3383 359 3424 canam
375 3368 486 3425 nomini
501 3372 563 3452 tuo,
578 3368 739 3424 altissima.

219 3438 291 3496 Cum
303 3440 462 3496 ceciderint
475 3439 588 3495 inimici
604 3440 661 3495 mei
677 3444 849 3508 retrorsum,

255 3512 419 3567 corruerint
433 3518 461 3568 ct
497 3511 617 3568 arlerint
632 3527 649 3567 a
664 3510 737 3567 lucie
753 3516 814 3566 tua.

219 3581 322 3638 Fecisti
339 3583 416 3638 enim
428 3584 462 3654 Ju
487 3583 575 3638 icium
593 3599 691 3639 meum
707 3587 734 3638 et
749 3598 870 3638 causam
900 3597 1007 3649 meam,

253 3654 356 3711 sedisti
370 3671 460 3727 super
473 3653 580 3710 solium
592 3655 684 3724 judex
692 3653 828 3726 justitie.

221 3780 451 3860 Prophetarum
481 3780 587 3858 itaque
616 3786 648 3841 ot
670 3781 870 3842 Psalmorum
895 3780 1008 3842 descri-

769 278 931 343 paruuli
953 274 1304 341 BENEDIG'l'lNOllUM

1831 274 1894 338 140

1095 409 1230 468 Mesraim
1261 424 1329 464 vero
1358 408 1461 479 genuit
1488 407 1604 474 Ludim,
1632 412 1662 463 et
1690 410 1836 476 Anamirn,
1861 413 1891 466 at

1135 482 1265 553 laabim,
1281 485 1309 536 et
1323 479 1495 552 Nephtulm,
1523 478 1688 535 Phetrusim
1717 496 1834 562 quoque
1862 486 1891 539 et

1133 552 1284 610 Gssluim:
1301 552 1337 607 de
1352 551 1461 623 quibus
1474 549 1585 625 egressi
1601 555 1672 608 sunt
1687 551 1848 625 Philistim,
1861 558 1891 611 et

1131 624 1311 699 Gaphtorim.

1103 753 1202 825 Quam
1231 750 1355 811 diversa
1381 751 1421 812 sit
1448 750 1509 812 ista
1538 749 1697 813 distinctio
1721 770 1779 834 per
1818 752 1890 815 cola

1061 868 1209 912 veranum
1239 849 1278 910 ab
1307 867 1356 922 ea,
1373 868 1444 929 quae
1460 848 1496 910 lit
1521 868 1579 930 per
1593 849 1663 912 cola
1677 856 1709 912 et
1723 858 1886 916 commata

978 1001 985 1016 ,
1062 967 1154 1009 nemo
1182 947 1322 1028 prudens
1349 967 1387 1009 ex
1414 949 1584 1028 propositis
1616 950 1769 1029 exemplis
1810 969 1883 1030 per·

1060 1053 1204 1126 spectum
1234 1045 1328 1107 modo
1343 1045 1460 1108 habere
1476 1066 1538 1109 non
1554 1052 1668 1126 potest.
1697 1048 1772 1117 Quis
1799 1049 1885 1111 enim

1062 1141 1121 1203 albi
1151 1142 1341 1216 persuadere
1370 1141 1517 1223 patietur,
1548 1144 1618 1205 cola
1654 1144 1686 1204 in
1723 1144 1889 1224 Paralipo-

1064 1238 1164 1300 menis
1193 1238 1361 1318 descripta,
1400 1239 1536 1318 speciem
1564 1240 1713 1320 praeferre
1748 1241 1888 1303 metricae

1062 1336 1227 1416 cujusdam
1257 1336 1525 1415 compositionis?
1553 1339 1690 1399 llcontra
1718 1339 1789 1419 quis
1814 1338 1889 1399 intl-

1062 1435 1127 1496 ciss
1168 1434 1238 1510 ibit,
1281 1434 1514 1498 distinctionem
1557 1436 1786 1516 prophetarum
1831 1455 1887 1517 per

1063 1531 1134 1594 cola
1158 1536 1190 1593 et
1213 1538 1372 1594 commata
1399 1533 1532 1594 similem
1560 1551 1627 1595 esse
1656 1534 1792 1596 metricis
1832 1534 1887 1595 de·

1063 1629 1323 1710 scriptionibus?
1350 1632 1387 1691 In
1411 1649 1449 1692 ea
1476 1630 1676 1695 distinctione
1717 1631 1888 1694 versiculo-

1065 1746 1133 1789 rum
1164 1728 1282 1789 diceres
1301 1728 1477 1809 Prophetas
1500 1730 1666 1792 decurrere
1692 1729 1887 1792 hexametris

1065 1830 1096 1888 et
1136 1826 1352 1906 pentametris,
1395 1825 1469 1889 lieet
1509 1846 1605 1907 prosa
1640 1834 1672 1889 et
1696 1847 1759 1891 non
1794 1847 1886 1890 versu

1065 1923 1235 2004 conscripti
1262 1923 1334 1985 sint.
1365 1925 1609 2006 Paralipomena
1649 1943 1724 1989 vero
1766 1925 1886 1989 nullam

1065 2019 1184 2082 habent
1209 2021 1379 2101 imaginem
1396 2022 1570 2085 hexametri
1598 2032 1654 2085 aut
1682 2022 1886 2103 pentametri,

965 2192 967 2196 ι
1065 2116 1120 2177 sed
1148 2117 1245 2178 solius
1274 2118 1425 2180 orationis
1450 2137 1507 2199 per
1534 2119 1676 2181 membra
1698 2120 1819 2193 divisae,
1855 2119 1888 2181 id

1065 2221 1112 2276 est
1140 2234 1196 2295 per
1224 2235 1296 2280 suas
1316 2215 1465 2293 περικοπὰς
1493 2223 1525 2280 et
1552 2219 1701 2281 circuiuts
1716 2219 1885 2281 distinctas.

1065 2307 1148 2384 Ergo
1176 2305 1252 2367 colis
1279 2311 1401 2368 tantum
1430 2307 1705 2388 Paralipomenon,
1735 2313 1766 2369 et
1794 2308 1888 2371 losue

1064 2403 1162 2465 libros
1202 2403 1346 2467 distinxit
1379 2405 1599 2488 Hieronymus,
1650 2425 1722 2469 cum
1778 2424 1888 2469 omnes

1064 2500 1237 2580 prophetas
1252 2521 1308 2583 per
1335 2503 1406 2564 cola
1432 2509 1463 2564 et
1490 2509 1649 2566 commeta
1676 2503 1887 2585 descripserit,

1065 2605 1100 2658 nt
1127 2600 1194 2679 ipse
1223 2599 1315 2662 fidem
1345 2602 1422 2662 lacit
1451 2602 1481 2662 ln
1516 2603 1580 2663 suis
1621 2599 1885 2664 Proelatinncnlis.

1065 2696 1153 2768 Quod
1195 2697 1404 2761 distinctionis
1446 2700 1563 2780 duplex
1610 2718 1710 2780 genus
1765 2698 1888 2761 lucilius

1063 2793 1230 2874 intelliges,
1255 2795 1281 2857 si
1308 2798 1433 2858 noveris
1457 2798 1567 2859 eadem
1609 2797 1771 2860 volumina
1808 2795 1887 2860 Scri·

1063 2894 1229 2969 pturarum
1271 2891 1481 2954 diversimode
1520 2894 1616 2957 luisse
1654 2901 1741 2956 secta
1773 2899 1804 2955 et
1831 2893 1887 2954 ds·

1064 2987 1182 3068 scripta
1209 2989 1241 3050 in
1267 2990 1363 3052 variis
1389 3009 1427 3053 sc
1450 2991 1581 3053 diversis
1606 3009 1681 3053 mss.
1715 2989 1886 3054 codicibus.

1064 3086 1172 3164 Neque
1213 3106 1288 3150 vero
1330 3088 1407 3150 eolis
1447 3096 1478 3150 et
1519 3089 1728 3152 commatibus
1768 3088 1888 3169 ubique

1023 3149 1230 3246 Castaneas
1270 3186 1430 3249 invenitur
1469 3187 1551 3250 liber
1590 3187 1672 3264 soar,
1717 3189 1765 3251 vu
1808 3187 1889 3249 mer

1062 3282 1261 3346 Psalmorum
1280 3287 1297 3361 ';
1321 3286 1377 3348 sed
1403 3304 1486 3348 nunc
1513 3304 1570 3367 per
1590 3303 1737 3349 versuum
1763 3286 1889 3365 integra

1062 3379 1145 3456 cola,
1180 3400 1264 3443 nunc
1293 3400 1349 3463 per
1375 3384 1445 3446 cola
1473 3391 1688 3458 etcommata,
1709 3383 1790 3445 sicut
1819 3383 1888 3445 uni·

1061 3478 1176 3557 cuique
1203 3480 1391 3560 scriptorum
1431 3487 1572 3544 veterum
1614 3481 1745 3563 placuit,
1774 3480 1891 3543 descri-

1062 3581 1133 3655 ptos
1158 3576 1252 3639 luisse
1279 3580 1358 3641 nulli
1386 3580 1517 3642 dubium
1545 3585 1602 3642 est.
1646 3578 1772 3640 Librum
1816 3578 1890 3642 lobi

1061 3691 1118 3754 per
1132 3673 1202 3736 cols
1216 3675 1358 3738 distinxit
1373 3696 1430 3739 ms.
1447 3677 1546 3739 codex
1576 3676 1759 3738 monasterii
1787 3675 1890 3739 nostri

1060 3772 1192 3851 Majoris
1220 3793 1319 3855 prope
1347 3781 1499 3850 Turones,
1531 3795 1625 3857 quem
1670 3794 1726 3856 per
1753 3776 1825 3838 cola
1855 3782 1889 3840 et

182 3875 260 3956 ptio,
290 3896 361 3938 cnm
390 3878 500 3939 eadam
530 3877 682 3938 fueritin
713 3896 795 3939 nova
823 3878 1006 3957 Hieronymi
1059 3878 1219 3934 commeta
1246 3874 1389 3937 dividunt
1415 3874 1608 3955 exemplaria
1650 3874 1711 3937 tria
1750 3874 1887 3937 Canonix

181 3974 388 4037 translatione
411 3994 449 4037 ax
475 3975 619 4051 Hebraeo,
651 3995 714 4037 non
738 3976 794 4038 abs
821 3995 854 4037 re
885 3977 1007 4039 monuit
1058 3969 1220 4032 Hssbrflissffi
1247 3973 1397 4048 veritalis.
1426 3975 1653 4036 Memmflssttlm
1688 3972 1769 4047 (³5⁰0,
1810 3973 1885 4035 ΟΜ·

180 4074 547 4136 sooner-pratariam
581 4074 614 4134 in
639 4074 764 4151 leriam,
782 4075 916 4155 nequis,
933 4094 1004 4138 cum
1058 4084 1257 4142 caesariense,
1312 4077 1343 4133 et
1395 4071 1686 4133 San-Germanense
1727 4077 1885 4133 nostrum·

178 4169 299 4231 videret
325 4173 500 4250 Prophetas
528 4170 669 4233 versibus
693 4171 878 4252 descriptos,
903 4178 1004 4236 metro
1058 4166 1133 4244 Cal)-
1163 4183 1198 4227 1¹1
1227 4167 1299 4228 libri
1323 4168 1383 4231 tob
1408 4169 1452 4230 sic
1492 4167 1626 4248 legimus
1655 4166 1809 4247 scriptum
1851 4166 1885 4228 in

177 4282 231 4325 eos
247 4266 417 4328 aestimaret
432 4268 517 4348 apud
531 4269 680 4330 Hebraeos
708 4268 801 4348 ligari
826 4276 855 4331 et
883 4271 1004 4350 aliquid
1056 4263 1164 4324 00di0⁰
1205 4265 1333 4343 Maioris
1375 4266 1568 4340 montflietib
1610 4270 1682 4327 ἃΰῑθ
1715 4271 1885 4329 θθῑθθῐὶῑθί

177 4359 293 4426 babere
319 4364 421 4426 simile
449 4366 487 4426 de
511 4365 644 4427 Psalmis
672 4371 703 4428 et
729 4367 883 4446 Operibus
911 4368 1001 4431 Salo·
1057 4377 1156 4422 &⁰⁰0⁵
1169 4361 1202 4423 in
1217 4364 1409 4427 membranis
1423 4363 1555 4443 pulchre
1567 4368 1716 4425 exarato:

176 4460 288 4535 monis,
325 4461 376 4523 cui
404 4462 583 4524 addendum
613 4468 671 4537 est,
701 4469 733 4525 et
756 4463 794 4526 de
816 4464 889 4527 lobi
916 4466 1002 4527 volu·

177 4559 283 4622 mine:
300 4562 527 4642 Jobnamque'
557 4569 636 4625 teste
665 4563 867 4645 Hieronymo,
900 4522 1039 4629 metrop
1092 4511 1192 4568 Pereat
1221 4514 1284 4571 dies
1311 4517 1341 4572 in
1370 4532 1430 4589 qua
1456 4521 1637 4586 natussum,
1654 4515 1801 4574 atnoxin
1825 4530 1885 4588 qua

1126 4583 1238 4641 dictum
1254 4591 1300 4643 est
1315 4605 1321 4643 :
1338 4593 1498 4660 conceptus
1512 4595 1558 4644 est
1569 4587 1667 4643 homo.

175 4653 293 4733 figatur
307 4659 391 4736 apud
407 4658 566 4733 Remos,
595 4665 627 4720 01
654 4659 796 4720 versibus
810 4660 843 4721 in
858 4663 1001 4725 versione
1090 4654 1157 4710 Dies
1174 4655 1223 4713 ille
1237 4664 1366 4715 vertatur
1380 4660 1559 4716 intenebrare
1576 4676 1582 4715 :
1599 4674 1657 4713 non
1674 4656 1807 4728 requirat
1815 4670 1883 4715 sum

174 4752 314 4830 ⁰³⁰⁸d⁶ffl
344 4755 874 4868 a....1pa.agnu-umarsa
917 4758 1000 4820 aa.
1089 4726 1778 4873 alitattlt’ttstttt,llttiltttti.
1790 4800 1883 4858 0001..

174 4865 296 4910 morum
313 4858 490 4930 etoperum
519 4851 708 4914 Salomonis.
738 4855 807 4914 Non
837 4872 880 4915 src
905 4859 999 4918 Pera-

1125 4876 1173 4943 pet
1188 4888 1253 4928 eum
1271 4874 1374 4947 caligo,
1390 4881 1419 4930 et
1429 4873 1594 4931 involvatur
1609 4870 1820 4930 amaritudine.

172 4945 343 5028 lipomena,
373 4971 457 5030 quae,
487 4957 521 5012 ut
548 4951 626 5026 dlxi,
661 4952 738 5014 colis
776 4957 997 5018 tantummodo

171 5044 328 5126 descripta
351 5056 425 5109 sunt
448 5055 479 5110 et
507 5049 655 5110 distincta
682 5049 722 5110 ad
741 5050 902 5113 vitandam
928 5072 997 5115 sen-

168 5160 261 5204 suum
287 5145 466 5207 barbariem
495 5153 525 5207 et
551 5147 778 5209 contusionem.
808 5150 898 5213 Unde
927 5151 997 5213 cola

167 5239 339 5307 isthoecita
365 5246 523 5325 descripta
552 5247 752 5326 reperiuntur
785 5266 855 5329 cap.
883 5265 895 5311 1
922 5249 996 5310 libri

166 5357 280 5417 prrorrs
296 5358 303 5400 ε

1051 5203 1224 5285 hodiernae,
1254 5217 1286 5273 et
1314 5211 1580 5274 Messorethsrum
1612 5209 1880 5274 distinctionibus.

338 5464 354 5477 ,,
1048 5399 1203 5467 diversam
1256 5407 1376 5471 habant
1429 5425 1575 5473 versuum
1627 5405 1876 5482 distinctionem,

202 5460 290 5520 Porro
303 5464 356 5520 filu
370 5464 481 5537 Regma
497 5481 504 5522 :
524 5463 599 5521 Saba
615 5469 645 5521 et
659 5465 764 5522 Datan.

202 5531 281 5592 tlhus
295 5542 394 5621 autem
409 5535 512 5610 senuit
527 5536 670 5596 Nemrod:
687 5538 744 5595 iste
760 5535 847 5610 coepit
861 5552 925 5596 essa
941 5554 993 5612 po.
1046 5611 1168 5660 morem
1195 5603 1481 5668 votummomm
1509 5600 1707 5683 seriptum
1751 5599 1810 5683 qui
1822 5598 1878 5667 ὦ

1710 5647 1719 5682 2

1049 5304 1085 5363 In
1100 5309 1335 5388 exemplaribus
1363 5317 1471 5373 autem
1486 5307 1622 5370 (lenonis
1650 5307 1763 5369 eadem
1782 5307 1894 5395 verba*

1047 5497 1122 5575 qnia
1150 5519 1208 5580 per
1234 5507 1315 5581 cola,
1344 5511 1376 5567 et
1402 5510 1562 5567 commata
1581 5501 1891 5583 separantnrjuxtx.

1091 5008 1176 5086 Tria,
1192 5014 1404 5089 utvides,hic
1431 5015 1503 5077 oola
1532 5032 1680 5076 versuum
1721 5013 1883 5095 descripta
1920 5088 1923 5093 .

1051 5115 1224 5190 suntque
1252 5112 1284 5173 in
1313 5114 1461 5176 omnibus
1474 5111 1612 5192 aequalia
1642 5116 1715 5174 sunt
1733 5110 1883 5175 diusioni
1916 5104 1929 5153 ³³

1916 5192 1929 5256 t

1911 5300 1929 5356 t

1917 5402 1923 5415 h

1915 5428 1923 5443 ἱ

1926 5448 1929 5460 1

1912 5495 1929 5563 t

1915 5602 1929 5662 't

1910 5708 1929 5765 t
