3870 6120
149 280 189 341 sr
735 276 898 338 uureuu
920 274 1272 338 nuuunrcrruouuu
1473 228 1476 235 ¹
1815 277 1860 338 se

149 430 185 475 se
200 411 246 474 ait
263 431 270 474 :
286 431 358 492 qnae
372 409 498 474 tametd
512 409 606 472 variis
619 407 754 472 subinde
778 407 870 471 annis
883 407 916 470 in
931 406 1033 469 lucem
1050 406 1236 488 prodierint,
1253 407 1293 470 ab
1307 424 1344 470 eo
1358 413 1465 470 tamen
1484 426 1547 488 quo
1572 412 1788 470 memorantur
1801 426 1860 469 ex-

151 510 243 573 ordio
257 529 323 572 esse
339 509 528 591 repetenda:
545 514 642 587 atque
657 509 737 571 adeo
750 507 817 587 jam
832 506 907 568 inde
923 525 943 567 a
956 506 1126 586 conscripti
1140 504 1283 585 Gatsiogi
1310 525 1393 569 anno
1422 506 1517 568 tuisse
1544 506 1710 584 adornata,
1741 506 1861 588 perspi-

53 682 57 689 ·
153 627 248 671 cuum
264 613 322 670 est.
339 606 528 670 Prodierunt
540 624 614 668 vero
631 624 669 667 ex
693 606 742 666 his
758 605 852 686 primi
876 604 989 666 Esdras
1002 609 1034 665 et
1047 602 1231 677 Nocentes,
1249 603 1331 664 circa
1346 622 1464 664 annum
1479 605 1548 677 394,
1566 603 1653 684 quod
1668 623 1706 665 ex
1725 604 1861 683 prologo

147 704 259 788 liquet,
277 705 330 767 ubi
345 705 444 766 muita
458 723 529 784 quae
543 703 576 764 in
591 703 769 782 Evangeliis
786 704 968 776 laudantur,
994 701 1084 781 quasi
1108 701 1146 762 de
1169 701 1273 763 Veteri
1294 702 1507 781 Testamenta,
1524 706 1556 763 et
1576 702 1661 782 apud
1686 703 1762 764 LXX
1792 721 1858 762 non

148 803 326 875 habentur,
357 801 565 882 expendenda
590 820 622 863 se
653 802 698 863 ait
737 800 849 862 latiori
890 799 977 881 operi
1009 817 1182 862 reservare.
1221 803 1282 861 Per
1323 799 1418 861 iatius
1459 800 1542 860 enim
1580 819 1660 879 opus
1688 800 1857 880 epistolam

148 898 182 962 in
211 905 319 961 nostre
347 899 530 961 recensione
557 903 596 961 57
626 899 691 962 sive
718 898 860 961 libellum
889 898 928 958 de
960 896 1089 980 Optimo
1117 917 1232 977 genere
1269 898 1510 979 interpretandi,
1545 915 1638 977 quem
1679 916 1736 959 nos
1773 915 1858 958 anuo

148 998 350 1078 ascripsimus
377 999 446 1071 395,
477 1002 597 1059 remum
624 1004 671 1060 est
699 996 868 1077 designari.
902 999 967 1057 Hos
1008 995 1168 1075 excipiunt
1202 997 1467 1075 Paralipomene,
1497 996 1529 1056 in
1569 1014 1704 1074 quorum
1742 1013 1859 1075 nempe

147 1095 285 1174 Prologo
308 1095 391 1157 idem
416 1094 469 1156 ilie
492 1095 531 1155 de
558 1095 687 1178 Optimo
700 1116 814 1177 genere
843 1093 1072 1176 interpretandi
1098 1092 1224 1155 libellus
1252 1101 1350 1176 nuper
1383 1093 1485 1155 editus
1513 1093 1656 1155 dicitur:
1682 1098 1718 1154 ut
1745 1094 1858 1154 eodem

19 1196 38 1292 ζ]
148 1199 244 1273 atque
271 1192 332 1254 isto
360 1211 443 1256 anno
471 1194 539 1271 395,
571 1193 673 1257 lucem
707 1193 866 1274 aspexisse
893 1192 1071 1254 videantur.
1099 1191 1158 1264 Oui
1192 1192 1289 1271 igitur
1317 1198 1476 1272 postremo
1513 1192 1654 1252 omnium
1688 1190 1757 1252 ioco
1785 1210 1860 1271 pro·

148 1291 242 1352 diisse
280 1290 348 1353 haee
389 1291 567 1366 aitirmant,
600 1293 755 1373 Dupinius
783 1299 814 1354 et
847 1291 1061 1369 Martianaeus,
1091 1308 1110 1351 a
1138 1307 1212 1351 vero
1250 1308 1346 1370 quam
1386 1289 1569 1368 longissime
1606 1289 1755 1351 aberrant
1782 1306 1790 1348 ε
1821 1308 1859 1349 ae

91 1388 96 1401 “
149 1387 256 1451 doceri
282 1389 409 1469 quidem
438 1405 511 1452 cum
539 1389 601 1452 hoc
628 1391 697 1471 ipso
727 1389 906 1452 testimonio
935 1393 1093 1469 poterant,
1110 1393 1179 1448 tum
1193 1386 1249 1447 iiio
1264 1388 1297 1447 in
1320 1388 1454 1466 epistola
1469 1391 1519 1461 71,
1537 1388 1576 1449 ad
1592 1388 1768 1461 Lucinium‚
1786 1394 1860 1466 post

28 1518 33 1527 ·
149 1486 249 1547 terme
262 1486 432 1547 triennium
448 1488 533 1563 data,
550 1487 605 1549 ubi
619 1506 729 1549 omnes
743 1494 816 1549 ante
830 1485 1059 1548 octateuchum
1075 1485 1195 1546 Veteris
1211 1484 1405 1547 Testamenti
1420 1485 1516 1546 libros
1541 1485 1574 1547 S.
1604 1485 1671 1564 ipse
1698 1485 1860 1564 interpres

31 1582 41 1611 ·’
149 1584 250 1646 editos
265 1602 283 1646 a
299 1603 332 1646 se
347 1585 524 1665 profitetur.
545 1584 716 1662 Cononem,
733 1585 847 1666 inquit,
863 1582 1033 1644 Hebraico
1049 1583 1202 1662 ueritatis,
1219 1588 1340 1664 excepto
1367 1581 1571 1662 Octateuclro,
1602 1602 1690 1662 quem
1714 1602 1798 1642 nuru
1826 1582 1859 1641 iu

69 1748 74 1753 ,
150 1681 295 1744 manibus
311 1681 417 1757 haheo,
426 1684 540 1765 pueris
554 1683 619 1744 tuis
633 1689 664 1744 et
677 1683 814 1745 notoriis
827 1683 903 1743 dedi
917 1679 1168 1743 describendum.
1185 1682 1239 1742 iiis
1252 1682 1358 1761 itaque
1374 1683 1638 1761 recognoscendis
1652 1687 1724 1742 octo
1754 1681 1854 1752 libris,

149 1781 204 1861 qni
219 1780 356 1860 priorem
372 1799 411 1842 ex
424 1781 534 1843 ordine
550 1782 633 1843 sacri
649 1787 753 1844 textus
768 1782 871 1843 locum
887 1780 1043 1853 obtinent,
1059 1779 1099 1840 ab
1115 1797 1199 1840 anuo
1214 1781 1274 1840 398
1288 1779 1478 1840 insudabat:
1495 1797 1678 1859 quanquam
1709 1779 1853 1840 Genesim

150 1879 290 1941 e‘ocitius
313 1879 442 1953 editam,
469 1879 561 1940 tacite
586 1880 726 1940 adducor
750 1885 786 1940 ut
808 1879 947 1950 credam,
979 1895 1049 1938 cnm
1080 1877 1194 1955 reliqui
1207 1876 1331 1938 interim
1348 1878 1439 1938 Masis
1452 1877 1523 1938 iibri
1539 1879 1571 1937 in
1587 1882 1736 1956 quartum
1761 1877 1859 1956 quin-

151 1979 257 2037 tumve
271 1995 391 2038 annum
407 1982 634 2056 premerentur.
652 1980 670 2038 J
673 1995 748 2038 osne
763 1983 868 2053 autem
885 1974 1010 2037 nonnisi
1025 1979 1095 2055 post
1109 1979 1223 2035 sancta
1237 1974 1346 2035 Paule
1362 1974 1580 2036 dormitionem
1593 1975 1737 2036 inlunem
1750 1975 1857 2036 venit:

150 2091 248 2154 quam
263 2074 379 2135 obiisse
393 2072 539 2135 Honorio
553 2074 705 2155 Angusto
720 2092 750 2137 vr
760 2080 790 2134 et
802 2074 993 2134 Aristonem
1008 2091 1101 2149 coss,
1118 2072 1148 2133 id
1166 2077 1213 2133 est
1227 2092 1279 2153 up.
1295 2075 1365 2146 tot,
1382 2092 1419 2134 ex
1435 2072 1577 2152 ejusdem
1591 2072 1754 2153 epitaphio
1767 2090 1856 2135 com-

153 2177 279 2252 pertum
295 2177 354 2232 est.
370 2171 518 2233 Omnium
534 2172 668 2253 denique
685 2178 863 2253 postremus
877 2171 957 2233 liber
970 2169 1083 2232 Esther
1098 2170 1262 2250 prodierit,
1279 2170 1435 2251 siquidem
1450 2190 1521 2233 eum
1538 2173 1570 2233 S.
1590 2172 1684 2232 Pater
1712 2173 1861 2232 octateu-

56 2342 86 2353 ‚.
155 2267 207 2330 chi
223 2286 356 2330 numero
372 2268 624 2350 comprehendit,
654 2289 692 2332 ex
717 2270 924 2332 Hebraeorum
949 2286 1036 2331 more
1055 2268 1182 2331 ludices
1197 2275 1228 2330 et
1245 2268 1327 2330 iiuth
1350 2269 1446 2330 libros
1469 2268 1502 2329 in
1527 2286 1627 2330 unum
1650 2267 1861 2347 conjungens,

157 2382 222 2445 qna
244 2364 373 2427 demum
395 2365 428 2428 in
451 2384 496 2442 re,
521 2385 557 2429 ao
573 2367 723 2448 temporis
747 2373 823 2429 nota
846 2367 981 2429 aliorum
1005 2364 1104 2447 probe
1127 2365 1212 2427 initis
1236 2366 1412 2429 rationibus
1427 2365 1507 2426 nihii
1521 2384 1588 2427 esse
1607 2365 1758 2426 duximus
1773 2383 1866 2446 repo-

158 2464 310 2525 nendum.

157 2599 530 2614 Μ

157 2615 531 2632 ...ψ-.-

450 2723 513 2831 S.
551 2721 620 2830 P.
660 2718 1080 2832 audoenus
1085 2717 1172 2828 10
1212 2719 1337 2832 xit
1375 2719 1443 2828 Ρ.
1482 2719 1565 2828 Μ.

194 3043 420 3122 Hieronymus,
439 3046 564 3110 Christi
577 3053 687 3107 vestem
712 3048 746 3107 in
768 3045 910 3109 Romana
930 3047 1005 3108 urbe
1033 3047 1219 3128 suscipiens,
1249 3046 1404 3109 cathedrae
1423 3046 1514 3107 Petri
1543 3046 1695 3108 inviolata
1723 3067 1864 3108 commu-

73 3164 76 3169 ·
158 3143 253 3204 reione
277 3146 484 3226 consociatuS,
514 3145 651 3206 Damasi
673 3154 761 3227 popae
789 3146 950 3207 oraculum
978 3147 1134 3227 quondam
1162 3167 1198 3207 ac
1220 3146 1353 3223 delicie,
1370 3147 1412 3207 ad
1427 3153 1488 3208 tuce
1502 3147 1689 3208 Sanctitatis
1714 3147 1863 3228 uestigio,

135 3239 334 3303 ‘beatissime
348 3247 457 3324 Pater,
464 3244 609 3321 festinus
623 3250 703 3314 voto,
719 3243 865 3324 obsequio
880 3244 971 3305 lactus
993 3245 1122 3305 accedit.
1144 3243 1332 3325 Quanquam
1348 3248 1430 3306 euim
1446 3245 1495 3306 tui
1509 3266 1577 3306 enm
1606 3251 1721 3305 terreat
1737 3245 1868 3326 magni-

122 3416 127 3425 ,
159 3339 247 3419 tudo,
278 3342 393 3401 incitat
416 3348 516 3403 tamen
545 3342 737 3403 humanitas
768 3340 915 3422 Recedet,
947 3342 1061 3423 inquit,
1092 3341 1229 3405 Romani
1256 3343 1406 3403 creturtnis
1430 3342 1571 3422 ambitio,
1601 3363 1866 3404 cerensuccessore

47 3480 51 3487 ,
160 3436 340 3500 Piscatoris
354 3446 384 3500 et
397 3441 556 3524 disce'pulo
570 3441 675 3502 crucis
689 3440 802 3520 loquor
815 3439 935 3522 (Epist.
952 3440 1016 3521 5⁵1.)
1031 3439 1130 3501 Novit
1139 3442 1250 3501 etenim
1266 3440 1546 3502 DoctorEcclesia’
1561 3442 1727 3520 maximus,
1758 3442 1865 3501 socius

159 3536 349 3616 angelorum
365 3539 398 3598 in
414 3539 499 3619 colo,
515 3539 600 3620 quod
613 3540 644 3599 si
658 3538 814 3622 apostolos
830 3537 945 3598 horrore
960 3539 1112 3619 sequeris,
1128 3539 1270 3620 sequaris
1283 3545 1313 3598 et
1328 3539 1449 3600 merito.
1486 3538 1556 3601 Tua
1585 3539 1689 3620 igitur
1717 3540 1865 3599 Beatitu-

158 3631 248 3693 dinis
256 3634 393 3716 pedibus
404 3637 591 3718 provolutus
605 3657 746 3698 summus
762 3635 817 3697 ille
831 3636 891 3715 vir,
909 3634 1136 3697 Bibliothecam
1151 3658 1239 3697 suam
1255 3637 1419 3717 Divinam,
1451 3657 1518 3718 qua
1540 3643 1632 3719 caput
1654 3643 1701 3697 cst
1724 3638 1864 3697 omnium

155 3730 337 3793 stridiorum
352 3734 433 3814 esus,
451 3735 624 3796 redivivam
639 3742 822 3816 nuncopera
833 3739 952 3807 nostra,
971 3735 1116 3796 manibus
1131 3756 1251 3817 quoque
1274 3735 1393 3796 nostris
1417 3736 1533 3816 offerre
1555 3735 1665 3815 gestit,
1680 3740 1714 3795 ut
1740 3736 1797 3815 qui
1824 3735 1866 3794 ael

155 3828 268 3890 Setiam
295 3831 512 3913 Apostolicam
539 3855 601 3894 uno
630 3833 796 3913 eodemque
821 3831 937 3912 affectu
961 3833 1138 3894 reuerentiae
1162 3833 1311 3915 propensi
1325 3832 1710 3914 seeruu5,janctispariter
1728 3833 1864 3910 officiis,

157 3929 295 3990 secunda
324 3931 446 3991 cunctis
474 3931 645 3992 virtutibus
673 3930 722 3991 tui
747 3929 961 4013 pontificatus
990 3931 1084 3991 initio
1114 3931 1281 3992 individuo
1318 3930 1448 3992 lionoris
1481 3931 1589 3992 studio
1617 3929 1864 3991 concelebremus

79 4026 84 4031 '
155 4023 274 4107 (Epist.
290 4028 356 4109 58.)

197 4123 305 4205 Neque
332 4147 402 4187 uero
431 4127 507 4205 erit,
537 4127 734 4188 sanctissime
756 4126 864 4206 Pater,
895 4126 980 4206 quod
1005 4127 1126 4208 affatus
1152 4132 1223 4188 tuos
1252 4128 1344 4188 etiam
1370 4128 1496 4189 minimi
1502 4137 1684 4209 paveamus,
1696 4149 1766 4188 crem
1777 4128 1867 4189 nobis

157 4221 352 4282 audientiam
380 4227 543 4292 facturrem
572 4228 616 4287 sit
642 4225 818 4288 immortale
845 4224 931 4286 illud
959 4224 1123 4305 ingenium
1151 4245 1470 4287 cumsuosacrarnm
1493 4227 1784 4308 interpretationum
1800 4247 1868 4286 ane-

154 4318 303 4400 plissimo
331 4342 466 4404 munere,
496 4327 581 4406 quod
608 4346 664 4386 nos
693 4325 904 4386 venerabundi
923 4325 1111 4387 nominituo
1140 4346 1366 4388 consecramus.
1389 4327 1734 4408 Qeeidenimpiissimo
1754 4325 1869 4386 Chris-

157 4416 318 4479 tianorum
342 4422 441 4481 Patri
468 4427 625 4504 occeptum
650 4424 754 4505 magia
772 4430 937 4504 gratremoe
950 4424 1068 4504 fuerit,
1087 4445 1179 4506 quam
1204 4429 1352 4485 restituta
1375 4426 1407 4485 in
1424 4445 1528 4485 omenes
1543 4424 1693 4485 Ecclesiae
1708 4423 1868 4484 utilitates

154 4512 277 4576 Divina
292 4515 483 4594 Hieronymi
507 4520 718 4601 Bibliotheca,
749 4521 924 4582 celestium
953 4522 1075 4583 scilicet
1102 4523 1319 4583 nrandotorum
1350 4522 1528 4601 thesaurus,
1555 4522 1636 4582 rande
1652 4523 1866 4603 proferuntur

158 4630 237 4673 nova
251 4619 281 4672 et
295 4620 408 4696 vetera,
424 4616 540 4698 quibus
554 4637 620 4678 sese
634 4639 671 4678 ac
684 4618 896 4679 concreditum
906 4617 971 4678 sibi
981 4639 1112 4700 gregem
1128 4618 1211 4679 olere
1225 4625 1318 4699 queat
1342 4625 1453 4700 postor
1481 4619 1579 4680 boreus
1606 4624 1635 4678 et
1663 4618 1867 4700 dispeusator

44 4800 46 4805 Ι
158 4709 297 4782 fidelis?
316 4712 443 4791 Quidni
451 4715 592 4792 y'ncunda
603 4737 685 4780 nrenc
694 4716 816 4787 tueriret
832 4714 1011 4779 innocentio
1026 4736 1117 4776 sacra
1127 4716 1367 4798 Scripturarum
1382 4717 1552 4792 oolremina,
1568 4736 1635 4797 quae
1662 4721 1755 4776 caste
1776 4722 1867 4776 erant

160 4807 281 4870 deliciae
292 4813 396 4872 sancti
401 4814 573 4894 pontificis
585 4815 733 4894 Damasi,
748 4815 841 4894 cujus
857 4814 1002 4895 insignia
1019 4813 1084 4876 haec
1098 4821 1174 4875 sunt
1189 4815 1281 4876 verba
1296 4818 1339 4876 oet
1354 4816 1455 4897 ipsum
1471 4814 1699 4890 Hieronymum
1721 4814 1869 4896 scripta?

47 4929 53 4939 ·
157 4906 265 4987 Neque
280 4927 354 4971 vero
372 4911 469 4973 uliam
483 4918 561 4992 puto
576 4913 751 4992 digniorem
769 4913 991 4993 disputationis
1003 4919 1119 4975 nostrae
1134 4913 1436 4987 contabulationem,
1455 4933 1549 4994 qnam
1573 4914 1599 4974 si
1627 4914 1665 4974 de
1692 4912 1868 4991 Scripturis

41 5028 46 5037 ·
156 5006 407 5068 sermocinemur
421 5010 503 5073 inter
519 5031 587 5086 nos,
604 5012 636 5072 id
653 5017 710 5084 est,
729 5017 762 5073 ut
776 5030 835 5089 ego
849 5011 1052 5090 interrogem,
1070 5018 1103 5073 tu
1132 5013 1337 5092 respondeus.
1367 5013 1435 5086 Oua
1463 5013 1526 5073 rita
1555 5011 1635 5073 nihii
1662 5017 1740 5092 puto
1757 5012 1790 5070 in
1807 5013 1869 5073 hac

154 5104 226 5167 luce
249 5103 444 5186 jucundius:
477 5128 539 5188 quo
568 5110 682 5170 snimae
711 5109 828 5190 pabulo
856 5110 962 5171 omniu
977 5109 1287 5190 meilasnperantnr.
1315 5112 1418 5185 Quam
1434 5109 1549 5182 dulcia,
1567 5109 1671 5191 inquit
1695 5109 1864 5189 propheta,

157 5204 278 5282 gutturi
294 5222 365 5266 meo
380 5205 507 5286 eloquia
523 5208 598 5268 tuat
616 5226 710 5287 super
724 5207 785 5269 mei
802 5208 850 5269 ori
865 5226 934 5270 meo
949 5207 1068 5289 (Epist.
1085 5209 1171 5289 tut.)

198 5299 307 5361 Multa
329 5301 455 5383 quidem
474 5303 630 5385 praeclare
644 5306 737 5381 facta
762 5310 827 5377 trra,
845 5304 942 5365 Pater
970 5305 1178 5378 sanctissime,
1203 5306 1277 5366 deam
1304 5306 1389 5387 apud
1402 5306 1508 5386 duces,
1524 5327 1626 5388 reges,
1645 5305 1866 5387 imperatores-

159 5415 217 5477 que
244 5400 434 5462 internuntii
461 5402 538 5462 olim
565 5403 676 5480 officio
703 5403 896 5484 fungereris,
927 5403 1047 5464 divinis
1076 5409 1104 5462 te
1128 5402 1255 5484 legibus
1284 5404 1457 5484 addietum,
1474 5425 1510 5465 ac
1533 5410 1712 5465 sanctornm
1727 5403 1863 5465 Petrum

159 5493 353 5560 documentis
373 5498 473 5583 probe
501 5500 647 5581 affictum
676 5500 932 5562 demonstrabant
944 5523 951 5562 :
982 5521 1064 5562 nune
1078 5506 1182 5562 autem
1197 5520 1325 5562 summae
1332 5503 1503 5584 potestatis
1512 5503 1682 5585 particeps,
1717 5501 1864 5563 Christi·

156 5609 216 5672 qne
243 5593 381 5658 vicarius
408 5598 549 5680 effectus,
571 5602 617 5658 tot
642 5617 679 5659 ac
706 5603 795 5659 tanta
814 5597 948 5680 pietatis
968 5597 1090 5682 prebes
1119 5604 1318 5681 argumenta,
1345 5605 1381 5662 ut
1408 5619 1513 5663 omnes
1536 5598 1732 5662 Christiane
1753 5599 1862 5682 plebes
