3870 6120
107 229 178 290 arur
626 222 1292 282 s.urnaoaru1n1vraanranreraaca.
1743 206 1813 286 lsai

107 356 170 415 Non
184 352 370 412 calcaverunt
383 364 448 409 eam
460 349 513 406 tilii
531 348 702 407 institorum
716 348 758 423 (h.
783 347 925 421 superbi),
941 354 969 423 A
983 348 1072 407 Auris
1087 349 1212 408 audiens
1225 349 1412 408 beatificabat
1426 366 1483 409 me.

144 443 197 554 nolo
214 423 401 499 pertransivit
426 422 480 494 [At.
499 425 552 478 tuo.
570 421 769 494 pertransivit]
786 437 837 494 par
859 436 924 478 cnm
978 421 1496 567 QogtffiltlUrgovmrerggtoelltssm‘mium
1511 422 1658 483 reddebat
1676 425 1783 555 mihil

191 513 280 554 em,
1124 537 1130 550 .
1365 511 1493 553 erassem
1537 513 1575 553 an
1599 512 1683 555 arem
1706 514 1806 558 vorre-

102 565 668 634 Adsiliocmoxtenditmanumsuam,
1051 568 1176 632 rentem,
1208 510 1227 566 q
1515 513 1535 570 p
1578 513 1598 570 p

142 639 317 699 subvertite
331 636 481 694 radicibus
496 642 621 708 montes,
1016 640 1045 692 at
1060 636 1207 709 pupillum
1217 636 1242 705 ²,
1254 637 1301 693 cui
1317 653 1375 694 non
1389 642 1467 696 assat
1478 639 1613 712 adJuter.

107 715 140 771 ln
156 711 246 785 petria
261 709 337 766 rivos
352 707 450 776 scidit,
981 708 1149 765 Benedictio
1185 708 1287 764 orituri
1302 725 1391 782 super
1410 726 1456 767 ma
1467 712 1616 780 veniebat,

143 788 173 841 at
188 798 275 840 omno
290 782 450 854 pretiosum
466 779 539 836 vidit
553 779 657 836 oculus
673 779 749 851 slus.
1017 785 1046 835 at
1060 796 1111 836 cor
1124 780 1151 835 vi
1175 796 1217 836 ue
1231 779 1400 838 consolatus
1413 798 1491 839 sum.

108 855 259 913 Profunda
274 867 391 925 quoque
406 850 561 908 fluviorum
576 856 727 908 scrutatus
742 855 797 921 est,
857 862 862 872 '
982 851 1101 908 lustitia
1113 850 1235 908 indutus
1250 868 1327 924 sum,
1339 857 1369 909 et
1382 853 1497 910 vestivit
1508 854 1560 925 (lt.
1575 854 1696 916 vestivi)
1711 871 1768 927 me,

147 933 176 984 et
191 924 362 984 abscondita
379 922 518 996 produxit
533 923 563 978 in
574 922 680 979 lucem.
1020 923 1096 979 sicut
1106 922 1281 981 vestimento
1295 928 1324 981 et
1335 924 1637 998 diademata,judicie
1652 944 1729 986 mee.

112 997 264 1072 Sapientia
277 1011 344 1051 voro
359 995 409 1051 ubi
423 993 580 1066 invenitur,
985 993 1095 1051 Oculus
1111 993 1153 1051 lui
1164 1011 1249 1063 caco,

149 1075 178 1126 ot
192 1068 261 1143 quis
272 1070 318 1124 eat
331 1065 414 1123 lucus
428 1064 638 1140 intelligentia.
1022 1072 1052 1122 et
1066 1082 1117 1139 pes
1131 1065 1246 1123 claude.

114 1142 214 1200 Nescit
229 1140 318 1197 homo
333 1138 460 1211 pretium
476 1139 551 1209 ojus,
988 1137 1072 1194 Pater
1085 1153 1164 1194 eram
1177 1152 1338 1210 pauperum
1354 1152 1362 1193 :

151 1229 203 1271 nco
228 1209 375 1267 invenitur
402 1210 433 1265 in
457 1216 535 1266 tarra
564 1208 695 1290 suaviter
707 1206 868 1264 virentium
891 1206 933 1280 (h.
1024 1215 1053 1266 et
1068 1224 1188 1267 eausam
1203 1208 1484 1282 quamnesoiobam,
1510 1209 1742 1285 diligentissime
1763 1215 1799 1272 in·

186 1284 248 1341 Non
264 1280 411 1339 inuenitur
421 1281 452 1337 in
467 1285 545 1338 terra
558 1280 741 1351 viventium).
1060 1280 1252 1353 vestigabam.

115 1356 247 1427 Abyssus
263 1353 334 1409 dicit
350 1368 357 1408 :
373 1352 435 1409 Non
450 1356 495 1408 est
510 1353 539 1409 in
555 1368 601 1407 mc
618 1367 625 1406 ε
989 1352 1184 1411 Cuntercbam
1200 1351 1292 1409 melas
1305 1350 1411 1425 iniqui,

151 1433 181 1484 ct
195 1442 273 1483 mara
287 1423 419 1497 loquitur
434 1440 442 1481 :
458 1424 522 1480 Non
537 1428 582 1480 est
596 1438 725 1479 mecum.
1026 1429 1055 1481 ct
1069 1424 1105 1480 dc
1119 1422 1347 1482 dentibusillius
1358 1424 1525 1481 auferebam
1542 1427 1686 1509 predam.

116 1500 181 1557 Non
197 1497 318 1555 dabitur
331 1512 437 1552 aurum
453 1496 593 1568 obryzum
609 1512 661 1568 pro
674 1511 717 1564 eu,
991 1497 1189 1568 Diccbumquc
1205 1513 1213 1552 ι
1229 1496 1262 1551 ln
1282 1493 1383 1552 nldulo
1398 1511 1462 1552 meo
1477 1512 1602 1568 moriar,

115 1587 205 1701 ιιῙῘθο
219 1566 850 1696 ”ittitttltttltitttttit⁰⁰⁰
861 1565 936 1638 ⁶1⁰⁸·
992 1566 1655 1696 ..tl³t¹¹i.¹’:¹{etls·ztttillitum
1671 1571 1742 1630 aa.

142 1657 300 1785 orileecl‘affli
311 1711 493 1793 sardonycho
505 1679 779 1784 pretiosissimoiel
788 1708 937 1784 sapphiro.
953 1740 977 1807 B
1028 1715 1057 1767 et
1071 1656 1296 1767 rosmargbitur
1309 1709 1339 1766 in
1356 1656 1502 1768 mercialis
1515 1658 1595 1770 zuen.

115 1792 180 1844 lton
192 1782 548 1857 adaquabitureraurum
563 1781 608 1842 vel
623 1781 742 1851 vitrum,
993 1782 1091 1840 Gloria
1107 1798 1172 1838 men
1186 1798 1303 1854 semper
1317 1782 1514 1854 innovabitur,

155 1874 207 1915 nec
222 1855 485 1914 commutabuntur
500 1871 553 1927 pre
568 1871 602 1909 ea
616 1870 686 1909 rusa
700 1852 776 1911 auri.
1028 1859 1058 1910 et
1068 1870 1154 1910 arcus
1169 1869 1253 1911 meus
1267 1854 1297 1909 in
1312 1869 1403 1910 manu
1420 1870 1485 1911 mea
1499 1855 1724 1915 instaurabitur.

119 1929 239 1989 Excelsa
253 1932 282 1985 ct
296 1926 456 1983 ominentia
471 1942 529 1982 non
560 1925 804 1983 memorabuntur
824 1938 940 1996 compa·
992 1927 1046 1992 Qui
1063 1942 1109 2009 mo
1124 1926 1291 2008 audiebant,
1307 1927 1517 2053 exspectabant
1528 1931 1719 1996 sententiam,

192 2000 304 2057 ratione
319 1997 394 2069 ejus.
1029 2002 1058 2054 et
1072 2002 1177 2052 intents
1190 1997 1351 2054 tacebanta
1386 1996 1543 2055 consilium
1555 2015 1668 2069 meum,

157 2072 284 2129 trahitur
297 2075 394 2125 autem
410 2067 554 2141 sapientia
567 2067 603 2123 do
618 2067 751 2124 occultis.
993 2069 1098 2126 Verbis
1113 2068 1186 2125 meis
1201 2069 1308 2126 addere
1323 2068 1398 2124 nibil
1409 2070 1570 2139 audebant,

120 2145 183 2201 Non
196 2140 399 2214 adaquabitur
412 2139 438 2195 ei
455 2139 600 2211 topazium
613 2140 621 2173 ¹
638 2139 674 2195 de
687 2137 843 2210 AEthiopia,
1029 2146 1059 2197 et
1073 2157 1160 2211 super
1175 2139 1241 2196 illos
1256 2139 1385 2196 stillabat
1399 2139 1551 2213 eloquium
1569 2158 1684 2214 meum;

158 2230 210 2272 nee
225 2214 359 2269 tincturae
375 2210 577 2267 mundissima
594 2210 636 2280 (b.
653 2210 716 2269 Non
731 2226 802 2267 auro
818 2206 941 2279 mundo)
995 2211 1209 2284 Exspectabant
1225 2227 1272 2268 rae
1286 2211 1363 2267 sicut
1378 2211 1519 2285 pluviam,

192 2287 417 2357 componantur.
1022 2282 1789 2356 etossuumaperiebantquasiadimbrcmsarotinuna

122 2358 205 2416 Unde
219 2372 289 2429 erge
304 2354 449 2482 sapientia
463 2352 560 2409 veniat
574 2352 628 2426 (stt.
644 2350 760 2423 vanitli
996 2357 1026 2414 Si
1042 2355 1160 2428 quaudo
1173 2354 1304 2411 ridebam
1321 2356 1357 2410 ad
1371 2370 1432 2423 eos,
1448 2372 1507 2413 non
1523 2357 1696 2426 credebant,

156 2433 185 2486 at
201 2428 268 2500 quis
283 2429 328 2484 cst
353 2441 424 2482 ocus
440 2424 661 2497 intelligentias?
1031 2433 1060 2484 et
1075 2427 1124 2482 lux
1137 2425 1237 2482 vultus
1248 2426 1306 2482 mei
1322 2442 1379 2482 non
1394 2427 1556 2484 cadebatin
1572 2434 1693 2488 terram.

120 2500 300 2557 abscondita
314 2501 358 2554 est
371 2496 407 2553 ab
423 2494 516 2553 ocutis
530 2496 663 2553 omnium
679 2494 852 2562 viventium,
995 2499 1025 2554 si
1043 2498 1204 2554 voluissem
1217 2498 1258 2553 ire
1271 2498 1306 2554 ad
1323 2514 1385 2564 eos,
1400 2498 1540 2556 sedebam
1554 2500 1670 2571 primus
1685 2517 1693 2557 ι

156 2573 290 2629 volucres
303 2582 421 2641 quoque
436 2567 501 2623 corti
515 2566 598 2624 latet.
1033 2585 1159 2642 cumque
1176 2569 1308 2626 sederam
1323 2569 1410 2643 quasi
1426 2586 1486 2644 rex,
1505 2571 1714 2631 circumstante
1729 2586 1790 2629 erar·

121 2643 250 2702 Perditio
265 2646 294 2699 at
308 2656 389 2697 mors
404 2637 562 2696 dixerunt:
1068 2641 1127 2696 citu
1138 2641 1161 2709 ³,

120 2715 251 2774 Auribus
266 2712 374 2771 nostris
390 2710 558 2769 audivimus
573 2711 682 2767 lamam
698 2709 773 2781 ojus,
1031 2729 1111 2769 eram
1127 2716 1228 2768 tamen
1244 2711 1433 2769 maerentium
1448 2712 1630 2772 consolator.

122 2789 202 2846 Deus
218 2782 444 2858 intelligitviam
459 2782 534 2854 ejus,
996 2784 1073 2858 (Cap.
1089 2783 1187 2854 XXX.)
1203 2782 1287 2840 Nunc
1316 2788 1416 2840 autem
1447 2784 1583 2843 derident
1611 2803 1660 2844 mc
1686 2785 1790 2859 juniora

157 2863 188 2917 at
199 2859 262 2931 ipsa
276 2854 356 2914 novit
370 2853 467 2911 locum
483 2853 575 2911 illius.
1068 2860 1210 2927 tempore,

122 2933 190 3005 lpse
203 2928 282 2986 euim
297 2928 372 2984 tinas
386 2925 488 2982 muudi
502 2925 634 2981 intuetur
649 2940 657 2981 t
1035 2943 1162 2999 quorum
1179 2942 1236 2982 non
1256 2925 1401 2999 dignabar
1414 2931 1513 3002 patres
1526 2946 1636 3002 ponera
1659 2946 1720 2988 cum
1733 2924 1791 2985 cani·

159 3008 188 3059 et
202 2999 312 3067 omnia,
328 3014 393 3081 quaa
408 2998 464 3054 sub
479 2997 550 3054 coelo
566 3000 637 3053 sunt
652 2993 781 3069 respicit.
1072 2999 1130 3054 bus
1144 2996 1241 3071 gregis
1255 2999 1313 3055 mei
1330 3015 1337 3055 ε

124 3074 177 3143 Qui
193 3071 260 3128 lecit
274 3075 369 3126 vantra
383 3069 509 3151 pondus,
957 3108 979 3176 C
999 3070 1129 3134 Quorum
1144 3068 1236 3151 virtus
1250 3085 1393 3126 manuum
1409 3075 1472 3127 erat
1487 3071 1560 3128 mihi
1572 3090 1627 3147 pro
1642 3071 1736 3131 nihile.

159 3147 189 3201 et
203 3158 296 3216 aquas
310 3141 450 3214 appendat
467 3139 496 3194 in
513 3153 652 3195 mensura
668 3153 675 3193 :
1034 3146 1063 3198 et
1076 3142 1135 3197 vita
1150 3157 1215 3212 ipsa
1226 3141 1539 3216 putabanturindigui.

124 3215 246 3282 Quando
262 3213 390 3288 ponebat
401 3209 512 3294 pluviis
526 3211 633 3337 legem,
1000 3214 1136 3286 Egestate
1150 3217 1179 3268 et
1193 3212 1270 3269 lama
1284 3212 1410 3277 steriles,

159 3291 187 3344 at
199 3286 275 3342 viam
291 3283 425 3357 procellis
438 3287 554 3340 sonanti
579 3298 624 3351 us,
1035 3284 1086 3357 qui
1098 3283 1240 3341 rodebant
1250 3285 1280 3340 in
1291 3283 1459 3357 solitudine,
1470 3285 1644 3358 squalentes
1656 3287 1788 3346 calamitate

124 3360 207 3416 Tune
222 3356 296 3413 vidit
309 3354 403 3422 illum,
419 3359 447 3410 at
461 3352 617 3410 enerravit.
1071 3361 1099 3412 et
1114 3354 1242 3410 miseria.

158 3433 188 3486 at
202 3444 258 3500 praa
281 3425 374 3482 aravit
388 3429 417 3480 et
432 3422 627 3495 investigavit,
893 3488 899 3502 ‚
925 3487 932 3501 ,
1000 3428 1035 3483 Et
1050 3426 1230 3483 mandebant
1246 3426 1362 3493 barbas,
1378 3430 1407 3484 at
1421 3427 1561 3486 arborum
1576 3431 1708 3502 corticea,

122 3501 158 3559 Et
172 3498 246 3557 dlxii
261 3444 374 3554 Eomlnl
391 3492 567 3579 stasilium)
587 3510 594 3550 :
617 3493 689 3548 Ecce
714 3489 802 3547 timor
816 3489 946 3561 Domttll,
1036 3505 1065 3555 et
1079 3498 1374 3570 radix'uniperopum
1385 3503 1447 3555 erat
1461 3498 1672 3560 cihuggopum,

195 3572 261 3646 ipsa
274 3572 321 3626 est
333 3572 481 3640 sapientia
497 3581 504 3620 ε
1000 3570 1055 3636 Qui
1070 3568 1170 3626 conral
1184 3568 1251 3626 ibus
1267 3570 1323 3626 ista
1339 3570 1496 3643 rapientes,

161 3647 190 3700 et
204 3640 339 3699 recedere
353 3656 370 3696 a
383 3636 473 3708 malo,
490 3632 694 3708 intelligentit-
1036 3657 1103 3698 cum
1119 3641 1236 3768 singula
1264 3640 1450 3713 reperissent,
1479 3643 1514 3699 ad
1545 3661 1580 3702 ea
1608 3661 1675 3703 cunr
1695 3645 1786 3702 clamore

143 3776 260 3818 annrnrr
273 3772 388 3822 ouoena
405 3770 468 3826 roa,
490 3765 641 3810 assensus
654 3765 822 3807 renascatur
838 3765 928 3821 suaa,
1001 3785 1033 3840 In
1046 3728 1174 3841 &3⁰32ss
1182 3717 1353 3840 &flabant
1367 3784 1554 3855 torrentium,

461 3843 495 3882 ΕΤ
513 3839 613 3881 ''¹⁸¹“
1036 3859 1066 3910 ot
1079 3855 1109 3912 iu
1124 3856 1256 3913 cavernis
1270 3860 1353 3912 terra
1371 3855 1415 3911 uel
1430 3872 1519 3929 super
1532 3859 1675 3933 glaream.
1826 3890 1828 3921 ε

127 3931 206 4006 (Cep.
221 3929 345 4014 xxti).
355 3925 423 3991 Ouia
439 3924 511 3982 mihi
522 3923 644 3991 tribuat,
658 3926 690 3979 ut
700 3921 756 3979 sim
764 3923 850 3996 juxta
864 3936 948 3978 men·
1001 3926 1056 3991 Qui
1071 3926 1147 3984 inter
1165 3926 1368 3999 hujuscemodi
1383 3926 1559 3987 latabantur
1571 3932 1616 4004 (h.
1632 3934 1704 3990 inter
1721 3928 1782 3986 arbe·
1826 3932 1828 4007 j

165 4006 529 4141 segfmffitdnigg’quibus
546 4071 623 4150 Deua
639 4064 824 4122 custodiebat
838 4080 885 4121 me
899 4064 912 4121 i
1037 3997 1360 4128 οὶεὲὲιὲωεῐιῗξζὲξιῖἷὲυε
1374 4069 1495 4128 delicias
1508 4075 1722 4147 computabant,

129 4139 946 4218 QuandosplandcbatlucernueJussupercaputmeum,
1002 4140 1067 4197 Frtu
1081 4141 1238 4198 stultorum
1255 4146 1283 4199 ot
1301 4142 1486 4215 ignobilium,

163 4222 193 4276 et
206 4217 241 4275 ad
257 4216 356 4273 lumen
372 4213 437 4285 aJus
449 4209 638 4266 ambulabam
653 4209 683 4264 in
694 4209 834 4267 tenebris.
1038 4211 1159 4271 interra
1175 4214 1291 4286 penitus
1306 4231 1363 4270 non
1379 4220 1526 4287 parentas.

125 4290 207 4346 Sicut
222 4288 263 4345 lui
278 4287 308 4343 in
321 4285 426 4343 diebus
437 4280 638 4338 adolescentie
654 4296 734 4350 mea,
813 4350 819 4362 ι
918 4349 925 4362 Ι
1001 4283 1085 4341 Nunc
1099 4285 1128 4340 in
1145 4301 1246 4342 eorum
1261 4287 1409 4342 canticum
1424 4303 1527 4343 versus
1541 4304 1621 4361 eum,

162 4361 280 4434 quando
296 4360 407 4416 sacrato
435 4354 513 4411 Deus
541 4352 583 4425 (h.
612 4360 745 4409 secretum
768 4350 829 4422 lica)
844 4353 946 4407 aratra
1036 4360 1065 4412 et
1080 4357 1175 4414 lactus
1187 4373 1265 4413 smm
1282 4357 1325 4413 eis
1338 4357 1395 4419 (At.
1411 4357 1474 4413 odd.
1492 4358 1534 4427 in)
1551 4360 1747 4432 proverbium:

196 4428 386 4489 tabernaculo
401 4442 485 4495 meo,
1001 4427 1215 4485 abominantur
1230 4445 1287 4498 me,
1300 4433 1330 4486 at.
1344 4429 1429 4502 longe
1439 4428 1554 4502 lugiunt
1568 4449 1586 4487 a
1601 4448 1659 4500 me,

124 4504 243 4570 Quando
259 4507 322 4559 erat
335 4499 528 4569 Omnipotens
543 4510 658 4551 mosum
676 4510 682 4550 :
958 4489 981 4555 D
1032 4503 1061 4554 et
1078 4500 1181 4557 taciem
1198 4517 1295 4557 meam
1310 4517 1473 4574 conspuere
1487 4517 1546 4558 nou
1561 4510 1705 4561 verentur.

159 4579 188 4629 at
204 4573 232 4630 in
248 4574 373 4629 circuitu
389 4587 454 4627 meo
471 4567 553 4642 pueri
568 4567 640 4623 nsi:
995 4569 1166 4628 Pharctram
1181 4571 1259 4629 enim
1274 4588 1360 4629 suam
1375 4571 1501 4645 aparuit,
1514 4576 1545 4630 at
1557 4575 1662 4632 alliixit
1673 4589 1724 4635 mo.

123 4645 244 4712 Quando
260 4644 393 4700 lavabam
409 4641 497 4714 podas
514 4655 594 4695 meos
608 4638 724 4710 butyro,
1031 4647 1060 4698 et
1071 4644 1186 4699 tranum
1202 4644 1301 4716 posuit
1315 4643 1344 4699 in
1360 4660 1393 4700 os
1408 4660 1519 4703 mcum.

158 4719 187 4771 ot
202 4720 285 4788 patra
297 4713 438 4771 tundebat
453 4710 526 4767 mihi
542 4708 620 4766 rivos
634 4708 709 4792 olei:
754 4777 761 4792 ‚
993 4715 1036 4769 Ad
1053 4714 1201 4770 dexteram
1218 4714 1338 4772 orientis
1353 4715 1534 4774 calamitates
1553 4732 1625 4775 mes
1650 4717 1720 4775 illico
1736 4722 1778 4768 aur·

122 4786 245 4851 Quando
281 4784 452 4842 recedebam
469 4782 504 4838 ad
521 4785 635 4853 portam
651 4783 791 4848 civitatis,
1064 4789 1224 4842 rexerunt:

155 4861 186 4914 et
199 4857 229 4912 in
245 4804 343 4929 pYatett
353 4856 496 4929 parabant
510 4852 680 4909 cathedram
698 4849 782 4907 mihi.
1029 4858 1119 4930 pedes
1135 4874 1216 4914 meos
1230 4855 1450 4928 subverterunt,

118 4927 265 4986 videbant
279 4943 326 4984 ma
336 4927 472 4998 juvenes,
486 4927 516 4981 at
531 4923 788 4982 abscondebantur
804 4938 812 4978 t
1029 4932 1057 4985 et
1072 4932 1283 5003 oppresserunt
1296 4929 1379 5000 quasi
1394 4929 1535 4987 fluctibus
1549 4931 1665 4991 semitis
1678 4930 1742 4988 anis.

154 5004 184 5057 et
197 5014 283 5058 senas
295 5000 484 5069 assurgentes
500 4995 629 5078 stabunt.
993 5000 1213 5085 Dissipurarunt
1228 5001 1333 5056 itinera
1348 5017 1423 5071 mea,

119 5071 270 5157 Principes
284 5067 441 5127 destillant
457 5066 549 5138 ¹⁰tl¹1¹s
628 5137 635 5151 ‚
1029 5072 1159 5130 insidiati
1173 5077 1244 5129 sunt
1258 5070 1343 5140 mihi,
1358 5076 1388 5129 at
1403 5072 1631 5148 prevaluerunt,

154 5147 184 5202 at
198 5142 325 5218 digitum
340 5155 375 5197 su
416 5137 579 5211 monebant
593 5153 637 5194 ⁰ss
651 5152 714 5194 811⁰·
1028 5151 1056 5200 et
1071 5161 1128 5202 nou
1144 5143 1201 5201 luit
1215 5143 1266 5217 qui
1283 5143 1371 5200 serrat
1384 5144 1541 5202 auxilium.

118 5214 225 5276 Vocem
238 5229 325 5275 auam
339 5227 372 5269 co
396 5208 628 5290 instaurantes,
992 5215 1081 5278 Quasi
1094 5220 1180 5289 rupto
1196 5230 1292 5283 muro,
1303 5219 1332 5271 at
1343 5206 1780 5292 apertajanua(intractatam),

154 5293 184 5346 at
198 5288 299 5363 lingua
311 5298 412 5343 eorum
425 5281 538 5355 guttim
549 5294 604 5335 ³110
618 5277 795 5336 adherebat·
1063 5287 1214 5344 irruerunt
1229 5301 1318 5360 super
1333 5302 1390 5344 me.

153 5510 163 5548 ¹
179 5509 214 5569 ro
232 5506 327 5567 eniam
339 5514 445 5578 genera
459 5491 586 5555 neutrali
602 5492 629 5551 le
672 5496 706 5551 nt
729 5509 787 5578 ms.
811 5490 939 5562 codices,
1027 5498 1165 5574 ’Regina
1179 5516 1235 5559 ms.
1250 5515 1378 5575 egenum,
1393 5502 1493 5559 minus
1512 5502 1642 5566 bonoad
1661 5505 1784 5567 tlsbraurt

115 5570 300 5638 corbeiensis
310 5590 388 5633 unus
396 5570 487 5630 habet
497 5566 629 5640 topazion
651 5568 722 5621 uxta
736 5565 765 5622 rd
774 5563 939 5693 lfflrodlegt·
990 5580 1084 5633 nanta.

115 5636 759 5777 musagocal.xx1,2tl,atltxodixxvur,t'1,
816 5634 939 5694 itlraca
1025 5642 1231 5703 ⁸Andttiden
1246 5660 1388 5717 mamm,
1404 5648 1506 5706 eontra
1522 5650 1637 5709 flabrari
1657 5652 1747 5709 textus
1763 5639 1787 5699 fl·

114 5736 219 5795 exemp
232 5714 440 5788 artarondtrou
468 5717 497 5774 at
524 5713 662 5771 neutrum
678 5721 773 5782 ganas
799 5706 937 5767 retinent.
990 5713 1068 5775 dam.

103 5792 205 5857 usar.
