3870 6120
113 240 183 299 carr
290 217 293 220 ’
790 247 897 303 unsa
915 241 1148 302 massonus.

152 367 230 423 Deus
245 363 335 421 lsrael
351 362 415 438 ipsa
430 365 513 423 dabit
527 367 741 439 fortitudinem,
955 372 983 440 Α
1033 371 1062 423 et
1076 367 1248 438 desperatus
1263 384 1330 425 sum
1345 383 1352 423 z

150 444 180 495 et
195 437 283 495 robur
297 439 405 511 populo
423 454 430 494 :
447 437 621 498 benedictus
636 443 721 498 Deus.
997 439 1031 496 lit
1045 439 1211 566 etxspectayi
1227 440 1277 512 qui
1292 438 1526 513 contristaretur,

1032 527 1048 566 e
1076 527 1134 568 non
1162 517 1227 567 ort:

324 569 438 611 V¹⁰T⁰¹³¹
458 573 514 612 ¹³⁸⁰
534 574 618 614 ΜΒ
636 576 733 617 ⁰⁸V10·
1031 587 1059 638 et
1074 583 1123 654 qui
1138 581 1349 652 consolaretur,
1365 586 1394 639 et
1410 599 1469 639 non
1485 583 1593 643 inirent.

111 651 235 728 (LXIX.)
251 649 338 708 Salva
354 668 410 721 ma,
427 652 505 710 Deus
521 671 529 710 :
995 655 1031 711 Et
1046 655 1191 711 dederunt
1206 654 1234 710 in
1252 671 1350 711 escam
1367 670 1461 711 meam
1477 656 1526 725 lel,

149 725 291 798 quoniam
307 729 471 781 venernut¹
487 743 569 799 equae
586 729 729 801 usquead
745 731 885 788 animem.
1030 731 1060 781 dt
1074 726 1103 781 in
1119 725 1169 782 diti
1184 742 1250 782 men
1262 731 1436 799 potaverunt
1451 743 1497 785 me
1512 733 1604 787 dueto-

112 800 228 856 lntixus
243 812 310 851 scm
326 795 356 851 in
376 796 445 851 limo
460 799 609 870 profundi,
994 797 1038 854 Sit
1053 813 1156 854 mensa
1170 813 1270 853 eornm
1285 814 1383 855 coram
1399 798 1441 855 eis
1455 799 1485 854 in
1502 801 1650 874 loqueum,

150 876 179 926 et
194 884 252 925 non
269 883 393 940 possum
409 870 570 927 consistere
586 888 593 927 :
1030 873 1059 925 et
1073 869 1103 925 in
1119 869 1328 926 retributiones
1343 870 1379 926 ad
1395 874 1604 931 corruendum.

112 941 187 999 Veni
202 941 234 997 in
251 939 429 1011 protundum
445 957 603 1013 aquarum,
994 939 1247 998 Contenebrentur
1261 940 1338 998 oculi
1350 958 1451 998 eorum
1468 960 1503 1000 na
1518 946 1644 1015 videant,

149 1018 178 1071 et
189 1011 298 1068 [lumen
315 1011 355 1082 th.
371 1011 491 1086 flnctus)
507 1014 622 1087 operuit
636 1030 692 1072 me.
1030 1017 1060 1070 et
1074 1012 1195 1069 dorsum
1212 1013 1253 1085 (b.
1270 1012 1399 1086 lumbos)
1415 1029 1517 1072 eorum
1531 1032 1648 1089 sempor
1663 1017 1794 1078 incurva.

113 1082 255 1143 mborcvi
271 1083 414 1151 clamans,
429 1090 632 1158 exasperatum
647 1091 691 1143 est
705 1091 805 1160 guttur
820 1107 939 1150 meum:
995 1083 1119 1141 uuanda
1133 1101 1223 1156 super
1237 1101 1287 1141 ene
1302 1085 1533 1159 indignationem
1549 1094 1642 1159 tuam,

152 1155 325 1232 deiecerunt
339 1156 416 1213 oculi
428 1157 496 1227 mei,
507 1162 709 1231 exspectantes
721 1160 812 1218 Deum
829 1179 939 1222 meum.
1030 1161 1060 1213 et
1074 1157 1118 1212 ire
1132 1156 1240 1213 suroris
1256 1157 1299 1214 tui
1314 1157 1545 1230 comprehendat
1558 1177 1619 1218 eos.

114 1227 303 1311 Multiplicati
318 1232 389 1284 suut
404 1245 493 1311 super
507 1229 628 1302 capillos
644 1233 748 1304 cepitis
764 1235 832 1305 mai,
995 1228 1058 1310 Fiat
1071 1228 1262 1311 commoratio
1277 1245 1379 1286 eorum
1394 1228 1510 1288 deserta
1525 1247 1533 1288 ε

113 1299 682 1455 Catiiciriiltirgirit[initiareturtslgquebnntur
695 1391 741 1432 mo
753 1375 865 1435 inimici
883 1378 939 1436 mei
995 1300 1742 1454 Otitridiiffirtitigtliilliueggiiildgisii?lieigieitatilsttiiit
1757 1390 1765 1433 t

188 1446 300 1515 injuste
316 1459 323 1498 ε
1029 1449 1059 1499 et
1074 1448 1106 1499 ut
1121 1444 1286 1516 alllrgerent
1302 1444 1471 1502 vulneratos
1486 1453 1563 1516 tuos,
1580 1449 1742 1507 narrabunt
1754 1447 1776 1504 ⁸.

148 1533 210 1587 que
224 1531 283 1570 non
297 1530 464 1596 rapueram,
481 1520 552 1572 tunc
566 1517 736 1576 reddebam.
993 1520 1036 1572 Da
1051 1514 1237 1586 iniquitatem
1253 1532 1342 1588 snper
1360 1516 1546 1588 iniquitatem
1563 1536 1676 1588 eorum,

109 1586 202 1657 Deus,
218 1590 249 1642 tu
267 1603 326 1644 scrs
342 1585 499 1644 stultitiam
517 1604 625 1658 meam,
1029 1590 1057 1643 et
1072 1604 1129 1642 uon
1145 1587 1265 1644 veniant
1277 1589 1307 1643 in
1320 1588 1439 1659 justitia
1454 1594 1514 1647 tua.

148 1664 178 1715 et
194 1663 312 1731 peecata
328 1673 393 1714 mea
408 1674 425 1714 a
439 1665 467 1716 te
483 1677 541 1716 nou
557 1663 627 1716 sunt
641 1660 826 1721 abscondita.
994 1660 1152 1716 beleautnr
1166 1660 1201 1715 da
1218 1659 1291 1716 libro
1307 1660 1479 1728 viventium,

110 1731 175 1788 Non
203 1730 444 1787 confundantur²
467 1731 498 1789 in
525 1747 572 1789 me
596 1738 797 1805 exspectantes
820 1734 873 1809 (Al.
890 1735 981 1808 quiss
1033 1735 1063 1787 et
1076 1747 1142 1786 eum
1154 1731 1247 1801 justis
1263 1748 1321 1787 uon
1339 1732 1518 1790 scribantur.

154 1803 370 1931 „sortisti
385 1807 575 1931 lienam.
997 1807 1296 1945 tlltddtlttf
1305 1804 1497 1948 tristitiis
1508 1876 1528 1935 ο.

115 1947 181 2005 Non
198 1946 417 2002 confundantur
431 1947 461 2001 in
477 1962 524 2004 me
998 1946 1136 2004 Laudabo
1151 1961 1256 2002 nomen
1272 1947 1321 2003 Dei
1336 1948 1366 2003 in
1382 1948 1508 2018 cantico,

179 2019 207 2073 ui
223 2016 618 2090 queruntte,1)euslsrael.
1032 2022 1061 2075 et
1077 2018 1272 2090 magnificabo
1287 2035 1354 2075 eum
1371 2019 1400 2075 in
1416 2018 1610 2077 confessione.

156 2035 231 2154 guia
246 2093 405 2162 propterte
423 2091 534 2162 portavi
549 2088 763 2163 opprobrium:
998 2089 1031 2146 ut
1050 2089 1178 2163 placebit
1200 2089 1325 2146 Domino
1349 2107 1439 2164 super
1462 2090 1587 2148 vitulum
1610 2091 1760 2151 novellum
1775 2093 1819 2167 (b.

157 2164 274 2234 operuit
286 2162 419 2218 conlusio
432 2162 535 2219 taciem
552 2177 658 2218 maana
1070 2161 1171 2218 bovem
1187 2162 1328 2235 taurum),

117 2233 241 2290 Alienus
257 2233 352 2290 lactus
367 2250 434 2291 snm
450 2233 590 2290 iratribus
606 2233 691 2300 meis,
1033 2248 1142 2289 cornua
1155 2232 1322 2290 efferentem
1335 2236 1365 2289 et
1379 2231 1517 2305 ungulas.

156 2311 185 2363 et
199 2305 372 2378 peregrinus
387 2305 456 2361 tiliis
472 2306 525 2377 (Al.
542 2305 632 2377 tilius)
649 2307 752 2364 matris
767 2324 846 2366 meae.
996 2303 1137 2361 Videntes
1151 2306 1297 2363 mansneti
1313 2305 1512 2362 letabuntur:

118 2376 194 2444 Quia
208 2377 288 2433 zelus
304 2378 410 2433 domus
427 2381 484 2434 tuae
498 2376 626 2434 comedit
641 2394 698 2445 me,
1033 2376 1083 2449 qui
1099 2377 1229 2447 quaeritis
1252 2382 1355 2448 baum,
1371 2376 1448 2435 vivet
1471 2376 1571 2435 anima
1594 2383 1693 2438 vestra
1714 2377 1755 2453 (b.
1771 2394 1823 2438 cor

155 2452 184 2505 et
194 2449 385 2522 opprobrium
398 2448 637 2522 exprobrantium
650 2449 704 2506 tibi
714 2450 840 2510 cecidit⁸
854 2468 945 2527 super
1068 2449 1222 2520 vestrum).

155 2537 213 2577 me.
997 2519 1141 2587 Quoniam
1158 2519 1307 2576 exaudivit
1320 2534 1465 2592 pauperes
1480 2519 1624 2578 Dominus
1639 2535 1648 2580 t

116 2592 154 2650 ut
171 2591 235 2648 tleci
250 2591 280 2647 in
292 2590 408 2663 jejunio
421 2591 552 2648 animam
569 2607 676 2648 meam.
1032 2597 1061 2647 et
1075 2591 1189 2649 vinctos
1204 2608 1274 2648 suos
1290 2608 1347 2648 non
1363 2592 1506 2664 despexit.

153 2669 183 2721 et
194 2664 304 2720 lactum
319 2668 365 2720 est
378 2664 408 2720 in
422 2664 614 2737 opprobrium
630 2664 713 2722 mihl.
997 2663 1130 2719 Laudent
1145 2680 1211 2719 eum
1227 2661 1291 2718 coeli
1305 2667 1335 2718 et
1349 2666 1427 2719 terra
1443 2679 1450 2719 ε

115 2737 154 2793 Et
169 2735 253 2809 posui
268 2735 476 2792 vestimentum
492 2752 590 2792 meum
606 2752 736 2807 saccum,
1033 2736 1126 2791 maria
1140 2741 1170 2792 et
1184 2750 1270 2792 omna
1286 2735 1364 2807 quod
1381 2737 1514 2792 movetur
1527 2733 1558 2789 in
1574 2732 1617 2793 ais
1633 2750 1641 2793 t

153 2814 182 2864 et
196 2808 293 2864 lactus
308 2824 375 2864 sum
390 2807 433 2864 eis
447 2807 478 2863 iu
494 2806 675 2881 parabolam.
996 2805 1069 2872 Quia
1083 2806 1161 2864 Deus
1175 2805 1301 2863 salvabit
1314 2806 1394 2875 Sion,

114 2879 225 2936 Contra
240 2894 286 2935 ma
302 2878 498 2953 loquebantur
512 2880 563 2952 qui
579 2881 720 2936 sedebant
735 2884 763 2936 ln
781 2885 872 2952 porta.
1031 2885 1060 2935 et
1072 2879 1227 2934 editleabit
1241 2877 1373 2935 civitates
1388 2877 1465 2933 iuda
1480 2893 1487 2932 :

152 2956 182 3007 et
195 2952 355 3008 cantabant
368 2951 504 3008 bibentes
517 2952 617 3008 vinum
633 2951 674 3025 (h.
692 2953 829 3028 siceram)
1031 2954 1059 3007 et
1074 2950 1250 3006 habitabunt
1264 2949 1316 3015 ibi,
1332 2953 1361 3006 et
1375 2947 1570 3021 possidebunt
1584 2963 1660 3017 eam,

117 3022 186 3080 Mea
201 3029 300 3079 autem
315 3023 407 3079 oratio
421 3023 457 3079 ad
472 3028 511 3092 te,
529 3024 651 3080 Domine
661 3025 682 3089 ⁶,
997 3021 1145 3078 sesemen
1160 3037 1310 3078 servorum
1323 3022 1388 3092 ejus
1404 3019 1567 3094 possidebit
1581 3037 1658 3090 eam,

152 3100 272 3179 tempus
288 3094 534 3152 reconciliationis
549 3101 594 3153 est
610 3096 649 3167 (b.
665 3101 736 3152 tacet
748 3096 816 3168 est).
956 3116 979 3186 c
1033 3098 1061 3151 et
1075 3095 1125 3167 qui
1141 3093 1267 3168 diligunt
1281 3108 1389 3150 nomen
1404 3093 1469 3164 ejus
1484 3091 1663 3150 habitabunt
1675 3089 1707 3150 in
1721 3108 1766 3150 ea.

115 3166 198 3224 Deus
214 3183 243 3222 ru
259 3166 450 3223 multitudiue
466 3168 670 3223 misericordia
683 3173 753 3239 tum,

152 3238 259 3295 exaudi
275 3254 320 3295 ma
336 3239 366 3294 iu
380 3239 500 3295 verltate
515 3238 621 3295 salutis
638 3242 696 3295 tuas
706 3240 727 3294 ⁸.
1146 3225 1259 3268 ΜΘΝ
1278 3224 1363 3266 ΜΠ)
1380 3222 1420 3265 ¹⁸⁰
1440 3223 1667 3269 mmmm·

114 3310 194 3367 Erue
210 3326 257 3367 me
271 3311 307 3366 de
321 3309 383 3366 luto
401 3315 433 3366 ut
448 3327 505 3366 non
521 3311 626 3382 inllgar
642 3327 649 3366 :
993 3305 1099 3382 (LXX.)
1114 3307 1204 3378 Deus,
1219 3312 1252 3365 nt
1266 3306 1374 3364 liberes
1388 3323 1436 3363 me
1451 3324 1459 3364 t

150 3383 245 3439 libera
260 3398 305 3438 me
320 3383 357 3438 ab
373 3381 419 3438 his
442 3382 493 3455 qui
508 3383 634 3440 ederunt
648 3398 706 3453 me,
721 3384 750 3439 et
767 3381 803 3439 de
818 3383 941 3456 prolun-
1031 3379 1164 3446 Domine,
1178 3384 1212 3435 ut
1226 3378 1376 3436 auxilieris
1392 3378 1477 3448 mibi,
1493 3377 1610 3436 festina.

188 3454 235 3510 dis
251 3469 407 3526 aquarum.
995 3451 1217 3508 contundantur
1231 3457 1260 3508 et
1273 3451 1449 3507 erubescant

112 3524 156 3582 Ne
170 3525 287 3599 operiat
301 3541 346 3581 me
361 3525 469 3581 fluetus
484 3540 577 3597 aque,
1030 3522 1081 3596 qui
1096 3527 1234 3594 querunt
1247 3523 1376 3579 animam
1395 3538 1489 3580 meam
1507 3538 1514 3578 :

151 3614 189 3654 ne
204 3597 382 3654 absorbeut‘
396 3611 444 3652 me
457 3598 638 3668 profundum
655 3612 663 3652 ε
994 3595 1208 3653 Convertuntur
1222 3600 1393 3661 retrorsum,
1409 3599 1438 3651 et
1449 3594 1636 3663 erubescent,

147 3674 177 3725 et
192 3685 252 3725 non
266 3673 385 3725 coronet
399 3684 548 3740 superma
564 3673 669 3741 puteus
684 3684 718 3725 os
732 3683 831 3726 suurn.
1030 3668 1081 3738 qni
1096 3667 1198 3724 volunt
1213 3668 1325 3724 molum
1342 3664 1425 3722 mibi.

111 3740 227 3797 Exaudi
244 3757 300 3809 me,
317 3740 449 3807 Domine,
462 3741 602 3812 quoniam
619 3742 694 3797 bona
713 3746 758 3800 est
773 3740 938 3799 misericor·
994 3738 1187 3794 Revertantur
1201 3739 1237 3793 ad
1252 3737 1324 3794 vesti
1348 3739 1408 3793 lum
1424 3736 1605 3793 confusionis
1621 3752 1692 3804 sue,

147 3813 198 3869 dia
221 3816 282 3881 tna,
297 3812 461 3871 secundum
479 3811 699 3869 multitudinem
715 3812 938 3871 miserationum
1029 3810 1079 3882 qui
1094 3811 1198 3866 dieunt
1210 3809 1282 3865 vahl
1299 3825 1335 3864 va
1367 3808 1373 3863 !

183 3887 303 3941 tuarum
321 3885 431 3956 respice
446 3884 482 3940 ad
499 3901 554 3940 me.
992 3882 1145 3938 (tondeant
1158 3885 1187 3937 et
1201 3880 1338 3937 latentur
1352 3880 1382 3934 in
1397 3881 1425 3935 te
1440 3893 1543 3934 omnes
1558 3877 1607 3950 qui
1620 3880 1756 3951 querunt
1770 3879 1815 3949 te;
1930 3914 1933 3921 ·

110 3955 147 4013 ur
162 3972 199 4012 ue
214 3956 380 4013 abscondas
396 3955 500 4013 taciem
516 3960 596 4011 tuam
613 3972 629 4010 a
644 3971 727 4012 servo
742 3958 793 4010 too
808 3971 816 4010 ε
1027 3958 1056 4009 et
1070 3954 1170 4010 dicant
1184 3967 1309 4023 sempor,
1326 3950 1530 4022 magnificatur
1544 3950 1633 4020 Deus,

147 4028 290 4099 quoniam
305 4026 431 4085 tribulor
445 4029 503 4084 cito
518 4027 560 4100 (b.
577 4027 695 4096 lustina)
710 4027 815 4083 exaudi
831 4043 888 4085 ma.
1027 4024 1077 4097 qui
1093 4025 1221 4098 diligunt
1235 4022 1364 4080 salutare
1380 4030 1474 4079 tuum.

147 4100 262 4156 Accede
278 4101 312 4157 ad
328 4099 457 4156 animam
474 4115 583 4168 meam,
598 4099 709 4156 redime
725 4099 809 4155 cami
827 4113 834 4154 :
992 4096 1053 4169 Ego
1067 4102 1166 4153 autem
1181 4111 1291 4178 egenus
1306 4099 1335 4151 et
1350 4110 1471 4166 pauper,

149 4174 269 4255 prepter
283 4171 418 4228 inimicos
434 4187 514 4228 meos
529 4171 621 4228 libera
636 4186 693 4227 me.
1028 4173 1115 4250 Dens,
1131 4168 1238 4225 lestrna
1253 4182 1304 4240 pro
1322 4181 1389 4222 mo:

109 4242 156 4300 'l'u
172 4259 234 4299 scre
248 4242 440 4315 opprobrium
456 4259 565 4308 meum,
991 4239 1139 4296 Auxilium
1156 4254 1255 4294 meum
1270 4242 1300 4294 et
1314 4237 1442 4294 salvalor
1461 4251 1545 4292 meus
1559 4240 1602 4291 tu.

147 4318 176 4371 et
191 4315 395 4372 contusionem
413 4331 519 4381 meam,
535 4320 564 4370 et
577 4312 773 4385 ignominiam
789 4328 886 4370 meam
903 4327 910 4368 ε
1028 4312 1161 4378 Domine,
1178 4328 1214 4368 ne
1230 4310 1362 4367 moreris.

146 4402 247 4444 coram
264 4392 292 4444 ts
306 4390 378 4443 sunt
392 4402 494 4443 omues
509 4387 609 4443 hostes
624 4385 692 4440 mai.
992 4383 1088 4457 (LXXI
1101 4383 1145 4455 ¹⁰.)
1162 4384 1193 4438 lu
1209 4387 1249 4445 te,
1264 4381 1397 4448 Domine,
1415 4379 1549 4462 speravi,

108 4457 276 4533 Opprobrio
289 4458 449 4516 contritum
466 4462 511 4516 est
525 4474 576 4515 cor
590 4473 701 4528 meum,
952 4489 976 4555 D
1027 4471 1086 4512 non
1102 4454 1266 4512 confundar
1280 4454 1310 4510 in
1325 4458 1467 4510 aternum
1484 4451 1526 4525 (b.
1542 4468 1572 4506 ιο
1587 4449 1753 4525 seculum).

146 4635 370 4705 tercentena..
389 4638 651 4700 correcturarum
675 4633 801 4710 Reginae.
819 4650 874 4692 ms.
891 4651 936 4693 aa·
994 4632 1109 4690 intende
1132 4631 1237 4689 animm
1257 4645 1334 4699 mere,
1363 4637 1390 4686 er
1412 4628 1521 4686 redime
1543 4643 1614 4685 enm.
1648 4627 1683 4686 ur
1705 4632 1819 4703 postea,

107 4726 163 4785 pue
177 4710 216 4767 nd
230 4709 355 4766 animem
369 4725 471 4766 mecm.
995 4704 1100 4762 redimo
1114 4720 1167 4774 me,
1181 4719 1232 4776 pro
1249 4701 1334 4759 libero
1350 4717 1402 4758 me.
1419 4701 1513 4758 Mirer.
1905 4754 1908 4759 .

144 4783 156 4817 ¹
171 4781 256 4838 Multi
272 4782 400 4848 codices,
418 4782 449 4836 Et
468 4795 523 4837 noc
547 4784 738 4848 revereantur,
752 4777 796 4834 vel
812 4778 876 4834 sine
891 4795 941 4835 co·
1028 4777 1039 4813 ⁸
1054 4774 1257 4833 cisterciensis
1274 4790 1341 4842 ms,
1353 4776 1380 4830 cl
1394 4773 1598 4845 superplenam
1612 4771 1821 4829 catenatorum

109 4852 193 4927 pula,
216 4855 275 4912 Noa
303 4856 495 4913 revereantur.
520 4851 619 4908 Canon
648 4848 855 4920 Memmianus,
881 4850 941 4908 liora
994 4856 1106 4905 luorum
1120 4849 1285 4904 comedunt.
1302 4849 1396 4919 Atque
1411 4845 1454 4900 ita
1467 4845 1587 4917 quidem
1605 4843 1741 4901 ltebraeus
1756 4841 1819 4914 ipse

108 4933 292 4984 mmm?
305 4941 387 4997 ΝΜ
404 4940 456 4980 m‘·
474 4924 568 4980 MART·
994 4937 1082 4995 babet
1093 4946 1176 5002 libbi
1195 4921 1286 5023 *libbe
1305 4918 1483 5002 :tetum-bd,
1496 4935 1531 4991 ad
1547 4933 1685 5004 litteram,
1698 4935 1820 5003 elecper
1925 5004 1931 5013 ι

145 4998 157 5034 ⁸
173 4999 206 5054 ¹¹²
222 4996 329 5081 ΡΜ
344 4996 406 5078 him
427 4996 531 5067 “gunt
546 5011 618 5051 “¹⁸⁸¹
635 4995 694 5077 (ΨΟ
709 4991 901 5077 ⁰¹⁰mP¹⁸¹i⁸t
913 5002 939 5050 θ’
993 5028 1119 5085 dolorem
1133 5026 1349 5083 vulneratorum
1364 5027 1474 5079 tuorum
1493 5024 1648 5096 toquentur.
1664 5020 1772 5077 Verum
1787 5018 1818 5075 in

108 5069 297 5143 ‘'W‘'bmm
320 5068 489 5135 ‘mmm'
505 5073 561 5123 “⁰⁶
585 5069 617 5122 ¹¹¹
633 5065 701 5122 “¹¹¹⁸
723 5067 863 5122 ⁰m¹¹¹b¹¹³
877 5082 939 5122 ⁸¹¹¹*
994 5116 1051 5156 ms.
1066 5096 1229 5155 versiculus
1244 5095 1295 5152 ille
1310 5111 1378 5151 cum
1402 5095 1467 5169 ipso
1482 5096 1571 5152 etiam
1587 5093 1732 5167 impresso
1747 5089 1818 5160 legi·
1882 5148 1885 5153 ,

107 5140 224 5215 &unffi
238 5146 285 5200 ⁰⁸i
299 5156 451 5197 numm·
468 5139 562 5196 MART·
994 5179 1052 5237 tur,
1066 5175 1097 5227 et
1112 5175 1145 5226 ut
1168 5170 1293 5235 videtur,
1310 5166 1394 5238 quasi
1416 5169 1480 5240 ejus
1505 5167 1651 5238 glossema
1665 5164 1700 5220 ab
1725 5161 1818 5220 Sobo—
1925 5190 1930 5197 ·

144 5229 264 5288 ‘Aliter
286 5229 386 5286 &non
400 5226 643 5287 Carcassonensis
658 5240 726 5282 cum
751 5224 939 5298 pedissequis
992 5242 1078 5299 pm,
1094 5241 1232 5314 quopiam
1249 5239 1467 5312 superadditus,

106 5301 228 5360 ⁶⁰0b¹¹⁸
250 5302 412 5370 ῦθῦῦΰθῐῑῦ,
429 5315 534 5372 nimpi
549 5315 616 5355 cum
642 5296 742 5354 00‘3500
759 5298 940 5380 Ᾰῑῑβῦἒῑῑῦθ·
1028 5314 1151 5370 ⁸Nostri
1178 5329 1250 5369 mss.
1267 5313 1296 5366 iu
1312 5313 1411 5367 loturo
1434 5309 1574 5380 receptet.
1593 5307 1624 5364 ln
1639 5305 1759 5364 Hebraeo
1780 5302 1817 5362 ad

105 5391 174 5432 rum
192 5372 462 5458 burdigalensium,
477 5376 507 5428 et
521 5370 615 5427 altero
629 5370 657 5426 S.
675 5367 826 5426 Michaelis
841 5385 870 5424 m
887 5374 938 5426 Pe·
993 5385 1125 5459 optantis
1140 5384 1273 5446 modum,
1289 5382 1534 5454 rescipiscetecet,
1549 5385 1603 5436 eto.

104 5446 205 5505 riculo
227 5445 328 5514 Maris,
344 5442 395 5502 ubi
422 5443 549 5515 legimus
565 5458 572 5499 :
589 5444 644 5514 Epo
669 5453 763 5499 actem
787 5441 939 5498 orationem
1030 5458 1052 5495 rc
1067 5459 1137 5513 Em,
1154 5459 1223 5524 sem,
1240 5471 1303 5525 qu,
1325 5454 1403 5526 ,pud
1419 5453 1488 5509 Lxx
1507 5451 1622 5519 103me
1638 5445 1818 5520 2953„th

103 5518 252 5577 maamad
268 5527 303 5588 ¹⁶2
318 5517 443 5575 ⁰⁰⁰¹2'd0·
460 5516 555 5572 MART·
994 5528 1056 5586 sive
1071 5529 1190 5586 titulum
1206 5524 1343 5587 Psalmis,
1358 5522 1563 5582 Cisterciensis
1578 5537 1634 5576 ms.
1652 5518 1817 5592 praeponit:

140 5606 233 5666 ‘Part
249 5621 396 5663 consensu
413 5604 507 5661 nostri
529 5619 614 5670 mss..
632 5603 663 5659 ic
677 5603 793 5659 veritate
807 5602 940 5660 solutoris
993 5601 1121 5661 Prolmcs
1156 5600 1248 5683 Dauid
1273 5597 1400 5724 pliorem
1430 5593 1549 5680 loretto
1579 5591 1650 5676 (lep.
1682 5590 1819 5658 landolt

107 5680 160 5740 toi.
177 5680 255 5736 Tum
271 5681 346 5751 eripe
359 5693 412 5746 me,
429 5691 572 5749 procrea,
589 5679 644 5730 etc.
991 5676 1106 5744 prior...
1131 5676 1237 5745 captare
1262 5671 1348 5753 (ege,
1371 5670 1397 5722 et
1418 5682 1550 5796 grcoram
1570 5667 1762 5737 captatorem).
1778 5662 1820 5720 lte

141 5752 155 5790 ⁸
171 5754 234 5808 Duo
250 5765 336 5822 mss,
349 5751 452 5822 ttavlro
467 5763 561 5822 opum,
574 5754 602 5804 et
614 5761 650 5803 aa
663 5746 820 5814 obsorbeat,
835 5749 891 5804 etc.
992 5750 1092 5803 autem
1107 5760 1176 5804 uera
1198 5740 1317 5801 nullum
1332 5755 1361 5797 ιο
1376 5736 1417 5795 lle

142 5815 938 5882 ²mnesdommianusasanuemssanstancstcr:
992 5815 1125 5876 titulum.

1440 5755 1497 5799 rso
1511 5736 1601 5797 babet
1614 5734 1663 5794 bie
1688 5734 1822 5809 psalmus
1897 5764 1902 5773 ·
