3878 6150
107 296 167 356 ser
736 297 844 353 amna
861 295 967 352 marn
985 293 1195 351 saoneres.
1766 307 1820 368 ⁸3⁸
1885 336 1888 343 .

107 420 336 497 congregamini
352 420 465 504 populi,
481 424 508 477 et
523 419 678 478 vincimini
693 436 701 477 τ
955 422 983 488 Α
1032 423 1065 474 ut
1078 418 1232 502 confirmet
1246 417 1364 488 illudet
1379 423 1547 482 corroboret
1560 425 1716 500 injudicio
1730 435 1822 506 etju.

148 505 179 554 at
193 496 293 552 audito
308 509 450 551 universe
467 492 568 577 procul
584 498 667 550 terras
683 508 690 549 :
1068 496 1159 558 stitia,

109 566 340 636 confortamini,
355 573 385 622 et
398 566 561 630 vincimini,
997 562 1106 616 limodo
1121 566 1151 616 ct
1165 577 1259 633 usque
1274 562 1302 618 in
1320 570 1532 638 sempiternum
1550 586 1557 625 :

149 642 222 696 inite
236 638 406 705 eonsilium,
422 644 452 693 et
466 635 682 710 dissipabitur:
1032 636 1113 688 zelus
1126 635 1242 689 Domini
1259 641 1437 694 exercituum
1452 641 1534 696 saciet
1551 643 1615 698 hoe.

149 709 307 784 loquimini
322 711 446 765 verbum
463 714 491 764 et
507 725 564 765 non
580 709 653 765 net:
998 705 1222 787 l'erbummisit
1237 705 1378 766 Dominus
1393 711 1423 766 in
1439 711 1539 780 Jacob,

151 787 223 857 quia
237 781 391 838 nobiseum
406 786 495 837 Deus.
1034 783 1064 832 ct
1078 777 1184 831 cecidit
1200 779 1228 831 in
1245 778 1344 835 lsrael.

111 861 182 913 Here
197 855 277 911 enim
292 852 335 908 ait
349 851 493 910 Dominus
509 850 543 905 ad
560 866 607 905 me
624 866 631 906 :
999 847 1034 903 ut
1047 850 1120 904 sciet
1135 849 1261 930 populus
1275 850 1372 907 omnis
1388 851 1574 927 Ephraim,et
1586 856 1755 921 habitantes
1770 863 1826 922 Sa·

152 929 231 984 sieut
245 926 274 979 in
292 925 360 981 iorli
377 941 464 979 manu
480 923 607 978 erudivit
623 939 679 978 mc.
1072 936 1209 989 mariam,

153 1016 191 1055 ne
206 1000 279 1054 irem
295 995 324 1051 in
340 996 387 1052 via
402 994 502 1068 populi
518 993 619 1069 hujus,
632 995 733 1050 dicens
749 1010 756 1050 ε
1037 990 1066 1046 in
1082 992 1221 1063 superbia
1236 995 1265 1047 et
1278 993 1482 1067 magnitudine
1498 998 1593 1056 cordis
1609 1001 1737 1065 dicentes
1754 1022 1762 1063 z

153 1071 219 1128 Non
235 1070 352 1135 dicatis,
368 1068 531 1139 conjuratio
549 1082 556 1122 :
1001 1063 1117 1119 Lateres
1132 1063 1310 1135 ecciderunt,

116 1144 228 1201 Omnia
243 1139 320 1196 enim
336 1157 400 1213 qua
416 1137 546 1209 loquitur
560 1135 687 1210 populus
701 1137 768 1204 ista,
783 1137 946 1208 conjuratio
1037 1134 1088 1190 sed
1106 1135 1225 1206 quadris
1241 1135 1388 1209 lapidibus
1403 1139 1616 1200 aedillcabimus
1632 1163 1640 1202 ε

229 1218 287 1273 εει,
1001 1210 1174 1279 sycomoros
1189 1208 1384 1279 succiderant,

155 1290 185 1342 ει
200 1283 337 1339 timorem
351 1280 416 1350 ejus
430 1297 467 1336 ne
483 1278 621 1345 timeatis,
634 1295 730 1351 nequo
744 1281 884 1351 paveatis.
1038 1280 1089 1334 sed
1106 1278 1208 1335 cedros
1224 1280 1461 1338 immutabimus.

119 1357 280 1414 Dominum
297 1356 477 1409 exercituum
493 1353 591 1434 ipsum
608 1352 789 1408 sanctificate
805 1367 811 1406 :
1003 1349 1039 1405 Et
1052 1350 1176 1433 elevabit
1191 1352 1332 1435 Dominus
1348 1352 1448 1408 hostes
1464 1355 1550 1412 [tasin
1567 1375 1656 1431 super
1670 1376 1750 1433 eum,

121 1442 328 1557 restittit
343 1428 678 1551 htththtttith‘
692 1429 796 1480 ‘'⁰⁸¹⁰‘'
1003 1426 1771 1566 adstitisset,’thtiltthttitim2

159 1575 192 1628 ln
207 1570 333 1642 lapidem
349 1573 446 1624 autem
462 1567 673 1635 cilensionis,et
687 1566 716 1621 in
732 1571 844 1640 petram
861 1583 947 1623 soan-
1041 1570 1070 1620 et
1085 1565 1266 1621 devorabunt
1280 1565 1366 1623 lsrael
1385 1574 1444 1624 toto
1460 1585 1519 1627 ore.

194 1644 266 1708 dati,
282 1641 399 1695 duahus
412 1640 551 1694 domibus
570 1637 658 1693 lsrael
674 1653 682 1692 :
1007 1637 1039 1693 ln
1055 1636 1195 1692 omnibus
1210 1637 1256 1692 his
1272 1644 1387 1695 nonest
1403 1657 1523 1697 aversus
1539 1642 1620 1701 iuror
1634 1648 1698 1720 ejus

159 1716 190 1770 in
208 1717 348 1785 laqueum
363 1718 391 1766 et
407 1711 437 1767 in
462 1713 579 1766 ruinam
603 1709 807 1765 babitantibus
829 1709 949 1766 Jerusa-
1044 1708 1094 1765 sed
1109 1708 1205 1763 adhuc
1220 1725 1328 1766 manus
1343 1711 1408 1782 ejus
1422 1719 1549 1770 extenta.
1702 1691 1710 1718 ’

199 1786 269 1841 lem.
408 1852 413 1863 Ι
549 1852 554 1862 ,
967 1787 1039 1884 BDl
1054 1779 1180 1861 populu-s
1196 1796 1252 1836 uon
1269 1787 1314 1837 est
1328 1787 1509 1841 reversusad
1526 1789 1736 1859 percutientem
1752 1810 1794 1867 ss,

130 1860 161 1915 lit
175 1857 325 1914 offendent
340 1852 459 1926 plurimi
474 1870 509 1909 ex
530 1869 584 1923 eis,
609 1858 637 1908 et
660 1853 775 1921 cadent,
799 1857 828 1908 ει
851 1857 951 1910 conte·
1041 1860 1070 1909 ει
1085 1852 1242 1907 Dominum
1258 1856 1439 1911 exercituum
1457 1874 1513 1914 non
1531 1860 1740 1934 inquisierunt.

198 1933 311 1993 rentur,
1005 1930 1041 1986 Ει
1056 1922 1204 1995 disperdet
1220 1925 1362 1981 Dominus
1378 1929 1414 1981 ab
1431 1928 1520 1985 israel
1537 1938 1626 2004 caput
1640 1940 1669 1990 et
1682 1937 1819 2010 caudam,

162 2008 191 2058 οἱ
207 2000 388 2062 irretientur,
403 1999 432 2051 ει
446 1997 609 2066 capientur.
1042 1999 1494 2069 incurvantemetrcirenantem,
1505 2002 1558 2069 (At.
1570 2006 1778 2078 depravantem
1790 2009 1835 2082 in)
1860 2034 1863 2039 ·

136 2073 198 2146 Liga
214 2068 421 2127 testimonium
437 2068 489 2131 trit.
506 2066 697 2138 testimonia),
1080 2068 1126 2122 die
1143 2083 1210 2121 una.

164 2147 250 2217 signa
267 2144 360 2212 legam
377 2141 405 2193 in
422 2136 577 2222 discipulis
593 2139 676 2194 meis.
722 2209 728 2223 ι
1045 2146 1204 2209 Lougaevus
1220 2142 1248 2193 ει
1263 2136 1457 2209 honorabilis,
1472 2140 1536 2214 ipse
1551 2150 1597 2202 est
1610 2153 1699 2220 caput
1715 2169 1722 2209 :

135 2214 347 2287 litexspeetaho
359 2216 579 2282 Dominum,qui
590 2211 744 2267 abscondit
755 2211 856 2267 taciem
869 2225 954 2266 suam
1044 2220 1073 2269 et
1088 2211 1231 2336 propheta
1245 2211 1353 2266 docens
1371 2216 1567 2288 triendacium,
1583 2218 1645 2290 ipse
1659 2228 1705 2277 εει

201 2306 219 2343 a
234 2289 323 2341 domo
338 2282 440 2346 Jacob,
1080 2299 1134 2338 cau
1159 2298 1185 2336 a.

162 2365 192 2415 et
207 2356 397 2430 prestolabor
410 2368 487 2408 sum.
1011 2357 1045 2412 nt
1060 2358 1156 2419 crunt,
1173 2351 1224 2424 qui
1240 2352 1408 2410 beatificant
1423 2357 1563 2429 populum
1579 2361 1682 2435 istum,
1694 2365 1837 2424 sedunen-

135 2431 202 2488 Ecca
218 2446 273 2501 ego
285 2435 313 2484 et
325 2426 406 2498 pueri
423 2425 568 2496 mei,quos
583 2424 664 2480 dedit
679 2424 751 2480 mihi
767 2425 911 2482 Dominus
926 2424 957 2479 in
1083 2430 1142 2492 tes3
1159 2431 1187 2478 et
1202 2423 1252 2494 qui
1270 2424 1474 2484 beatificantur
1493 2431 1546 2503 (At.
1572 2433 1649 2490 beati
1673 2437 1824 2513 dicuntur)

201 2503 333 2574 signum,
349 2503 377 2554 et
394 2498 422 2552 in
440 2501 608 2568 portentum
624 2497 678 2569 (At.
691 2498 773 2568 sigua
790 2503 879 2570 atque
894 2513 958 2570 por·
1085 2495 1268 2568 precipitati.
1827 2482 1837 2510 '

202 2575 298 2640 tenta)
315 2568 412 2638 lsrael,
777 2634 780 2639 ¹
1012 2569 1133 2640 Propter
1149 2567 1202 2622 hoe
1218 2582 1307 2638 super
1322 2567 1548 2630 adolescentulis
1559 2576 1624 2648 ejus
1640 2594 1697 2635 non
1721 2579 1839 2639 letabi-

164 2665 182 2702 a
199 2644 325 2702 Domino
336 2638 583 2711 exercituum,qui
594 2638 708 2701 habitat
723 2640 753 2696 in
769 2640 957 2698 monteSion·
1083 2644 1133 2695 tur
1148 2638 1291 2694 Dominus
1307 2656 1314 2694 :

128 2716 163 2775 Ει
179 2733 252 2772 eum
268 2714 394 2770 dixerint
408 2711 443 2766 ad
460 2726 531 2766 vos:
1049 2716 1078 2769 ει
1093 2709 1272 2783 pupillorum
1295 2710 1370 2782 ejus,
1394 2715 1423 2769 et
1446 2714 1599 2774 viduarum
1625 2736 1683 2778 non
1714 2723 1838 2782 misere·

126 2789 259 2856 Quaerite
275 2804 292 2842 a
307 2783 497 2857 pythonibus,
512 2787 570 2838 eta
586 2781 705 2850 divinis,
721 2783 773 2855 qui
788 2782 914 2840 strident
928 2782 958 2838 in
1085 2783 1166 2837 bitur
1183 2798 1189 2836 :

208 2856 458 2915 incantationibus
472 2854 536 2911 suis
553 2870 560 2910 z
1013 2853 1088 2919 Quia
1103 2854 1199 2910 omnis
1215 2851 1367 2925 hypocrita
1381 2857 1426 2910 εει
1441 2860 1469 2911 ει
1485 2873 1622 2932 nequam,

122 2931 273 3004 Nunquid
291 2946 348 2985 non
365 2926 489 3000 populus
504 2943 521 2982 a
535 2933 593 2983 Deo
608 2943 662 2983 suo
677 2928 817 3000 requiret,
1050 2931 1079 2982 ει
1091 2926 1261 2982 universum
1277 2940 1309 2979 os
1323 2923 1451 2981 locutum
1468 2935 1512 2984 est
1527 2933 1694 2992 stultitiam.

164 3020 224 3078 pro
240 3002 313 3057 vivis
327 3016 361 3057 ac
377 2997 522 3054 mortuis?
1015 2999 1048 3054 lu
1064 2998 1203 3054 omnibus
1220 2997 1264 3052 his
1280 3012 1337 3052 non
1353 3003 1398 3053 ost
1410 3015 1530 3057 aversus
1545 3002 1714 3079 lurorejus,

122 3079 176 3134 Ad
195 3076 291 3148 legem
309 3071 414 3143 magis,
428 3075 458 3126 ot
471 3070 507 3126 ad
524 3069 738 3126 testimonium.
1050 3074 1099 3125 sed
1116 3069 1212 3126 adhuc
1227 3084 1332 3123 manus
1349 3072 1414 3138 ejus
1429 3078 1556 3142 extenta,

123 3149 225 3220 Quod
242 3147 266 3202 si
282 3161 339 3200 non
352 3142 478 3199 dixerint
489 3143 574 3211 Juxta
588 3144 709 3198 verbum
725 3142 790 3210 boc,
1014 3145 1161 3197 Succensa
1176 3145 1221 3195 εει
1234 3139 1312 3195 enim
1329 3144 1413 3211 quasi
1429 3142 1507 3216 iguis
1523 3146 1671 3220 impietas,

166 3236 232 3276 non
247 3217 303 3273 erit
318 3216 361 3272 eis
377 3215 521 3270 matutina
536 3213 595 3269 lux.
976 3195 997 3262 C
1052 3229 1169 3285 veprem
1185 3215 1213 3267 et
1228 3211 1343 3294 spinum
1359 3213 1473 3270 vorabit
1488 3231 1495 3271 τ

121 3295 165 3348 Et
182 3287 326 3348 transibit
342 3302 391 3359 par
406 3302 481 3354 eam,
1055 3291 1083 3340 et
1097 3284 1292 3341 succendetur
1307 3299 1335 3338 in
1351 3284 1496 3344 densitate
1511 3288 1617 3361 saltus,

168 3368 203 3420 ει
218 3363 344 3425 corruet,
360 3364 388 3414 et
402 3358 510 3413 esuriet
526 3371 535 3412 t
1056 3363 1085 3412 et
1099 3354 1287 3412 convolvetur
1301 3357 1440 3427 superbia
1456 3359 1539 3416 lumi.

122 3435 168 3492 Iit
185 3449 257 3490 eum
270 3430 417 3496 esurierit,
434 3429 587 3495 irascetur,
1020 3428 1052 3484 ln
1068 3428 1112 3484 ira
1126 3427 1241 3484 Domini
1257 3429 1436 3486 exercituum
1453 3433 1629 3491 conturbata
1642 3440 1686 3494 εει
1700 3437 1752 3509 (Αἱ.
1775 3455 1846 3497 con·

171 3511 206 3564 ει
222 3503 379 3560 maledicet
394 3500 455 3573 rcgi
470 3516 535 3568 suo,
552 3504 581 3555 et
597 3503 653 3556 Deo
668 3515 734 3569 suo,
1092 3500 1224 3569 tremuit)
1238 3502 1327 3567 terra,

127 3581 171 3637 Et
191 3575 336 3645 suspiciat
350 3587 487 3637 eursum;
1057 3575 1086 3626 ει
1100 3572 1156 3627 erit
1173 3570 1299 3642 populus
1314 3569 1400 3642 quasi
1415 3586 1482 3630 esca
1497 3575 1595 3648 ignis:

174 3648 257 3706 etad
271 3654 378 3702 terram
394 3641 568 3710 intuebitur,
1024 3643 1074 3697 Vir
1090 3643 1171 3698 tratri
1188 3659 1241 3697 suo
1258 3658 1315 3696 non
1333 3648 1441 3712 parcet,

130 3723 174 3779 Et
191 3735 260 3776 ecee
272 3716 424 3773 tribulatio
440 3719 469 3770 et
485 3714 621 3779 tenebre,
1059 3714 1092 3769 uc
1106 3712 1265 3769 declinabit
1278 3713 1313 3768 ad
1328 3714 1489 3786 dexteram,
1506 3723 1534 3774 et
1549 3718 1657 3777 esuriet
1673 3737 1680 3776 ε

178 3789 336 3848 dissolutio
352 3794 380 3843 ει
395 3787 541 3857 angustia,
558 3790 586 3840 et
601 3783 693 3857 caligo
709 3801 897 3868 persequens,
925 3828 928 3833 .
1059 3796 1086 3840 et
1099 3785 1232 3840 comedet
1246 3784 1282 3839 od
1299 3783 1462 3854 sinistram,
1478 3794 1506 3843 ει
1522 3806 1578 3845 non
1594 3792 1801 3852 saturabitur:

180 3871 212 3921 et
228 3879 285 3917 non
303 3859 407 3930 poterit
420 3858 535 3914 avolare
550 3858 585 3912 de
601 3866 738 3930 angustia
754 3875 817 3914 sua.
1023 3857 1233 3928 Unusquisque
1248 3871 1365 3911 earnem
1383 3859 1493 3915 brachii
1509 3861 1555 3916 sui
1570 3864 1703 3920 vorabit:

136 3936 225 4009 (ceap.
241 3933 302 4002 IX.)
319 3932 415 3987 Primo
430 3936 560 4002 tempore
576 3927 711 3985 alleviata
725 3934 770 3986 εει
784 3936 861 3986 terro
875 3929 969 3985 Zubu·
1060 3929 1208 3984 hlauesses
1224 3927 1374 3998 Ephraim,

215 4005 277 4071 lon,
293 4009 321 4059 et
336 4008 413 4058 terra
429 3999 596 4073 Nephthuli,
1060 4006 1089 4055 et
1104 3999 1242 4072 Ephraim
1258 4004 1423 4063 hinnissen,

177 4083 208 4135 et
224 4075 384 4132 novissimo
400 4078 556 4145 aggravata
566 4077 611 4128 est
621 4072 666 4128 vie
677 4071 768 4129 maris
779 4072 971 4129 transtorda·
1061 4071 1149 4128 simul
1166 4071 1222 4142 ipsi
1239 4076 1340 4125 contra
1354 4071 1472 4127 ludum.

217 4163 283 4203 nem
299 4144 423 4202 Galilaea
438 4145 583 4218 gentium.
1025 4143 1057 4200 lu
1071 4142 1211 4199 ouinihus
1227 4142 1273 4196 his
1291 4158 1348 4196 non
1364 4149 1410 4197 est
1425 4160 1545 4200 aversus
1561 4145 1641 4203 furor
1656 4149 1731 4222 ejus,

139 4218 339 4295 Populus,qui
356 4217 564 4273 ambulabatin
576 4213 705 4271 tenebris
716 4214 788 4271 vidit
802 4213 896 4271 lucem
910 4231 972 4271 ma·
1062 4217 1112 4271 sod
1129 4214 1226 4269 adhuc
1242 4229 1348 4268 manus
1363 4215 1427 4285 eJus
1443 4222 1568 4272 extenta.

219 4306 331 4362 gnam:
1027 4287 1103 4361 (Cap.
1119 4286 1166 4352 X.)
1182 4286 1229 4340 Vre
1246 4285 1295 4356 qui
1311 4290 1442 4342 condiant
1456 4287 1535 4360 leges
1550 4290 1691 4360 iniquas:
1744 4333 1747 4337 »

144 4363 355 4421 habitantibus
369 4359 398 4414 in
415 4358 532 4432 regione
548 4357 657 4415 umbras
673 4357 841 4425 mortis,lux
851 4361 914 4413 orta
929 4362 974 4415 ost
1063 4363 1091 4415 et
1106 4357 1456 4427 scribentes‚injustitiam
1469 4360 1651 4433 scripserunt
1663 4370 1694 4429 ut
1704 4364 1854 4438 opprime·

221 4435 276 4489 eia.
1100 4436 1166 4484 rent
1181 4443 1323 4501 pauperes
1338 4431 1368 4483 in
1379 4430 1505 4501 judicio,

149 4503 354 4577 Multiplicasti
370 4504 499 4571 gentem,
1064 4506 1092 4557 et
1106 4501 1164 4555 vim
1180 4504 1309 4556 tacerent
1323 4516 1418 4556 causta
1433 4501 1589 4559 humilium
1606 4505 1707 4579 populi
1723 4508 1779 4565 mei
1796 4525 1804 4566 ι

189 4594 248 4633 non
264 4573 462 4647 magnificasti
479 4571 622 4628 laetitiam.
989 4563 1012 4629 Ι)
1065 4578 1097 4628 ut
1111 4578 1210 4627 essent
1225 4574 1318 4625 vidum
1334 4573 1432 4643 prada
1447 4590 1561 4641 eorum,

152 4651 341 4705 Lataimntur
356 4661 452 4699 coram
470 4649 498 4699 te
512 4645 589 4699 sieut
604 4645 738 4700 latentur
753 4643 782 4700 in
798 4662 904 4710 messe,
1065 4651 1093 4700 et
1110 4643 1237 4716 pupillos
1253 4643 1420 4713 diriperent.

186 4723 268 4777 Sicut
282 4717 429 4774 exsultant
444 4717 568 4771 victores
583 4717 637 4785 (At.
652 4716 715 4771 add.
732 4720 817 4789 capta
831 4719 940 4790 preda)
1030 4717 1103 4785 Quid
1121 4715 1234 4771 iacietis
1249 4713 1278 4768 in
1295 4714 1341 4769 die
1357 4715 1543 4786 visitationis,
1558 4720 1586 4774 ει
1601 4719 1778 4779 calamitatis
1792 4722 1828 4778 de

223 4791 343 4864 quando
360 4787 493 4842 dividunt
509 4788 614 4859 spolia.
1103 4788 1188 4858 longo
1203 4786 1369 4842 venientis?

153 4864 261 4936 lugam
277 4861 355 4916 enim
372 4859 469 4915 oneris
484 4859 559 4928 ejus,
576 4866 603 4913 et
618 4859 729 4931 virgam
747 4858 860 4916 humeri
875 4861 950 4930 ejus,
1067 4861 1102 4914 ad
1119 4862 1205 4928 cujus
1221 4857 1397 4929 confugietis
1410 4857 1575 4916 auxilium?

188 4944 216 4992 et
232 4937 382 5003 sceptrum
397 4931 540 4987 exactoris
555 4930 620 5002 ejus
634 4932 871 5004 superasti,sicut
885 4932 915 4988 in
931 4931 978 4988 die
1067 4937 1096 4986 et
1112 4930 1160 4985 ubi
1176 4928 1387 5001 derelinquetis
1401 4928 1524 5001 gloriam
1541 4936 1679 5004 vestram,
1696 4951 1732 4993 ne
1756 4935 1856 4992 incur·

224 5005 352 5061 Madian.
1103 5001 1211 5057 vamini
1228 5002 1283 5056 sub
1298 5000 1423 5064 vinculo,

156 5079 228 5146 Quia
244 5075 343 5133 omnis
358 5071 486 5128 violenta
500 5073 641 5144 predatio
656 5089 723 5130 eum
738 5073 882 5144 tumultu,
1069 5077 1098 5129 et
1112 5089 1179 5128 cum
1196 5072 1356 5129 interiectis
1368 5071 1506 5129 cadatis?

189 5155 218 5208 ot
232 5148 438 5204 vestimentum
455 5144 575 5200 mistum
591 5145 804 5219 sanguine,erit
817 5146 848 5201 in
863 5145 979 5204 combu·
1034 5145 1129 5216 Super
1143 5145 1282 5200 omnibus
1296 5143 1343 5200 his
1359 5160 1417 5200 non
1433 5149 1478 5199 ost
1492 5161 1611 5204 aversus
1623 5149 1706 5205 luror
1719 5148 1795 5220 ejus,

225 5220 365 5283 stionem;
380 5221 409 5273 ει
420 5215 504 5272 cibus
519 5215 606 5288 ignis.
1070 5218 1119 5272 sed
1136 5217 1232 5272 adhuc
1248 5232 1355 5271 manus
1371 5217 1436 5286 ejus
1451 5220 1576 5273 extenta.

158 5293 298 5349 Paruulus
313 5289 392 5347 enim
409 5292 495 5343 natus
510 5293 555 5343 εει
570 5287 665 5360 nobis,
1035 5289 1083 5343 Vra
1096 5291 1198 5355 Assur,
1214 5287 1295 5358 virga
1311 5288 1418 5344 luroris
1433 5288 1489 5342 niei
1505 5294 1534 5344 et
1548 5288 1672 5347 baculus
1688 5290 1761 5363 ipss.

190 5370 220 5421 ει
235 5362 315 5419 illius
328 5363 416 5417 datus
431 5365 476 5416 est
490 5359 585 5424 nobis,
1072 5361 1100 5415 in
1118 5376 1205 5415 manu
1221 5376 1322 5415 eorum
1337 5358 1500 5443 indignatio
1515 5376 1580 5416 mea
1597 5378 1604 5418 ε

158 5437 190 5493 ut
200 5436 298 5493 iaetus
313 5439 357 5490 est
369 5431 550 5504 principatus
562 5432 626 5503 rJ'us
637 5447 726 5503 super
736 5430 893 5488 humerum
905 5433 982 5503 ojus,
1036 5432 1077 5488 ml
1094 5436 1208 5498 gentem
1226 5429 1357 5487 fallacem
1375 5436 1488 5486 mittam
1503 5448 1582 5502 eum,

190 5513 221 5566 et
235 5506 388 5563 vocabitur
403 5519 509 5559 nomen
526 5503 602 5575 ejus,
627 5503 822 5575 admirabilis,
843 5503 981 5561 consilia·
1073 5508 1102 5560 et
1117 5509 1218 5559 contra
1233 5502 1374 5576 populum
1392 5504 1498 5558 luroris
1514 5504 1571 5559 mei
1589 5502 1734 5562 mandabo
1747 5504 1802 5576 illi,
1828 5510 1861 5563 ut

228 5580 304 5644 rius,
319 5583 410 5645 Deus,
428 5575 519 5643 tortis,
1108 5576 1223 5631 auferat
1236 5574 1340 5644 spolia,
1355 5578 1384 5630 ει
1399 5573 1453 5631 diri
1478 5574 1519 5631 iat
1533 5575 1673 5647 pradum,

192 5651 280 5708 Pater
294 5648 385 5706 futuri
398 5646 510 5713 saeculi,
527 5645 663 5718 princeps
678 5646 770 5718 pacis.
1074 5652 1102 5704 ει
1117 5653 1206 5719 ponet
1220 5646 1302 5701 illum
1318 5646 1349 5702 in
1364 5591 1612 5705 conculcationem
1628 5647 1714 5721 quasi
1728 5648 1826 5707 lutum

155 5720 403 5797 ilnltiplicabitur
417 5720 481 5790 ejus
495 5717 665 5791 imperium,
1113 5718 1289 5792 platearum.

191 5792 319 5869 epae·
333 5808 392 5851 non
409 5788 573 5848 erittlnis:
1041 5792 1108 5865 ipso
1122 5794 1298 5849 autemnon
1310 5786 1357 5846 sic
1370 5788 1590 5858 arbitrabitur,

195 5880 290 5941 anper
296 5862 405 5924 endum
412 5859 506 5921 David
516 5859 672 5931 sedebitet
680 5875 898 5937 superregnnm
909 5861 987 5940 slus:
1079 5869 1111 5924 et
1123 5882 1175 5926 cor
1188 5865 1258 5942 aius
1271 5880 1337 5923 uon
1347 5863 1399 5922 ita
1410 5861 1610 5922 siishmatixt
1620 5874 1635 5919 ⁸.
