3878 6150
112 203 185 263 1053
677 216 786 272 LIBBD
804 212 1017 285 BZRCHIBLIS
1034 210 1244 269 suornm.
1752 212 1822 277 1054

111 334 283 394 ascendens
298 340 396 395 autem
412 337 496 410 quasi
507 343 668 414 tempestas
681 340 790 412 venies,
806 341 835 396 et
855 336 939 411 quasi
956 336 1032 404 Ailt
1045 337 1266 411 magnificabor,
1282 340 1312 393 et
1326 337 1553 397 sanctificabor:

190 411 294 476 nubes,
1033 414 1062 465 et
1076 414 1164 465 notus
1179 426 1227 466 ero
1242 409 1272 465 in
1288 407 1382 467 oculis
1397 412 1530 483 gentium
1546 412 1717 484 muitarum,

152 484 186 535 nt
201 481 317 552 operias
331 484 440 537 terram
456 485 499 553 tu,
1033 486 1062 536 et
1077 481 1169 536 soient
1185 481 1253 551 quia
1269 497 1283 536 e
1306 483 1490 538 oDomiuns.

153 557 182 608 et
196 553 296 609 omnia
310 553 429 624 agmina
443 558 505 624 tua,
522 557 550 610 el
562 554 661 628 populi
677 552 761 614 multi
776 558 885 611 tecum.
1032 551 1109 624 (Cup.
1121 552 1261 621 XXXIX.)
1298 570 1315 607 u
1330 559 1440 623 autem,
1453 553 1494 610 liii
1510 554 1647 627 bominis,
1662 557 1820 617 vaticinare

115 623 182 679 Haec
198 624 269 679 dicit
285 624 426 680 Dominus
443 626 527 680 Deus.
1067 625 1223 680 adversum
1239 624 1311 697 Dog,
1327 630 1356 680 et
1371 625 1451 682 dices
1469 642 1477 682 τ

115 697 150 751 ln
162 695 209 750 die
224 695 275 750 illa
290 697 450 752 ascendent
462 711 613 753 sermones
628 711 717 767 super
730 711 780 751 cor
792 698 889 767 tuum,
995 698 1062 751 Haec
1076 694 1148 750 dicit
1162 695 1303 753 Dominus
1318 695 1396 752 Deus
1413 713 1421 753 ε

151 775 180 822 et
191 766 336 838 cogitabis
352 767 560 840 cogitationem
576 768 734 840 pessimam
750 782 757 824 :
995 767 1067 823 iioce
1082 782 1136 837 ego
1151 771 1292 838 superte,
1308 766 1380 840 Gog.

150 842 180 893 et
196 837 277 894 dices
294 854 301 892 :
1067 838 1229 910 prinoipem
1245 838 1351 911 capitis
1368 838 1485 895 Mosoch
1501 843 1529 895 et
1542 838 1655 897 ‘thubal
1674 859 1681 899 :

112 910 280 966 ascendam
297 909 333 965 ad
349 913 458 966 terram
476 909 528 967 abs
552 926 589 966 ue
603 925 687 966 muro
705 927 714 964 ε
995 909 1029 964 iit
1044 911 1273 979 circummagam
1289 914 1328 977 te,
1343 914 1372 965 et
1386 910 1508 966 educam
1526 910 1579 979 (Al.
1597 914 1798 988 reducamlte,

150 981 266 1036 veniam
282 982 318 1036 ad
334 981 527 1052 quiescentes,
565 981 769 1053 abitantosque
782 996 883 1039 secure
898 996 906 1036 τ
1031 986 1060 1037 cl
1075 981 1232 1037 ascendere
1246 985 1275 1037 te
1289 981 1393 1036 faciam
1410 980 1446 1036 de
1462 981 1602 1039 lateribus
1617 985 1784 1056 aquilonis:

111 1055 222 1108 Omnes
237 1052 267 1107 hi
283 1053 335 1117 (dl.
352 1061 422 1109 locet
437 1054 477 1124 hi)
493 1053 627 1109 habitant
642 1053 706 1109 sine
722 1068 818 1121 muro,
1031 1059 1059 1108 et
1073 1053 1218 1109 adducam
1234 1057 1262 1108 te
1278 1068 1367 1125 super
1382 1057 1496 1109 montes
1511 1055 1611 1111 israel.

115 1140 121 1148 ·
150 1128 246 1179 vectes
263 1129 292 1179 et
305 1130 395 1195 perlae
409 1141 466 1180 non
483 1130 553 1180 sunt
568 1125 610 1181 cis
627 1140 633 1179 :
994 1122 1029 1180 iit
1045 1124 1207 1196 percutiam
1224 1139 1324 1179 arcum
1337 1127 1420 1179 tuum
1436 1124 1465 1178 in
1482 1140 1569 1179 manu
1586 1127 1708 1184 sinislra
1722 1134 1784 1195 tua,

114 1193 151 1252 Ut
166 1195 289 1266 diripias
305 1195 410 1268 spolia,
425 1201 454 1252 et
468 1196 590 1252 invadas
606 1197 746 1268 praedam,
1030 1205 1058 1251 et
1068 1197 1190 1269 sagittas
1200 1200 1266 1252 tuas
1277 1197 1313 1252 de
1325 1212 1415 1252 mauu
1426 1195 1544 1252 dextera
1554 1201 1606 1252 tua
1620 1198 1755 1271 dejiciam
1764 1201 1819 1272 (Al.

153 1267 310 1323 utinieras
328 1283 448 1323 manum
467 1272 549 1324 tuam
578 1283 666 1341 super
690 1283 751 1338 eos,
766 1265 817 1339 qui
833 1266 941 1323 deserti
1066 1267 1101 1322 Dr
1117 1266 1251 1339 dejiciam
1267 1271 1295 1322 te
1311 1267 1421 1339 super).
1906 1282 1910 1289 ·

189 1340 316 1404 inerant,
331 1341 360 1392 et
394 1343 476 1396 ostea
490 1338 629 1410 restituti,
994 1338 1089 1411 Super
1104 1344 1219 1394 montes
1235 1339 1322 1394 israel
1338 1339 1513 1405 oadestu,et
1523 1340 1623 1395 omnia
1634 1341 1818 1415 agminalua,

151 1416 181 1465 et
196 1426 285 1482 super
298 1355 511 1483 popuium,qui
527 1417 572 1467 est
586 1413 782 1484 congregatus
796 1424 831 1466 ex
844 1409 942 1483 genti·
1029 1415 1057 1466 et
1073 1410 1173 1484 popuii
1188 1410 1230 1466 tui
1246 1410 1299 1483 (dl.
1316 1413 1385 1466 reret
1400 1409 1467 1482 tui),
1482 1411 1532 1482 qui
1549 1416 1619 1467 suut
1632 1417 1730 1469 tecum
1748 1431 1755 1470 :

188 1482 257 1549 bus,
993 1478 1085 1546 lieris,
1101 1482 1214 1549 avibus,
1229 1481 1369 1554 omnique
1384 1481 1505 1553 volatili,
1519 1486 1548 1539 el
1563 1483 1665 1541 bestiis
1677 1492 1773 1557 terra,

153 1552 204 1624 qui
218 1551 370 1625 possidere
386 1552 484 1625 coepit,
500 1554 528 1607 el
549 1567 614 1607 esse
636 1550 785 1608 habitator
810 1549 941 1607 umbilici
1028 1553 1094 1610 dedi
1110 1559 1138 1608 te
1153 1554 1364 1610 devorandum.

185 1629 269 1679 terra
287 1627 306 1677 ¹,
992 1626 1086 1698 Super
1101 1625 1205 1681 iacicm
1221 1624 1283 1698 agri
1301 1624 1388 1681 cadas
1404 1641 1411 1679 ε

114 1695 203 1762 Saba,
220 1700 249 1750 et
265 1696 372 1762 Dedan,
388 1701 417 1753 et
433 1694 628 1767 negotiatores
643 1691 776 1760 Tharais,
956 1697 981 1766 Β
1032 1696 1101 1768 quia
1117 1712 1170 1769 ego
1186 1695 1302 1752 locutus
1316 1712 1394 1761 sum,
1411 1694 1453 1752 ait
1467 1695 1610 1755 Dominus
1624 1703 1710 1756 Deus.

149 1771 178 1822 et
189 1781 291 1823 omnes
305 1766 404 1822 leones
419 1768 484 1893 edus
497 1765 595 1822 dicent
608 1764 680 1820 tibi:
995 1767 1031 1823 Di
1047 1769 1204 1824 immittam
1219 1766 1317 1840 ignem
1333 1768 1362 1824 iu
1376 1771 1491 1841 Magog,

110 1836 252 1909 Nunquid
268 1838 303 1893 ad
319 1852 424 1894 sumen
447 1835 572 1909 aspolia
586 1841 618 1892 tu
633 1834 737 1891 venis?
1029 1844 1058 1895 et
1072 1840 1101 1896 in
1118 1839 1165 1895 his
1178 1839 1227 1911 qui
1245 1840 1376 1896 habitant
1392 1839 1420 1894 in
1437 1838 1543 1896 insulis
1558 1840 1761 1900 confidenter:

149 1926 215 1966 ecce
230 1910 266 1964 ad
282 1908 474 1982 diripiendam
490 1909 619 1982 praedam
635 1907 820 1980 congregasti
835 1905 939 1963 multi·
1028 1915 1057 1967 et
1071 1911 1164 1968 scient
1176 1909 1245 1982 quia
1259 1926 1311 1984 ego
1325 1910 1478 1982 Dominus,

185 1981 320 2037 tudinem
336 1986 430 2052 tuam,
992 1983 1027 2038 iit
1051 1998 1157 2038 nomen
1173 1987 1307 2039 sanctum
1323 1997 1421 2040 meum
1437 1986 1540 2040 notum
1554 1981 1659 2040 lacirrm
1674 1984 1705 2041 iu
1720 1984 1816 2043 medio

150 2056 183 2106 ut
198 2051 285 2108 tollas
300 2057 466 2125 argentum,
481 2054 509 2108 et
522 2066 639 2108 aurum.
1064 2054 1165 2127 popuii
1182 2053 1238 2109 mei
1254 2054 1353 2121 lsrael,

146 2128 177 2179 et
191 2125 308 2180 auteres
323 2122 546 2197 supellectilem,
563 2127 650 2193 atque
665 2118 875 2190 substantiam,
1028 2131 1054 2180 et
1071 2142 1127 2181 non
1143 2124 1273 2198 polluam
1288 2140 1394 2182 nomen
1410 2128 1545 2182 sanetum
1561 2142 1660 2184 meum
1675 2127 1815 2201 amplius:

146 2199 176 2251 et
190 2194 314 2267 diripias
329 2195 485 2252 manubias
501 2194 642 2250 inlicitas.
1028 2202 1058 2252 et
1072 2197 1352 2269 scientgentesquia
1362 2212 1415 2270 ego
1427 2197 1570 2253 Dominus
1582 2202 1703 2256 sauctus
1714 2199 1815 2256 lsrael.
1893 2246 1896 2251 .

111 2264 269 2338 Propterea
282 2267 453 2334 vaticinare,
469 2264 510 2322 iiii
527 2264 664 2333 hominis,
992 2267 1064 2325 Ecce
1076 2268 1169 2337 venis,
1185 2271 1214 2324 et
1230 2268 1340 2325 iactum
1356 2272 1412 2341 est,
1428 2269 1468 2325 ait
1484 2270 1625 2327 Dominus
1651 2269 1729 2328 Deus
1752 2271 1814 2344 (Al.

147 2343 179 2394 et
190 2337 270 2395 dices
282 2339 318 2394 ad
335 2339 415 2411 Gog:
1063 2345 1136 2396 tacet
1152 2341 1256 2413 Deus);

109 2413 179 2464 Hac
196 2409 267 2464 dicit
282 2407 425 2466 Dominus
440 2415 519 2466 Deus
535 2422 542 2463 :
718 2436 721 2441 ·
1027 2411 1089 2468 hac
1105 2414 1150 2467 est
1165 2409 1227 2466 dies
1240 2412 1276 2466 da
1290 2426 1349 2482 que
1363 2409 1480 2468 locutus
1491 2426 1566 2467 suni.
1915 2468 1918 2473 ,
1936 2474 1938 2479 ,

107 2479 250 2551 Nunquid
267 2497 324 2538 non
337 2481 368 2537 in
383 2482 430 2537 die
445 2480 505 2551 iiio,
521 2495 589 2535 cum
605 2478 781 2537 habitaverit
811 2479 938 2555 populus
992 2483 1056 2539 Dte
1079 2483 1226 2539 redicatur
1247 2481 1428 2539 habitatores
1451 2482 1487 2538 de
1511 2482 1817 2558 civitatibusidlmr·
1909 2484 1913 2491 '

183 2567 267 2608 meus
280 2551 368 2609 israel
382 2553 573 2619 confidenter,
588 2550 688 2607 scissi
1058 2500 1154 2624 isium)
1172 2553 1271 2623 israel,

108 2621 145 2679 lit
156 2623 256 2680 uenies
267 2623 303 2679 de
316 2623 379 2682 ioco
391 2633 467 2681 tuoe
477 2621 618 2680 lateribus
629 2621 777 2695 aquilonis
788 2626 831 2694 tn,
840 2627 870 2681 et
884 2640 937 2696 po·
1027 2630 1056 2683 et
1070 2626 1259 2694 succendent,
1273 2627 1302 2679 et
1315 2622 1490 2679 comburent
1505 2641 1595 2694 arma,

183 2694 244 2767 puli
261 2695 346 2751 multi
362 2699 472 2767 tecum,
1027 2697 1160 2770 clypeum
1176 2702 1205 2752 et
1219 2696 1330 2764 bastae,
1347 2710 1447 2750 arcum
1464 2700 1492 2750 et
1507 2697 1641 2768 sagittas,

145 2782 316 2823 ascensores
329 2783 473 2839 equorum
487 2764 629 2836 universi,
1027 2774 1056 2825 et
1067 2768 1188 2825 baculos
1204 2782 1356 2834 manuum,
1372 2771 1402 2822 ct
1415 2770 1526 2836 contos,

145 2842 238 2894 emtus
254 2855 390 2912 magnus,
404 2845 434 2896 et
446 2838 590 2897 exercitus
603 2835 775 2894 vehemens.
1027 2845 1056 2896 et
1069 2841 1248 2897 succendent
1262 2855 1296 2894 ea
1308 2837 1369 2911 igni
1385 2842 1496 2911 septem
1512 2837 1610 2895 annis.

108 2907 936 2985 Etaseendessuperpopuiummeumisraeiquasinubes,
991 2913 1026 2970 Di
1041 2929 1099 2969 non
1115 2914 1273 2985 portabunt
1288 2908 1369 3036 ligna
1384 2909 1420 2964 de
1432 2907 1614 2982 regionibus,

147 2981 450 3052 utaperiasterram.
1028 2998 1122 3056 neque
1137 2982 1290 3040 succident
1326 2979 1500 3050 eseitibus;

111 3053 144 3108 iu
160 3054 330 3110 novissimis
344 3055 448 3111 diebus
464 3052 533 3121 eris,
953 3069 976 3138 ρ
994 3055 1137 3121 Quoniam
1153 3071 1234 3111 arma
1246 3053 1425 3109 succendent
1437 3052 1514 3179 ἰξυο,

145 3128 175 3179 et
189 3124 334 3181 adducam
348 3129 377 3183 ie
392 3129 605 3198 superterram
620 3139 717 3181 meam
733 3141 741 3181 ε
1030 3131 1058 3184 et
1072 3125 1319 3198 depraedabuntur
1333 3138 1382 3180 eos
1398 3122 1448 3195 qul
1471 3140 1506 3180 us
1521 3123 1624 3198 praeda
1638 3122 1762 3191 inerant,

108 3194 146 3252 Ut
164 3196 260 3252 sciant
273 3196 330 3268 (Al.
346 3197 411 3254 odd.
428 3199 542 3265 omues)
558 3199 659 3268 gentes
676 3211 733 3263 me,
1028 3204 1057 3256 et
1071 3199 1213 3271 diripient
1226 3202 1387 3253 vastatores
1403 3196 1535 3263 suos,ait
1549 3195 1690 3254 Dominus
1705 3196 1793 3253 Deus.
1899 3214 1904 3228 ¹

146 3283 216 3323 cum
229 3269 430 3326 sanctificatus
445 3269 527 3325 tuero
542 3268 572 3325 in
587 3273 615 3324 te
629 3265 659 3323 iu
675 3265 769 3325 oculis
792 3281 905 3334 eorum,
922 3284 938 3324 o
993 3276 1027 3328 et
1041 3271 1097 3327 erit
1109 3271 1139 3327 in
1156 3270 1203 3325 die
1217 3268 1287 3324 iiia:

187 3338 258 3411 Gog.
1028 3343 1103 3399 dabo
1114 3339 1282 3424 Gogiocum
1293 3337 1477 3394 nominatum
1491 3337 1815 3411 sepulerumiuisraei:
1905 3374 1912 3391 -

107 3414 178 3466 nac
193 3410 266 3467 dicit
282 3411 422 3469 Dominus
436 3411 514 3467 Deus
531 3426 538 3465 τ
1027 3413 1133 3470 vallem
1148 3416 1294 3468 viatorum
1308 3410 1343 3465 ad
1359 3409 1502 3466 orientem
1519 3410 1620 3480 maris,

108 3481 153 3537 Tu
171 3498 240 3555 ergo
255 3481 304 3539 iile
314 3498 356 3554 es,
368 3483 404 3539 da
414 3499 472 3555 quo
484 3482 601 3539 loeutus
616 3498 684 3538 sum
700 3481 729 3538 in
745 3480 849 3538 diebus
861 3482 938 3538 anti·
1029 3502 1092 3557 quae
1103 3486 1311 3569 obstupescere
1325 3481 1412 3538 iaciat
1427 3482 1478 3543 (dl.
1494 3483 1570 3553 iacit)
1587 3486 1816 3556 pretereuntes:

184 3555 264 3626 (1⁰5⁵.
992 3560 1028 3617 111
1042 3556 1184 3630 sepelient
1196 3555 1235 3612 rbi
1252 3554 1324 3627 Gog,

147 3625 178 3680 in
196 3641 284 3681 manu
301 3640 452 3682 servorum
465 3639 597 3680 meorum
614 3623 824 3697 prophetarum
836 3624 937 3693 israel,
1029 3632 1058 3685 et
1072 3643 1189 3685 omnem
1203 3624 1423 3682 multitudinem
1439 3624 1513 3696 eJus,

109 3693 938 3840 ‘¹¹¹1arietillitentitudineiterati
993 3704 1057 3828 sl*
1071 3694 1533 3827 voibimliliatiiiiiii¹¹5⁸
1548 3695 1620 3768 ⁰⁰⁸·

233 3810 239 3823 .
327 3786 344 3824 u
753 3812 760 3837 ‚
927 3798 953 3827 ·.
1041 3787 1170 3843 seperen
1198 3786 1248 3826 eos
1478 3811 1485 3836 ‚

187 3856 245 3895 rem
262 3845 290 3895 te
305 3857 394 3967 super
408 3855 468 3897 eos.
1030 3848 1063 3898 ut
1075 3841 1219 3898 mundent
1234 3846 1343 3894 terram
1358 3840 1472 3907 septem
1488 3837 1651 3892 mensibus.

109 3912 144 3967 lit
160 3911 216 3966 erit
230 3910 258 3966 iu
275 3911 340 3967 diei

185 3981 285 4049 iarael,
297 3983 338 4039 ait
352 3983 497 4040 Dominus
511 3980 599 4053 Deus,
1029 3990 1058 4042 et
1072 3984 1127 4042 erit
1142 3983 1184 4039 eis
1200 3982 1352 4038 nominata
1362 3979 1468 4047 dies,in
1480 3996 1537 4051 qua
1548 3978 1729 4052 glorineatus
1740 3998 1820 4049 sum,

148 4054 286 4109 ascendet
302 4054 464 4128 indignatio
481 4069 546 4109 mea
559 4052 590 4107 in
607 4051 704 4108 lurore
717 4068 792 4109 meo.
1028 4058 1069 4114 sit
1084 4056 1228 4113 Dominus
1243 4053 1330 4109 Deus.

112 4129 147 4180 Et
165 4126 194 4180 in
210 4124 270 4181 zelo
285 4142 360 4195 meo,
994 4128 1120 4186 iiiviros
1133 4128 1163 4197 ju
1186 4126 1243 4183 iter
1256 4122 1436 4180 constituent
1449 4120 1610 4175 lustrantes
1622 4125 1743 4186 terram,

150 4196 180 4251 ln
196 4196 264 4268 igne
277 4197 324 4252 lrae
341 4212 411 4253 mee
427 4194 546 4251 loculus
558 4210 636 4250 tum·
1031 4199 1081 4272 qui
1097 4142 1242 4273 sepeiiant
1255 4201 1285 4251 et
1300 4193 1452 4265 requirant
1466 4208 1516 4248 cos
1541 4192 1592 4263 qui
1618 4196 1823 4249 remanserant

111 4268 188 4333 Quia
199 4268 228 4322 in
240 4268 287 4324 dic
301 4269 353 4326 iiia
368 4268 424 4324 erit
436 4267 595 4324 commotio
611 4282 720 4339 magna
732 4268 940 4339 superterram
1065 4287 1155 4343 super
1170 4267 1273 4325 taciem
1293 4272 1387 4336 terre,

184 4339 272 4395 israel
292 4354 299 4394 :
1030 4346 1063 4399 ut
1077 4341 1239 4398 emundent
1253 4354 1318 4395 eam
1332 4355 1338 4392 :

148 4414 177 4466 ei
193 4409 456 4466 commovebuntur
470 4426 487 4464 Ε
504 4406 577 4465 fecie
592 4424 656 4464 mea
671 4407 767 4482 piflcess
796 4407 898 4473 maris,
912 4411 979 4507 021)
998 4419 1067 4470 Post
1081 4429 1198 4470 menses
1214 4414 1311 4466 autem
1327 4411 1439 4480 septem
1455 4422 1584 4478 quaerere
1599 4403 1742 4479 incipient
1759 4422 1766 4462 τ

183 4483 317 4537 volucres
331 4480 407 4549 cmii,
423 4485 453 4536 et
466 4478 565 4536 besiiae
581 4480 655 4552 agri,
1033 4490 1061 4542 et
1075 4486 1243 4542 circuibunt
1257 4497 1326 4553 pera
1348 4484 1446 4535 rantes
1460 4482 1568 4534 terram
1586 4494 1593 4532 :

150 4556 179 4608 et
194 4568 280 4608 omne
295 4550 399 4624 reptile
414 4553 492 4623 quod
508 4556 641 4607 movetur
655 4567 744 4623 super
758 4550 895 4618 humum,
994 4561 1126 4641 Cumque
1143 4554 1268 4611 viderint
1282 4569 1315 4609 os
1327 4496 1470 4617 Xominis,
1487 4553 1618 4606 statuent
1638 4549 1724 4621 juxta
1747 4548 1821 4606 iilud

149 4623 452 4695 cunctiquohomines
469 4624 520 4695 qui
535 4627 605 4679 sunt
620 4639 709 4694 super
723 4622 828 4679 iaoiem
844 4626 940 4680 terres:
1066 4627 1198 4695 titulum,

111 4701 149 4751 Et
164 4696 373 4751 subvertentur
386 4699 512 4760 montes.
526 4699 555 4750 er
569 4696 674 4750 radent
688 4708 785 4767 sapas,
1032 4699 1124 4756 donee
1139 4697 1269 4782 spoliant
1283 4692 1354 4750 illud
1372 4692 1560 4767 pollinctores
1576 4693 1606 4750 in
1621 4692 1697 4751 valle
1720 4692 1822 4752 multi-

150 4771 180 4822 et
195 4766 291 4823 omnis
307 4782 410 4822 murus
426 4767 455 4822 in
471 4771 579 4822 terram
595 4770 722 4822 corruet.
1068 4770 1180 4826 tudinis
1195 4768 1266 4838 Gog.

113 4835 943 4895 Etcouvooaboadversuseumincunctismonlibusmeis
996 4842 1108 4898 Nomen
1124 4849 1221 4897 autem
1240 4836 1364 4893 civitatis
1381 4838 1500 4909 almona,

188 4908 330 4978 gladium,
346 4908 387 4964 ait
400 4908 545 4965 Dominus
559 4913 637 4964 Deus
652 4924 660 4964 ι
1032 4917 1061 4969 et
1073 4912 1260 4968 mundabunt
1274 4912 1393 4963 terram.

150 4978 548 5052 gladiuauniuscujusquein
560 4979 680 5035 fratrem
691 4995 777 5035 suum
787 4978 940 5052 dirigetur.
997 4985 1040 5040 Tu
1057 5000 1137 5057 ergo,
1154 4983 1195 5039 tili
1208 4979 1350 5046 bominis,

113 5050 148 5107 Dr
160 5052 303 5123 judicabo
317 5066 383 5106 cum
401 5057 493 5123 peste,
509 5055 538 5107 et
553 5051 710 5122 sauguine,
1033 5056 1094 5111 haec
1109 5055 1179 5111 dicit
1195 5051 1336 5109 Dominus
1352 5049 1449 5105 Deus:

150 5129 179 5178 et
192 5122 287 5180 imbre
303 5123 481 5191 vehementi,
496 5129 525 5178 et
535 5121 686 5194 lapidibus
701 5121 856 5177 immensis
873 5139 879 5179 :
999 5125 1048 5184 Dio
1064 5128 1144 5183 omni
1165 5123 1286 5188 volucri,
1311 5127 1340 5179 et
1354 5120 1499 5177 universis
1515 5120 1628 5190 avibus,
1645 5119 1820 5193 cunctisque

112 5194 215 5267 lgnem
232 5199 260 5250 et
275 5192 402 5264 sulphur
416 5194 516 5266 pluam
533 5209 623 5265 super
636 5209 716 5263 eum,
726 5196 755 5249 et
768 5209 943 5266 superexer·
1068 5197 1171 5254 bestiis
1186 5195 1246 5265 agri
1264 5211 1271 5248 :
1778 5260 1784 5273 Ι

185 5267 276 5322 citum
292 5267 370 5336 ejus.
998 5267 1166 5336 Conuenite,
1183 5268 1349 5339 properate,
1362 5262 1527 5319 concurrite
1542 5262 1671 5334 undique
1695 5262 1731 5318 ed
1758 5277 1821 5316 vrc-

149 5340 177 5393 et
192 5353 282 5412 super
296 5333 423 5410 populos
438 5333 559 5406 multos,
574 5335 624 5408 qui
640 5338 711 5393 sunt
725 5351 792 5392 oum
809 5351 854 5391 eo.
1070 5341 1172 5397 rimam
1188 5352 1293 5406 meam,
1310 5350 1398 5408 quam
1423 5350 1475 5408 ego
1504 5333 1626 5389 immolo
1643 5332 1695 5407 (Al.
1712 5332 1823 5389 immo·

354 3911 425 3979 ia‚in
436 3911 483 3967 die
493 3908 638 3966 adventus
649 3909 721 3981 Gog,
733 3912 937 3983 superterram
993 3914 1122 3989 sepeliet
1135 3916 1234 3969 autem
1251 3910 1304 3982 (At.
1317 3907 1379 3964 add.
1392 3911 1453 3974 eos)
1468 3909 1565 3963 omnis
1579 3907 1706 3979 populus
1721 3912 1818 3979 terrae,

160 5536 255 5590 ¹Sunt
275 5531 325 5589 aiii
344 5531 422 5602 libri,
439 5532 489 5616 qui
500 5533 779 5589 leruntilotilolores
792 5534 944 5590 ierusalem
999 5562 1092 5613 pm·
1104 5553 1214 5610 cmm
1229 5555 1332 5608 „opum
1344 5554 1399 5617 esp,
1411 5546 1640 5622 Hierosolymam
1654 5553 1736 5605 [m
1751 5564 1822 5606 oen-

115 5605 245 5664 ilmii'il'm'
261 5608 353 5661 im·
370 5608 557 5685 Mstluinffiflfl
571 5606 601 5660 5¹¹
617 5604 681 5689 suis
696 5602 806 5676 liliii¹¹⁰t
822 5604 943 5687 inmite
999 5630 1077 5683 trum
1090 5624 1267 5697 abantiquis
1280 5622 1410 5678 habitam
1425 5639 1431 5675 :
1448 5620 1526 5676 unde
1537 5619 1703 5677 etDzeohiei
1719 5638 1820 5694 supra,

115 5694 174 5737 csse
188 5678 220 5734 de
233 5676 384 5734 ierusalem
399 5675 543 5731 debriatur
555 5676 680 5732 umbriaco
692 5680 784 5734 tense.
801 5677 943 5733 Hebraico
999 5713 1062 5771 oep,
1078 5714 1096 5753 v
1112 5713 1119 5751 :
1135 5700 1191 5752 [spa
1206 5701 1248 5752 θη
1260 5694 1413 5752 Jerusalem
1431 5709 1440 5748 :
1455 5695 1485 5748 in
1499 5691 1590 5748 medio
1604 5694 1728 5765 genitium
1741 5694 1823 5766 posui

115 5771 163 5825 est
176 5776 260 5857 piati
279 5773 407 5834 ’,ιη-111,
426 5771 498 5825 inni
513 5762 678 5823 laudatores
692 5780 776 5838 sapor
792 5763 942 5839 surripiam
997 5784 1069 5826 eom.
