3870 6120
59 205 129 266 1869

94 331 196 390 laudet
210 335 238 386 st
250 330 450 403 superexaltet
463 346 531 389 eum
546 331 578 388 in
590 329 708 388 seeula.

59 402 229 464 benedicite
244 402 412 458 sacerdotes
428 401 547 459 Domini
563 402 686 460 Domino
703 417 710 457 :

98 476 219 533 laudate
231 478 261 530 et
275 473 492 558 superexaltate
506 492 573 532 eum
588 475 618 530 in
634 473 754 531 secula.

60 547 322 607 Benediciteservr
337 545 455 603 Domini
472 547 616 604 Domino:

96 619 217 677 laudate
231 622 260 674 et
273 617 492 688 superexaltate
506 633 574 674 eum
590 617 620 673 in
637 615 754 673 secula.

61 690 229 750 benedicite
244 688 368 762 spiritus
382 694 413 745 st
426 688 531 745 anime
543 690 693 761 iustorum
712 687 833 744 bomine
848 703 856 743 ε

99 761 218 819 laudate
233 765 262 817 et
276 760 492 832 superexaltate
504 777 571 818 eum
587 760 618 817 in
635 758 753 817 secula.

63 831 231 892 Benedicite
246 831 341 889 sancti
356 837 385 888 et
400 831 528 890 humiles
544 833 631 890 corde
646 831 790 902 Domino;

97 906 216 962 laudate
229 908 258 961 et
272 902 486 974 superexaltate
501 920 568 961 eum
584 905 615 960 in
631 901 749 969 secula,

63 975 235 1035 Benedictis
250 974 374 1046 Ananis,
388 975 502 1043 Araris,
517 975 618 1033 bliaael
634 974 758 1031 Domino
774 989 781 1029 ε

99 1049 218 1106 landate
232 1052 262 1105 et
276 1047 494 1119 superexaltate
508 1063 575 1105 eum
592 1048 622 1104 in
637 1045 755 1104 secula.

61 1120 138 1187 Ouia
152 1120 230 1175 eruit
244 1135 298 1174 nos
313 1119 349 1174 de
364 1118 490 1191 interno,

100 1197 130 1249 st
143 1192 241 1248 salvos
256 1189 376 1265 iecitde
392 1206 480 1246 mauu
496 1188 611 1256 mortis,

98 1268 128 1321 et
142 1260 278 1319 liberavit
293 1278 347 1318 nos
361 1261 397 1318 do
414 1260 510 1318 medio
525 1259 656 1318 ardentis
672 1258 809 1328 hamme,

99 1340 128 1392 et
143 1335 178 1389 de
195 1333 291 1389 medio
307 1332 385 1404 ignis
399 1333 476 1389 cruit
491 1349 555 1389 nos.

62 1405 251 1464 Confitemini
270 1404 390 1460 Domino
406 1403 544 1475 quoniam
556 1404 667 1473 bonus;

100 1475 240 1550 quoniam
256 1474 441 1532 insecutum
458 1475 661 1534 misericordia
675 1473 749 1545 ejus.

61 1547 231 1608 Benedicite
245 1563 349 1603 omues
365 1546 495 1629 religiosi
512 1548 634 1604 Domino
660 1550 717 1603 Deo
732 1546 857 1601 deorum
881 1558 889 1599 ι

102 1620 220 1678 laudate
235 1622 264 1673 et
278 1617 460 1675 consstemrni
474 1619 511 1686 ei,

101 1692 172 1764 quia
187 1690 216 1745 in
232 1691 333 1747 omnia
348 1688 455 1747 secula
470 1688 673 1747 misericordia
688 1688 762 1760 elus.

99 1767 243 1836 dumanas
257 1779 315 1818 noo
329 1762 466 1818 habentur
480 1762 513 1817 io
526 1760 652 1831 hebreo,
666 1769 698 1817 att
710 1773 774 1834 qttae
796 1759 889 1833 posci·

61 1852 139 1904 mur,
153 1835 187 1890 de
199 1832 393 1891 theodotionis
407 1833 532 1890 editione
546 1833 683 1889 translato
697 1841 772 1888 suut.

62 1912 146 1964 Tunc
162 1904 434 1962 Nabuchodonosor
449 1921 499 1961 rex
523 1904 687 1976 obstupuit,
712 1910 743 1960 et
763 1902 892 1961 surrexit

158 1992 273 2048 rupere,

101 1996 186 2106 οῐὲἰι
199 2045 392 2121 optimatibus
406 2046 470 2103 suis
486 2063 493 2102 :

63 2121 168 2248 N⁰i¹¹¹⁶
178 2123 238 2247 tges
251 2119 330 2176 viros
340 2118 479 2176 misimus
488 2117 518 2173 in
531 2117 660 2175 medium
675 2115 753 2191 ignia
777 2129 893 2189 compe·

124 2193 183 2248 iton

65 2264 121 2332 oui
137 2260 350 2335 respondentes
366 2260 506 2318 dixerunt
525 2261 610 2335 regi:

103 2336 183 2403 Vere,
200 2350 259 2400 rex,

64 2406 237 2478 Respondit,
254 2407 283 2460 et
298 2401 339 2458 sil
354 2418 362 2460 ε

101 2479 174 2534 licce
188 2491 241 2602 ego
258 2474 341 2531 video
354 2472 433 2531 viros
449 2477 580 2546 quatuor
593 2474 719 2543 solutos,

102 2553 133 2606 et
155 2565 204 2604 am
227 2545 343 2603 utentes
359 2546 389 2602 in
406 2545 501 2602 medio
517 2546 607 2619 ignis,

103 2626 133 2677 et
146 2618 221 2674 nihit
236 2617 435 2690 corruptionis
451 2618 480 2672 iu
496 2617 539 2674 eis
554 2622 612 2684 est,

103 2697 133 2748 et
148 2691 262 2764 species
275 2686 374 2763 quarti
390 2687 498 2746 similis
512 2688 572 2746 tilio
587 2687 650 2745 Dei.

67 2768 152 2845 ‘rrrrrc¹
161 2761 287 2846 accessit
297 2759 564 2844 Nabuchodonosor
583 2761 619 2818 ad
640 2757 750 2816 ostium
764 2756 893 2814 fornacis

103 2833 382 2988 8ίᾶξέἐέᾞίἶῖίέξῖ
395 2835 424 2959 gi
437 2836 607 2976 fflidenago,
620 2900 696 2959 servi
713 2898 762 2958 Dei
776 2899 893 2968 excelsi,

104 2978 300 3047 egredrmrmi‚
315 2979 344 3032 et
357 2978 453 3031 venite
470 2991 478 3042 ;

658 207 766 263 uuna
783 203 953 261 nunnus
970 205 1182 269 namneum.

902 325 932 394 Α
981 328 1012 386 iu
1027 332 1177 403 provincia
1191 334 1358 409 Rabylonis.

944 398 1216 463 Naaucnxnonosoa
1232 424 1291 477 rex,

978 476 1116 534 omnibus
1132 478 1259 552 populis,
1275 476 1425 550 gentibus,
1441 481 1469 534 et
1484 476 1607 550 linguis,
1619 477 1670 551 qui
1685 476 1768 535 habi·

1015 550 1079 604 tant
1093 550 1123 605 in
1139 550 1277 607 universe
1293 556 1380 619 terra,

979 633 1035 690 pax
1049 620 1131 678 vohis
1148 621 1370 694 multiplicetur.

942 689 1031 761 Signa
1045 695 1075 746 et
1085 692 1234 749 mirabilia
1247 693 1315 748 lecit
1326 692 1404 764 aqud
1422 706 1468 747 me
1483 690 1561 747 Deus
1576 690 1720 749 excelsus·

942 759 1056 818 Placuit
1065 778 1134 889 etrgo
1146 765 1219 821 mihi
1229 763 1387 837 predicare
1397 763 1483 836 signa
1495 763 1570 836 ejus,
1580 763 1650 835 quia
1661 778 1769 837 magna

1013 849 1069 889 sun
1092 850 1099 890 :

978 906 1006 960 et
1022 905 1169 963 mirabilia
1184 908 1261 980 ejus,
1277 904 1345 978 quia
1360 906 1469 975 fortia,

943 975 978 1031 lit
993 992 1117 1049 regnum
1134 980 1198 1050 ejus
1214 978 1563 1062 regnumsempiternum
1579 991 1587 1033 t

978 1052 1009 1104 et
1024 1053 1154 1121 potestas
1171 1050 1236 1122 ejus
1255 1067 1285 1106 m
1304 1048 1523 1122 generationem
1548 1053 1578 1105 at
1599 1047 1767 1121 generatio·

1016 1136 1084 1177 neu.

944 1187 1029 1259 [licio
1045 1191 1104 1263 lv]
1120 1191 1178 1264 ligo
1193 1192 1462 1250 Nabuchodonosor
1489 1190 1609 1263 quietus
1631 1206 1712 1248 eram
1736 1189 1766 1248 iu
1883 1202 1889 1209 ’
1912 1180 1915 1197 ⁴

1015 1264 1103 1319 domo
1122 1280 1198 1332 mea,

980 1337 1009 1389 et
1023 1335 1132 1393 tlorens
1147 1336 1177 1390 in
1193 1334 1302 1408 palatio
1317 1350 1380 1391 meo
1398 1349 1405 1391 :

942 1403 1099 1462 Somnium
1115 1405 1186 1477 vidi,
1201 1406 1280 1478 quod
1294 1404 1451 1480 perterruit
1465 1419 1512 1460 ms
1527 1419 1535 1458 ε

980 1481 1008 1532 st
1023 1478 1215 1551 cogitationes
1227 1494 1298 1534 mee
1313 1478 1344 1533 iu
1361 1479 1453 1533 stratu
1470 1491 1544 1545 mco,

980 1552 1009 1605 et
1024 1549 1152 1607 visiones
1169 1549 1271 1622 capitis
1285 1548 1342 1605 mei
1357 1545 1593 1605 conturbaverint
1607 1561 1663 1602 me.

945 1618 980 1675 ut
995 1636 1046 1692 per
1061 1636 1107 1677 me
1124 1621 1303 1694 propositum
1317 1624 1362 1677 est
1376 1621 1539 1684 decretum,

905 1700 931 1767 Β
981 1697 1014 1748 ut
1028 1692 1283 1750 introducerentur
1298 1693 1327 1748 in
1343 1694 1500 1764 conspectu
1516 1705 1582 1746 meo
1598 1687 1695 1745 cuncti
1718 1702 1765 1746 sa·

1016 1765 1130 1836 pientes
1145 1764 1313 1837 Babylonis,

977 1839 1007 1891 et
1022 1840 1054 1892 ut
1068 1834 1245 1892 solutionem
1262 1833 1369 1892 somnii
1385 1832 1550 1889 indicarent
1565 1829 1649 1887 mihi.

943 1908 1022 1963 Tunc
1043 1907 1284 1991 ingrediebantur
1294 1904 1389 1974 arioli,
1401 1903 1490 1977 magi,
1507 1902 1644 1974 Chaldaei,
1657 1904 1687 1960 et
1699 1918 1768 1960 uru-

979 1994 1172 2107 utimum
1187 2048 1304 2107 narravi
1318 2048 1349 2104 in
1365 2049 1524 2119 conspectu
1539 2060 1641 2102 eorum
1656 2060 1664 2099 t

979 2126 1009 2178 et
1023 2121 1198 2179 solutionem
1214 2123 1279 2192 elus
1290 2135 1348 2176 non
1361 2117 1568 2174 indicaverunt
1583 2115 1667 2171 mihi.

944 2193 1052 2276 Donec
1069 2193 1200 2267 collega¹
1227 2192 1380 2263 ingressus
1400 2192 1445 2247 est
1469 2189 1499 2244 in
1524 2191 1683 2260 conspectu
1703 2201 1769 2245 mec

980 2264 1149 2392 &dinderinten
1165 2334 1314 2392 Baltassar
1329 2331 1491 2389 seeundum
1507 2346 1614 2387 nomeu
1629 2327 1681 2386 Dei
1701 2327 1769 2400 met,

980 2408 1031 2479 qui
1046 2406 1136 2464 hahet
1150 2407 1288 2480 spiritum
1305 2404 1427 2462 deorum
1440 2406 1609 2460 sanctorum
1620 2399 1650 2457 iu
1661 2404 1771 2458 semet·

1017 2479 1080 2551 ipso
1097 2495 1104 2534 ε

935 2590 938 2596 -
980 2553 1009 2606 et
1023 2549 1174 2607 somnium
1189 2564 1287 2605 coram
1303 2547 1367 2619 ipso
1381 2546 1498 2603 locutus
1515 2560 1593 2602 sum.

944 2621 1102 2690 baltassar,
1121 2619 1256 2694 princeps
1271 2617 1442 2687 ariolorum,

982 2709 1067 2767 quem
1084 2708 1137 2765 ego
1148 2691 1209 2748 scio
1224 2690 1302 2762 quod
1316 2689 1454 2762 spiritum
1465 2683 1768 2744 sanctorumdeorum

1016 2763 1126 2821 habeas
1144 2763 1226 2828 inte,

980 2840 1010 2893 et
1023 2851 1111 2892 omne
1125 2834 1342 2892 sacramentum
1357 2833 1471 2887 nonest
1485 2826 1669 2900 impossibile
1683 2824 1736 2881 tibi
1757 2840 1765 2883 :

945 2907 1082 2964 Visiones
1097 2907 1280 2963 somniorum
1304 2918 1449 2971 meorum,
1465 2916 1539 2974 quas
1554 2899 1624 2968 vidi,
1640 2903 1669 2956 et
1683 2896 1765 2955 solu·

1018 2979 1125 3035 tionem
1139 2994 1241 3035 eorum
1257 2990 1355 3032 narra.

65 3050 233 3121 Statimque
247 3046 359 3119 egressi
372 3050 443 3102 eunt
455 3045 588 3115 Sidrach,
605 3043 727 3113 Mieach,
754 3047 784 3100 et
803 3043 931 3136 Abda-0
949 3050 1032 3108 Vinio
1047 3050 1154 3123 cepitis
1168 3051 1225 3106 mei
1240 3048 1271 3104 in
1286 3044 1377 3103 nubili
1392 3057 1458 3101 meo
1475 3059 1482 3100 :

140 3135 216 3193 nego
233 3120 269 3175 de
284 3117 381 3175 medio
396 3117 484 3190 ignis.

71 3192 106 3248 ut
117 3190 287 3264 congregati
303 3195 439 3262 satrape,
455 3187 660 3261 magistratus,
676 3188 705 3244 et
724 3185 854 3259 ludices,
868 3188 897 3242 et

139 3267 278 3336 potantes
297 3261 388 3333 regis,

101 3332 384 3406 contemplabantur
405 3330 483 3389 viros
498 3330 575 3388 illos.

62 3406 211 3472 Quoniam
228 3402 307 3460 nihil
320 3402 476 3477 potestatis
490 3400 647 3460 habuisset
663 3400 738 3474 ignis
753 3398 784 3457 in
798 3414 899 3473 corpo·

138 3478 222 3534 rihue
237 3491 354 3541 eornm,

101 3552 132 3606 et
146 3547 271 3621 capillus
286 3545 395 3620 capitis
407 3560 510 3602 eorum
527 3561 585 3601 oon
600 3547 680 3601 esset
694 3544 830 3601 adustus.

100 3624 130 3676 et
145 3618 310 3677 sarabella¹
327 3633 429 3674 eorum
444 3632 500 3673 uon
516 3616 623 3673 luisset
637 3616 805 3682 immutata,

108 3692 225 3748 stodor
239 3690 318 3763 iguis
331 3706 390 3746 non
405 3688 562 3746 transisset
577 3704 629 3760 per
640 3703 699 3746 eos.

73 3762 110 3820 ut
122 3778 283 3835 erumpens
296 3759 565 3818 Nabuchodonosor
578 3759 621 3818 ait
641 3777 648 3828 ;

71 3833 251 3891 Benedictus
265 3833 344 3890 Deus
366 3847 481 3898 eorum,

108 3906 230 3963 sidrach
246 3903 392 3972 videlicet,
406 3902 517 3960 Misaeh
529 3905 558 3959 et
571 3902 740 3974 abdenago,

109 3977 161 4050 qui
178 3974 259 4035 misit
273 3975 411 4049 angelum
428 3991 516 4033 suum
533 3994 541 4046 ;

73 4051 109 4104 sst
124 4049 201 4132 eruit
215 4063 315 4132 servos
330 4063 412 4131 suos,

74 4120 596 4275 theelrgirergleggilsnimliniaiffiiaruut,
681 4258 688 4270 ι

111 4267 146 4319 at
159 4264 345 4320 tradiderunt
358 4277 481 4333 corpora
496 4275 550 4318 sua
563 4275 599 4316 oe
613 4261 768 4327 servirent,

109 4339 139 4391 et
155 4350 189 4390 ne
207 4335 365 4392 adorarent
375 4347 493 4389 omnem
511 4330 740 4404 Deum,excepto
748 4331 806 4388 Deo
818 4345 872 4388 suo
890 4346 898 4387 :

75 4410 102 4465 Δ
118 4421 165 4463 me
177 4422 247 4478 ergo
260 4404 388 4478 positum
404 4411 448 4461 est
462 4402 519 4459 hoc
532 4404 694 4474 decretum,

116 4481 148 4534 ut
162 4477 259 4534 omnis
275 4475 413 4549 populus,
426 4475 534 4545 tribua,
548 4479 577 4531 et
592 4473 705 4546 lingua.

117 4564 312 4622 quaecumque
326 4548 425 4606 locuta
452 4545 540 4603 tuerit
567 4544 779 4618 blasphemiam
798 4549 901 4604 contra

149 4620 242 4678 Deum
257 4618 390 4688 sidrach,
406 4617 532 4687 Misach,
547 4621 577 4673 et
590 4617 760 4692 Abdenago,

111 4691 273 4764 dispereat,
288 4697 317 4749 et
332 4691 440 4748 domus
454 4690 519 4760 ejus
535 4693 665 4746 vastetur
680 4705 688 4746 t

112 4763 213 4848 Neque
227 4762 305 4848 enim
321 4768 367 4820 est
383 4767 457 4818 Deus
472 4761 560 4831 alius,

77 4850 164 4963 'stiffi
171 4833 541 4979 rffisspioidoziivgigrach,
557 4901 679 4971 blisach,
694 4905 722 4959 st
735 4902 901 4975 abdenago,

115 5124 196 5180 ¹Pro
219 5121 368 5179 eombcllu
392 5137 463 5179 mss.
480 5121 539 5177 iere
559 5136 662 5178 omnes
686 5119 789 5194 legunt
812 5124 846 5177 ut
871 5119 902 5178 in

78 5193 165 5262 Lxx,
180 5195 325 5263 scrutare,
342 5194 441 5251 Canon
459 5193 653 5249 Memmianua
668 5192 698 5248 in
713 5208 833 5263 corpore
848 5193 902 5250 ha·

78 5266 286 5329 betccroborr.
301 5266 331 5322 in
352 5265 488 5338 margine
501 5281 569 5321 vero
591 5264 666 5319 hanc
681 5265 845 5321 variantem
860 5263 903 5320 le-

80 5337 222 5406 ctionem,
237 5338 310 5395 olibi
323 5336 478 5394 curaberis.
495 5341 555 5392 Hos
576 5351 690 5393 errores
706 5336 856 5409 redarguit
870 5336 901 5392 S.

78 5409 198 5495 hieron.
214 5410 235 5467 l.
251 5426 272 5468 r.
285 5410 449 5467 comment.
462 5408 490 5463 in
503 5407 652 5464 Danielem
665 5423 672 5464 :
685 5428 699 5493 «ς
712 5411 767 5464 Pro
776 5407 903 5472 braccis,

78 5475 902 5625 altitutttlttttllttttitilt,bibiti

79 5628 114 5681 ut
126 5630 264 5698 corrupte
279 5624 396 5694 legitur,
408 5623 562 5681 cerebello.
576 5625 689 5696 Lingua
702 5627 800 5680 autem
813 5622 902 5681 Chai·

78 5693 903 5756 deorumccroboltoorurahominumvocanturettibie

77 5770 110 5826 et
133 5764 392 5846 dpuvtporetium
419 5767 530 5827 braccas
545 5774 659 5839 sorum,
684 5767 793 5842 quibua
814 5779 904 5829 crura

986 3121 1142 3188 Videbam,
1157 3127 1186 3178 et
1199 3135 1265 3178 ecce
1279 3118 1368 3175 arbor
1382 3117 1411 3173 in
1422 3113 1519 3172 medio
1535 3116 1629 3181 terre,

985 3200 1014 3250 et
1028 3193 1153 3250 altitudo
1167 3194 1232 3264 ejus
1247 3189 1348 3246 nimis.

949 3268 1053 3338 lingna
1068 3266 1166 3331 arbor,
1182 3269 1211 3320 et
1225 3262 1309 3318 iortis
1325 3277 1332 3315 :

985 3343 1014 3394 et
1029 3337 1189 3409 proceritas
1204 3335 1269 3406 ejus
1284 3331 1460 3403 contingens
1474 3327 1579 3384 caelum
1597 3342 1605 3382 t

985 3417 1122 3479 aspectus
1138 3407 1219 3467 illius
1232 3409 1295 3463 erat
1312 3402 1455 3475 usquead
1471 3398 1616 3457 terminos
1631 3396 1775 3454 universe

1023 3486 1120 3537 terre.

951 3551 1105 3624 Fctiaelus
1120 3547 1328 3624 pulcherrima,
1344 3548 1373 3602 et
1388 3544 1501 3601 tructus
1514 3542 1580 3616 ejus
1595 3539 1707 3597 nimius
1723 3555 1730 3596 :

986 3628 1017 3679 et
1030 3640 1097 3681 esca
1113 3621 1318 3679 universorum
1334 3617 1364 3674 in
1380 3633 1424 3674 ea.
1607 3682 1612 3695 Ι

950 3695 1057 3752 Subter
1071 3709 1137 3752 eam
1150 3691 1325 3748 habitabant
1339 3685 1479 3745 animalia
1490 3688 1521 3740 et
1538 3684 1650 3751 bestie,

986 3767 1055 3822 etin
1071 3762 1162 3823 ramis
1178 3764 1242 3833 ejus
1257 3758 1506 3817 conversabantur
1520 3754 1652 3812 volucres
1675 3750 1762 3811 oculi:
1832 3787 1836 3791 -
1866 3794 1871 3805 .
1908 3756 1913 3765 “

986 3841 1015 3892 ot
1027 3853 1062 3894 ex
1076 3851 1111 3892 ea
1125 3835 1297 3894 vescebatur
1310 3831 1406 3888 omnis
1421 3844 1498 3885 caro.

950 3907 1093 3965 Videbam
1117 3904 1283 3962 invisione
1311 3900 1418 3974 capitis
1442 3897 1499 3956 mei
1528 3911 1618 3969 super
1645 3898 1775 3952 stratum

1024 3994 1135 4044 meum,

986 4055 1015 4109 et
1025 4068 1091 4109 ecce
1105 4047 1174 4122 vigil
1190 4050 1218 4104 st
1231 4048 1353 4105 sauctus
1369 4044 1404 4100 de
1419 4041 1491 4101 coelo
1506 4036 1669 4097 descendit.

951 4122 1096 4180 Clamavit
1108 4119 1233 4188 fortiter,
1249 4123 1278 4174 et
1290 4117 1332 4174 sic
1351 4115 1394 4173 ait
1410 4131 1417 4171 :
1613 4182 1619 4194 ι

952 4194 1100 4252 Succidite
1113 4192 1256 4259 arborem,
1272 4192 1301 4245 et
1316 4185 1465 4261 precidite
1481 4198 1579 4240 ramos
1594 4197 1659 4253 eJus
1675 4193 1683 4234 ε

951 4267 1085 4324 Excutits
1101 4263 1171 4321 tolia
1185 4262 1261 4330 s'ua,

987 4344 1017 4395 st
1030 4336 1189 4410 dispergite
1213 4336 1329 4389 ructum
1343 4330 1409 4401 ejus
1426 4345 1433 4384 ε

915 4439 939 4507 D
954 4409 1077 4483 Fugiunt
1091 4407 1190 4465 bestie
1205 4420 1271 4478 que
1286 4403 1388 4460 subter
1402 4414 1466 4458 eam
1479 4400 1561 4466 sunt,

990 4487 1019 4538 et
1033 4481 1165 4538 volucres
1181 4478 1216 4534 de
1231 4475 1322 4532 ramis
1336 4475 1411 4541 etus.

956 4554 1165 4610 Verumtamen
1176 4562 1296 4622 germen
1313 4545 1445 4602 radicum
1463 4541 1528 4613 elus
1543 4540 1574 4596 in
1589 4540 1668 4595 terra
1679 4532 1779 4603 sinite,
1894 4564 1898 4571 ·

990 4629 1020 4682 et
1033 4624 1170 4697 alligetur
1181 4618 1297 4677 vinculo
1311 4616 1405 4675 ferreo
1420 4619 1450 4672 et
1463 4629 1548 4684 ereo,
1564 4611 1593 4667 in
1610 4607 1780 4679 herbisque

1026 4696 1099 4753 ioris
1114 4697 1195 4751 sunt.

991 4770 1020 4824 et
1034 4782 1098 4826 rore
1114 4765 1177 4823 coeli
1193 4762 1334 4836 tingatur,

991 4844 1095 4897 etcum
1107 4837 1176 4894 teris
1192 4851 1260 4909 para
1274 4833 1339 4904 eius
1357 4829 1387 4887 in
1403 4828 1496 4886 herba
1510 4831 1606 4885 terre.

956 4911 1012 4968 Gor
1025 4913 1089 4985 elus
1104 4910 1141 4967 ah
1155 4908 1285 4965 humano
1301 4905 1513 4970 commutetur,

955 5131 1097 5200 teguntur
1111 5127 1140 5181 et
1154 5120 1242 5178 tihie.
1259 5118 1344 5194 quasi
1360 5117 1490 5178 crurales
1506 5119 1535 5173 et
1548 5109 1665 5169 tibiales
1680 5105 1782 5183 appel·

957 5200 1021 5256 latre
1037 5200 1108 5255 sunt
1123 5217 1137 5246 »
1154 5195 1247 5251 Mans.
1737 5247 1744 5260 ι

991 5271 1124 5327 ’Tantus
1141 5268 1278 5322 tlonraeus
1292 5262 1381 5319 hahet
1409 5270 1505 5326 itane,
1535 5271 1599 5327 true
1624 5248 1782 5307 Chaldaroa

956 5375 1010 5414 vox
1025 5355 1143 5429 proprie
1153 5353 1301 5427 significat
1316 5352 1418 5407 oliam.
1434 5344 1631 5416 Quamobrem
1642 5339 1723 5395 visus
1737 5340 1783 5393 est

957 5428 1139 5488 doctisviris
1166 5430 1195 5482 Β.
1222 5429 1307 5481 Pater
1333 5422 1465 5480 Grecum
1491 5414 1640 5488 exeruptar
1661 5409 1708 5466 hic
1725 5424 1782 5481 pre
1886 5406 1904 5499 θ’

956 5501 1051 5559 oculis
1064 5498 1215 5562 habuisse,
1232 5502 1321 5568 atque
1336 5495 1435 5565 ipsum
1455 5489 1574 5562 uiridem
1591 5484 1779 5541 mendosum.

893 5595 902 5622 ν
957 5577 1058 5646 utpote
1070 5587 1127 5644 quo
1143 5586 1194 5643 pro
1208 5567 1300 5641 ἓτερον
1316 5566 1424 5638 legeret
1439 5563 1542 5690 irriso,
1555 5575 1619 5631 que
1631 5571 1686 5611 vox
1697 5552 1782 5610 colle·

955 5663 1018 5718 pom
1033 5648 1131 5702 sonat.
1148 5640 1261 5701 videsis
1276 5643 1374 5696 tamen
1391 5651 1487 5711 quaa
1521 5632 1602 5688 hunc
1626 5627 1725 5684 locum
1749 5622 1781 5680 in

955 5715 1172 5778 Commentaris
1184 5712 1372 5771 adnotamus.

1696 168 1815 267 reru
1885 196 1910 235 -’
