3870 6120
150 190 221 251 1459

150 315 981 395 eosjnmentis,atadduxaruntlericbocivitatempalma·

150 409 218 452 rum
230 392 267 449 ad
279 392 384 448 fratrea
404 405 517 461 eorum,
538 389 654 462 ipsique
669 388 776 446 reversi
794 395 866 446 aunt
878 392 978 446 Sama·

154 465 242 523 dam.

188 530 763 606 Temporeillomisitrcxdbssadregem
779 531 980 604 Assyriorum,

154 606 299 665 auxilium
315 603 479 678 postulans.

190 681 401 748 veneruntque
416 674 547 745 idumei,
563 680 591 730 et
607 677 816 746 percusserunt
827 673 982 730 multosox

153 749 233 807 Juda
259 752 288 804 et
302 752 443 821 ceperunt
459 747 586 819 praedam
601 762 749 818 magnam.

189 791 358 876 philisthim
375 835 492 892 quoque
506 818 604 873 diffusi
621 822 691 873 sunt
705 818 854 888 perurbes
865 833 981 889 campe·

154 887 981 961 stresetsdmeridiemludo:ceperuntqueBetlr-Samea

153 968 184 1021 et
193 962 305 1028 Aialon,
316 968 345 1020 et
354 962 511 1030 Gaderotb,
523 959 618 1017 Socho
629 976 756 1033 quoquo,
765 965 794 1016 et
812 960 979 1029 Thamnus,

153 1036 309 1105 etGamzo,
322 1050 389 1090 oum
403 1033 510 1089 viculis
521 1032 593 1103 suia,
605 1037 634 1087 et
648 1032 856 1089 habitaverunt
875 1031 905 1088 iu
925 1032 978 1087 eia.

187 1122 401 1180 Humiliaverat
415 1121 493 1177 enim
505 1120 648 1177 Dominus
659 1120 764 1177 ludam
776 1119 981 1193 propterdbaz

152 1210 251 1270 regem
266 1195 282 1250 J
287 1195 353 1262 udn,
371 1211 404 1277 eo
420 1194 493 1264 quod
511 1194 652 1278 nudasset
663 1208 730 1248 eum
741 1191 858 1263 auxilio,
872 1196 981 1248 etoon-

153 1264 752 1419 teltinStilirluiltiilir'el{ienttrliro[exiiii]n'Jl*‘'he²lgatlr
781 1332 944 1391 phalnasar
959 1338 980 1418 f,

152 1425 250 1483 regem
263 1410 461 1490 Assyriorum,
472 1423 521 1480 qur
532 1413 561 1463 et
577 1406 680 1462 alllvxvt
690 1422 757 1461 eum
766 1412 804 1475 et,
816 1404 897 1463 nullo
909 1422 982 1463 resr-

153 1483 604 1678 'tissiiirvuaiiffsipoti’etademo
613 1548 982 1630 Domini,etdomoragu1u

153 1641 187 1682 ae
203 1625 381 1750 principum,
418 1623 479 1748 ἓξὲξ
489 1637 549 1693 regi
560 1624 745 1693 Assyriorum
758 1636 892 1690 munera,
907 1625 983 1677 etta·

156 1694 316 1840 migsliiigr
328 1710 550 1836 giptiotempore
565 1763 707 1836 augustias
723 1780 783 1820 suae
801 1762 882 1819 auxit
910 1779 981 1820 oon·

153 1842 301 1911 temptum
313 1839 343 1893 in
356 1835 523 1905 Dominum,
538 1835 601 1908 ipso
617 1852 669 1908 per
684 1850 715 1892 se
726 1834 980 1891 rexAbazimmo·

153 1909 225 1993 lavit
239 1909 295 1967 diis
310 1908 448 1965 Damasci
464 1908 600 1964 victimas
616 1906 840 1980 percussoribus
856 1907 929 1975 suis,
953 1909 983 1964 et

156 1981 690 2124 diillitrequmSprieeauxiliantureis,
701 2065 839 2133 quoeego
859 2049 981 2121 placabo

154 2124 303 2195 hostiis,et
312 2124 437 2179 aderunt
447 2121 520 2177 mibi
531 2140 538 2189 ;
550 2139 617 2178 oum
629 2120 862 2192 econtrariovpsi
874 2121 982 2177 tuerint

155 2195 247 2252 ruins
264 2195 289 2251 ci
305 2200 333 2252 et
347 2196 483 2251 universo
495 2192 594 2249 lsrael.

187 2265 316 2338 Direptis
332 2265 434 2336 itaque
450 2263 524 2319 thaz
539 2264 678 2321 omnibus
693 2262 771 2318 vasis
787 2264 892 2319 domus
918 2262 982 2332 Doi,

153 2343 242 2409 atque
256 2337 431 2403 contractis,
447 2335 662 2406 elausitjanuas
678 2333 780 2405 templi
795 2335 860 2405 Dei,
875 2340 904 2390 et
916 2335 983 2391 iecit

153 2407 210 2467 sibi
225 2407 329 2464 altaria
344 2408 374 2464 in
393 2406 537 2463 universis
551 2405 669 2478 angulis
681 2405 856 2462 Jerusalem.

192 2499 224 2554 ln
240 2495 375 2553 omnibus
389 2510 505 2567 quoquo
521 2494 645 2551 urbibus
658 2495 735 2551 luda
750 2494 895 2551 exstruxit
915 2512 982 2552 arsa

156 2569 192 2627 sd
204 2567 395 2625 cremandum
403 2567 621 2640 thus,stquead
629 2567 809 2622 iracundiam
818 2567 983 2639 provocavit

155 2640 314 2698 Dominum
331 2643 420 2695 Deum
437 2644 552 2711 patrum
569 2654 702 2695 suorum.

193 2710 318 2785 Reliqua
327 2716 424 2767 autom
436 2726 606 2767 sermonum
615 2712 678 2781 ojus
687 2708 853 2765 etomuium
861 2725 982 2782 operum

157 2783 291 2911 Krlorum
306 2788 317 2825 ¹
330 2787 357 2838 ei
388 2781 614 2838 novissimorum
643 2782 754 2854 scripta
769 2787 838 2837 suut
860 2781 889 2836 in
909 2780 983 2837 libro

183 2871 199 2912 e
220 2871 270 2911 um
285 2854 362 2910 tuta
375 2853 514 2910 elisrael.

197 2871 398 2996 Dormivitquo
412 2924 489 2981 Abaz
503 2941 571 2980 cum
587 2924 719 2996 patribus
730 2925 803 2993 suis,
817 2928 846 2979 et
860 2921 983 2996 sepelie-

160 3000 232 3054 runt
246 3013 312 3053 eum
329 2997 358 3052 in
370 2997 485 3052 civitate
494 2996 657 3053 Jerusalem
668 2996 696 3050 ⁸:
712 3012 805 3067 neque
815 2995 894 3052 enirn
904 3010 984 3051 reeo-

160 3073 343 3196 sserunteum
360 3068 388 3122 in
404 3067 538 3152 sepulcra
553 3083 652 3138 regum
669 3067 766 3124 lsrael.
784 3051 1022 3140 Regnavitquoss

186 3138 301 3196 zechiae
314 3137 393 3194 illius
408 3155 472 3210 epus
487 3155 538 3211 pro
554 3155 597 3195 eo.

196 3210 274 3280 (bitu.
290 3210 407 3281 xxix.)
419 3210 513 3283 igitur
527 3209 665 3266 Ezechias
678 3210 905 3283 regnnrocoepit,
917 3226 984 3266 cum

159 3281 406 3354 vigintiquinque
416 3286 494 3338 esset
503 3285 699 3347 annorum,ct
708 3280 810 3354 viginti
820 3297 923 3338 novem
934 3298 985 3338 au·

160 3352 209 3410 nis
224 3353 352 3424 regnavit
365 3352 396 3407 in
411 3352 593 3410 Jerusalem:

196 3427 308 3479 Nomen
325 3423 428 3479 matris
444 3424 509 3495 ejus
524 3424 607 3492 Abia,
623 3421 846 3480 illiazacbariae.

196 3493 333 3565 Fecitque
348 3494 426 3564 quod
442 3500 505 3550 erut
521 3494 658 3566 placitum
688 3495 718 3549 in
748 3499 906 3567 conspectu
932 3498 985 3551 Do·

161 3563 245 3633 mini,
257 3564 344 3636 juxta
357 3564 456 3621 omnia
470 3581 533 3638 qun
550 3567 658 3621 lecerat
671 3566 762 3621 David
778 3572 860 3640 pater
874 3568 949 3638 ejus.

198 3655 264 3737 lpse
277 3654 331 3726 (lt.
347 3652 423 3779 ipsoJ
436 3670 513 3710 anno
528 3659 556 3710 et
579 3670 680 3738 mepse
710 3653 804 3738 primo
828 3657 908 3738 reg-ni
938 3655 985 3712 sui

162 3731 277 3800 aparuit
290 3726 388 3809 valvas
424 3724 697 3792 omnsDom1n1,et
715 3731 898 3808 'instauravit
925 3742 985 3811 aas.

160 3797 986 3942 utilit‘ttlttttlttttlttss“lv0‘⁶⁰⁰⁸‘⁶⁸⁸·

197 3954 333 4028 Dixitque
347 3956 383 4013 ad
392 3973 442 4014 eos
455 3957 577 4013 :Audite
588 3974 643 4025 me,
656 3957 770 4023 Levites,
781 3962 809 4013 et
819 3958 986 4015 sanctitica-

163 4028 247 4096 mini,
264 4029 404 4084 mundate
426 4029 547 4084 domum
572 4028 687 4084 Domini
716 4029 767 4085 Dci
794 4034 909 4102 patrum
936 4046 986 4085 vc-

162 4105 303 4182 strorqm,
319 4105 349 4156 et
363 4100 474 4156 auferte
487 4115 604 4156 omnam
622 4101 842 4156 immunditiam
858 4103 894 4158 de
915 4119 985 4157 sau·

162 4175 392 4298 etlinstituerunt
406 4246 503 4326 patres
519 4243 623 4325 nostri,
638 4246 667 4298 ot
683 4243 811 4325 iecerunt
826 4242 936 4299 malum
957 4244 986 4299 in

160 4319 318 4385 conspectu
335 4312 450 4370 Domini
466 4314 516 4368 Dei
529 4320 632 4378 nostri,
648 4313 885 4385 derelinquentes
897 4331 984 4372 eum:

161 4389 329 4441 everterunt
342 4384 430 4441 iacies
440 4402 535 4440 suasa
549 4385 738 4440 tabernaculo
749 4386 865 4442 Domini
878 4390 906 4441 et
916 4403 987 4459 pra·
1001 4411 1024 4478 n

164 4455 290 4512 buerunt
305 4457 438 4513 dorsum.

197 4526 467 4595 Clauseruntostie,
484 4544 548 4598 qus
568 4535 649 4583 oront
678 4528 707 4584 in
737 4528 861 4600 porticu,
887 4533 916 4585 ot
936 4545 984 4585 ex·

162 4598 327 4655 stinxerunt
342 4600 488 4664 lucernas,
500 4598 715 4670 incensumque
731 4616 788 4657 non
799 4599 987 4656 adoleverunt

162 4671 191 4725 et
206 4668 375 4726 holocausta
394 4686 452 4726 non
480 4668 649 4726 obtulerunt
674 4670 704 4726 in
731 4671 900 4728 sanctuario
928 4675 986 4728 Deo

164 4740 368 4869 tarcagztfflus
383 4815 429 4869 eet
443 4811 541 4883 itaque
556 4813 637 4868 iuror
649 4811 764 4868 Domini
779 4829 869 4885 super
880 4813 986 4870 ludam

164 4886 194 4940 et
207 4882 384 4951 Jerusalem,
399 4883 576 4954 tradiditque
591 4900 640 4940 eos
654 4883 686 4939 iu
700 4885 937 4955 commotionem,
959 4887 988 4951 et

164 4954 196 5013 in
210 4955 374 5044 interitum,
389 4960 418 5012 et
431 4954 600 5023 insibrlurn,
612 4955 688 5012 sicut
699 4956 754 5028 ipsi
767 4957 886 5013 cernitis
895 4955 988 5013 oculis

166 5030 447 5170 veDtrilscorruerunt
462 5101 559 5170 putres
576 5097 667 5154 nostri
682 5097 799 5171 gladiis,
816 5099 868 5155 filii
885 5098 988 5165 nostri,

203 5313 211 5348 ¹
228 5313 300 5371 Mas.
316 5312 409 5369 Latini
424 5315 594 5368 constanter
608 5310 710 5384 legunt
726 5312 773 5368 hic
788 5329 878 5385 supra
906 5315 991 5388 Titoq-

166 5384 225 5441 latlv
240 5385 389 5446 Plecterer,
407 5383 442 5440 de
459 5400 515 5456 quo
527 5383 988 5444 dictumestsuisscicnter.Mrnr.

201 5456 212 5491 ¹
228 5456 323 5512 Latini
338 5454 386 5511 alii
399 5455 464 5511 libri
480 5456 593 5511 addunt
607 5470 728 5510 suonam.

201 5527 422 5582 ’Memmianus
437 5527 534 5582 Canon
553 5525 656 5581 retinet
671 5528 723 5581 hon
740 5524 802 5581 loco
831 5528 990 5585 variantem

666 190 697 247 S.
717 191 920 249 fltssaorttttt
938 192 1067 249 uivida
1090 192 1338 251 ammomum.

1792 186 1858 248 tteo

994 320 1065 389 Aet
1079 318 1147 376 illias
1166 325 1285 392 nostres,
1310 323 1339 377 et
1362 320 1504 393 conjuges
1530 319 1652 394 captiva
1675 318 1773 376 ducta
1789 322 1863 386 anst,

1037 395 1156 518 prm
1170 391 1348 535 gigoseleigest
1362 461 1435 519 milri
1451 466 1485 521 ut
1507 463 1644 546 ineamuq
1672 461 1773 517 icadas
1802 477 1864 545 cum

1036 536 1160 591 Domino
1175 536 1233 592 Deo
1250 480 1349 604 iirael,
1365 539 1395 591 et
1408 538 1521 593 avertet
1535 552 1552 592 a
1567 535 1657 592 uobis
1672 534 1803 590 iurarem
1820 549 1864 589 ire

1037 621 1108 661 sua·

1072 676 1137 732 Filii
1153 678 1209 733 mei
1220 678 1242 746 ⁸,
1258 676 1348 734 nolito
1364 676 1528 750 negligere:
1543 693 1595 734 vos
1610 675 1699 740 alsait
1715 675 1866 744 Dominus,

1036 751 1070 802 ut
1082 749 1324 807 stetiscoramoo.
1335 748 1606 818 etministretisilli,
1614 747 1866 821 colatisqueeum,

1035 826 1061 875 et
1078 820 1234 876 cremetis⁸
1246 821 1408 877 incensum.

1071 891 1267 948 Surrexeruut
1283 908 1350 964 ergo
1367 892 1492 948 Levita:
1511 890 1610 947 Maath
1639 890 1723 947 iilius
1750 889 1865 947 ammi

1070 961 1128 1035 (At.
1139 963 1283 1035 tmesis),
1299 968 1327 1019 et
1341 962 1403 1019 loci
1419 962 1499 1019 iilius
1514 962 1622 1019 Auarico
1633 963 1669 1018 de
1681 960 1756 1018 tiliis
1767 961 1865 1018 caatlr:

1069 1050 1158 1108 Porro
1174 1052 1210 1108 de
1225 1052 1295 1108 ssliis
1310 1052 1413 1108 Morari
1440 1052 1488 1109 Cis
1503 1051 1583 1108 filius
1597 1051 1671 1109 Abdi
1681 1051 1742 1121 (st.
1755 1049 1866 1122 Abdail·

1035 1129 1064 1194 et
1075 1123 1194 1178 azarias
1211 1123 1289 1179 filius
1303 1097 1424 1179 laulelei
1440 1125 1493 1195 (et.
1508 1122 1658 1191 Jaleleol).

1035 1199 1111 1322 mtto
1122 1194 1190 1321 filim
1203 1202 1300 1252 nutem
1310 1195 1742 1267 Gerson,loaasrliusZemma,
1752 1193 1863 1250 otttden

1069 1283 1115 1322 rus
1150 1284 1213 1322 oea.

1070 1341 1108 1394 At
1122 1354 1188 1394 vero
1204 1339 1240 1394 de
1255 1337 1323 1394 liliis
1339 1336 1507 1410 Elisaphan,
1518 1336 1627 1405 Samri,
1643 1340 1673 1393 et
1687 1334 1776 1393 Jaiol.

1072 1408 1113 1465 De
1128 1409 1197 1465 tiliis
1212 1425 1329 1536 quoque
1342 1410 1453 1482 Asapb,
1469 1409 1625 1465 Zacharias
1640 1412 1669 1465 et
1679 1406 1865 1489 biathauisa:

1072 1480 1191 1537 Necnon
1206 1481 1242 1536 de
1257 1481 1275 1537 n
1290 1481 1327 1536 iis
1342 1481 1443 1551 Eman,
1454 1479 1541 1548 laiel,
1556 1485 1585 1536 et
1597 1484 1720 1536 semer:

1072 1568 1126 1624 Sed
1144 1571 1175 1624 et
1189 1569 1223 1624 de
1240 1567 1308 1624 tritis
1324 1567 1455 1635 idithun,
1469 1567 1602 1624 Semeles
1616 1572 1646 1624 et
1661 1565 1757 1623 Daiei.

1071 1640 1386 1713 Congregsvcruntque
1402 1639 1507 1696 tratres
1536 1655 1617 1706 auos,
1633 1642 1663 1695 et
1693 1636 1866 1694 sanctificati

1035 1714 1117 1779 sunt,
1132 1717 1160 1768 et
1174 1711 1300 1783 ingressi
1315 1715 1385 1768 sunt
1393 1711 1477 1783 juxta
1489 1712 1663 1767 mandatum
1676 1711 1757 1783 regis
1771 1709 1864 1765 etim·

1036 1783 1151 1855 perium
1167 1782 1296 1851 Domini,
1313 1787 1346 1838 ut
1360 1782 1510 1855 expiarent
1524 1782 1646 1839 domum
1659 1780 1724 1837 Dei.

1070 1871 1242 1929 Sacerdotes
1257 1886 1375 1998 quoque
1390 1871 1517 1944 ingressi
1533 1869 1679 1943 tempium
1692 1868 1815 1954 Domini
1839 1856 1871 1952 ai

1036 1943 1256 2000 sanctificarent
1270 1942 1321 1998 rllu
1348 1986 1355 2011 ,
1371 1942 1539 2000 extulerunt
1552 1958 1673 1999 omnem
1703 1940 1868 1997 immundi·

1036 2014 1120 2080 tium,
1136 2032 1223 2084 quam
1238 2014 1317 2070 intro
1332 2020 1500 2086 repererant
1524 2014 1554 2070 in
1583 2012 1735 2070 vestibulo
1763 2012 1868 2068 domus

1036 2086 1160 2153 Domini,
1178 2103 1264 2159 quum
1280 2086 1412 2142 tulerunt
1424 2085 1541 2153 Levita,
1556 2089 1586 2141 ct
1600 2084 1867 2158 asportaveruutad

1035 2162 1195 2214 torrentem
1212 2159 1323 2214 cedron
1342 2158 1428 2214 iuras.

1071 2233 1226 2301 (toeperunt
1240 2234 1337 2285 autem
1351 2228 1446 2301 prima
1462 2228 1508 2285 dia
1531 2226 1642 2284 mansis
1668 2225 1759 2299 primi
1785 2240 1868 2281 runn-

1037 2301 1116 2361 dare.
1132 2305 1161 2356 et
1175 2301 1205 2357 ia
1221 2301 1268 2357 die
1279 2300 1523 2372 octavoejusdem
1535 2298 1648 2356 mensis
1660 2297 1792 2369 ingressi
1802 2301 1868 2353 aunt

1037 2373 1182 2444 porticum
1199 2371 1301 2445 templi
1317 2371 1445 2430 Domini.
1463 2370 1715 2444 expiaveruntque
1727 2367 1866 2441 templum

1037 2443 1142 2500 diebus
1157 2447 1265 2509 octo‚et
1280 2446 1308 2499 in
1324 2443 1371 2499 die
1384 2442 1592 2500 sextadecima
1608 2441 1724 2499 mensis
1734 2440 1865 2514 ejusdem

1038 2516 1117 2588 qnod
1134 2519 1292 2588 coeperant,
1309 2514 1513 2588 impleverunt.

1073 2605 1198 2733 trigresai
1211 2621 1328 2679 quoque
1337 2609 1406 2661 sunt
1415 2605 1450 2660 ad
1463 2603 1615 2661 ttaoohism
1622 2619 1739 2677 regom,
1750 2607 1782 2660 et
1791 2602 1865 2659 dixe·

1037 2693 1092 2733 run
1121 2692 1168 2732 er:

1073 2747 1327 2804 Sanctilloavimus
1337 2763 1453 2805 omnem
1465 2747 1586 2805 domum
1596 2745 1730 2815 Domini,
1742 2748 1773 2803 et
1781 2745 1864 2803 altare

1038 2819 1214 2890 holocausti,
1230 2836 1360 2893 vasaque
1372 2821 1447 2891 ejus,
1462 2834 1575 2877 necnon
1589 2823 1618 2875 et
1634 2833 1775 2875 mensam
1804 2834 1862 2890 pre

1038 2890 1272 2963 positioniscum
1293 2889 1431 2947 omnibus
1459 2890 1538 2947 vasis
1566 2890 1642 2960 suis,
1671 2894 1864 2961 cunctamque

1039 2962 1143 3035 templi
1157 2960 1381 3034 supellectilem,
1397 2977 1484 3033 quam
1500 2958 1648 3035 polluerat
1662 2977 1713 3018 rea
1733 2959 1814 3019 Abas
1837 2960 1863 3015 in

1040 3049 1129 3105 ragno
1144 3049 1209 3101 suo,
1227 3038 1382 3116 postquam
1398 3034 1604 3106 prevaricatus
1619 3040 1676 3100 est,
1688 3037 1719 3090 et
1733 3047 1801 3089 eoae
1821 3047 1864 3088 ex·

1038 3103 1136 3179 posita
1150 3108 1220 3161 sunt
1234 3121 1333 3162 omnia
1347 3120 1444 3161 coram
1461 3104 1551 3161 altare
1566 3102 1697 3161 Domini.

1073 3195 1321 3267 Gousurgonsque
1343 3192 1474 3250 diluculo
1500 3192 1639 3250 idaeohias
1665 3208 1729 3259 rex,
1757 3191 1863 3247 aduna-

1038 3266 1080 3322 vit
1093 3281 1197 3349 omnes
1213 3265 1361 3338 principes
1371 3264 1508 3331 civitatis,
1523 3268 1552 3321 et
1559 3263 1694 3320 ascendit
1706 3262 1738 3318 in
1750 3263 1862 3319 domurn

1039 3344 1313 3480 moniiffiiruntque
1327 3406 1416 3464 simul
1431 3411 1533 3463 tauros
1547 3409 1675 3478 septem,
1704 3404 1810 3463 arietes
1822 3419 1861 3461 se·

1039 3484 1130 3555 ptem,
1146 3495 1240 3552 agnos
1255 3483 1378 3551 septem,
1392 3483 1421 3534 et
1434 3479 1533 3535 bircos
1548 3481 1663 3550 septem
1673 3493 1732 3550 pro
1743 3481 1861 3550 peceato,

1039 3568 1092 3627 pro
1106 3566 1196 3624 regno
1212 3567 1264 3623 pro
1276 3550 1453 3618 sanctuario,
1465 3565 1517 3624 pro
1531 3549 1619 3606 Juda.

1074 3639 1211 3710 Dixitque
1220 3638 1423 3695 sacerdotibus
1438 3637 1507 3694 liliis
1520 3639 1619 3695 staron
1629 3639 1860 3695 utoliarrantsn·

1039 3727 1092 3785 per
1105 3709 1195 3767 altars
1209 3709 1334 3766 Domini.

1073 3783 1274 3839 Mactaverunt
1289 3782 1380 3855 igitur
1393 3784 1495 3838 tauros
1509 3784 1538 3838 ot
1552 3784 1755 3852 suscoperunt
1774 3794 1860 3837 sacar

1038 3854 1124 3911 dotes
1136 3853 1320 3925 sanguinem,
1337 3856 1367 3909 ot
1381 3850 1519 3908 fuderunt
1533 3851 1618 3908 illum
1639 3868 1735 3925 super
1762 3851 1861 3909 altera:

1075 3929 1274 3981 Mactaverunt
1292 3923 1381 3980 etism
1395 3922 1509 3992 arietes,
1523 3927 1552 3979 et
1562 3922 1684 3980 illorum
1694 3923 1862 3997 sanguinem

1040 4013 1130 4069 super
1144 3995 1237 4052 altare
1252 3997 1410 4063 fuderunt3

1076 4083 1362 4166 Immolaveruntque
1374 4100 1476 4157 agnos,
1488 4086 1516 4138 et
1527 4082 1668 4140 fuderunt
1679 4100 1774 4159 snper
1782 4084 1864 4141 altare

1040 4171 1225 4228 sanguinem.

1074 4224 1345 4298 Applicueruntquo
1362 4225 1459 4283 hircos
1476 4241 1527 4298 pro
1543 4228 1676 4297 peceato,
1692 4243 1793 4284 coram
1806 4241 1866 4299 rego

1040 4302 1069 4355 et
1083 4299 1222 4356 universa
1237 4296 1439 4367 multitudine,
1468 4298 1739 4371 imposueruntque
1767 4312 1866 4355 manus

1040 4385 1110 4427 suas
1127 4386 1215 4444 super
1229 4385 1296 4426 eos:
1313 4372 1342 4424 et
1356 4367 1583 4425 immolaverunt
1605 4367 1676 4427 illos
1692 4371 1865 4439 sacerdotes,

1040 4445 1070 4498 et
1081 4445 1272 4514 asperserunt
1286 4441 1459 4511 sanguinem
1476 4456 1576 4497 eornm
1592 4455 1698 4498 coram
1714 4441 1806 4499 altare
1820 4455 1867 4514 pro

1040 4512 1157 4586 piaculo
1172 4511 1300 4569 universi
1316 4510 1453 4568 israelis:

1076 4588 1131 4639 Pro
1146 4584 1226 4639 omni
1237 4584 1346 4655 quippe
1359 4582 1446 4639 lsrael
1463 4584 1640 4655 preceperat
1655 4598 1711 4640 rex
1732 4589 1766 4641 at
1792 4582 1867 4640 bolo·

1040 4658 1177 4712 caustum
1192 4655 1284 4722 fieret,
1298 4658 1327 4710 et
1342 4671 1394 4726 pro
1408 4659 1535 4727 peccato.

1075 4741 1234 4798 Constituit
1248 4756 1364 4812 quoque
1388 4739 1500 4797 Levitae
1515 4739 1545 4796 in
1560 4737 1650 4797 domo
1669 4741 1790 4798 Domini
1807 4757 1866 4798 can

1041 4811 1195 4886 cymbalis,
1209 4815 1238 4869 et
1253 4811 1412 4884 psalteriis,
1424 4820 1452 4866 et
1466 4809 1599 4878 citharis,
1615 4812 1789 4871 seeundum
1810 4814 1866 4868 die·

1042 4884 1216 4958 positionem
1233 4883 1335 4950 David,
1350 4887 1379 4938 et
1389 4881 1450 4939 (iad
1464 4880 1598 4938 Videntis
1613 4883 1708 4956 regis,
1719 4889 1750 4941 et
1758 4883 1866 4943 Nathan

1043 4955 1229 5153 prgiiviideem
1247 5025 1361 5082 Domini
1389 5027 1568 5099 preceptum
1589 5024 1647 5082 init
1674 5042 1730 5100 per
1754 5042 1866 5084 manum

1044 5114 1116 5170 prop
1141 5101 1254 5154 etarum
1270 5097 1345 5169 elus.

1045 5319 1132 5402 batur
1148 5335 1251 5375 avers.
1266 5318 1302 5373 20
1315 5333 1383 5401 ‚⁰⁸⁹2
1395 5334 1443 5399 xvr
1458 5315 1510 5402 lib.
1527 5316 1564 5373 1v
1579 5316 1709 5390 sagum.
1728 5320 1866 5385 aestua,

1044 5388 1866 5527 '‘t‘tt‘tttflltalell‘ttltttttvttttn

1047 5533 1149 5605 legunt
1164 5533 1251 5588 iidem
1269 5547 1341 5588 mss.
1357 5532 1433 5601 filias
1448 5530 1580 5599 Ameaiae,
1609 5478 1753 5604 etqttliar
1781 5536 1868 5601 Addet,

164 5595 418 5655 lectionem:oarn
436 5598 464 5651 iu
482 5597 672 5652 contextuiln
701 5597 797 5665 hubct,
825 5600 853 5652 ie
880 5601 994 5658 civitate
1047 5602 1484 5674 nontliastmasrt,aotfittas
1498 5601 1695 5661 Aletidaar.

165 5669 274 5726 Dauid:
292 5671 341 5724 sod
359 5686 411 5743 pro
427 5669 512 5724 Duivid
528 5674 609 5725 notat
624 5668 652 5723 in
666 5669 797 5740 margine
812 5670 991 5730 literueulem.

168 5736 242 5798 LXX
255 5739 368 5816 tegunt,
384 5741 536 5800 tenuitate
548 5738 646 5814 David,
656 5738 736 5813 quod
745 5752 846 5800 verum
858 5756 992 5818 compro·

1082 5675 1093 5711 ⁸
1108 5674 1195 5731 iidem
1214 5673 1261 5731 bio
1275 5675 1303 5729 ei
1312 5671 1670 5747 pronomeninterserunt.
