3870 6120
56 150 135 211 1129
179 151 185 157 ’
640 155 749 214 Lim
766 154 959 214 210thOE
975 154 1187 215 anorum.

93 271 458 349 iubilasslielernsalem
900 292 929 360 Δ
1015 277 1124 352 plicati.

56 348 133 433 Boos
145 362 195 404 rex
209 349 280 403 tons
294 346 391 404 reniet
405 346 459 403 tibi
470 347 584 420 justus,
597 351 627 406 et
641 347 768 433 salvator
784 365 790 409 :
942 351 980 407 nt
992 350 1144 407 seminabo
1159 365 1209 407 eos
1224 349 1254 407 in
1270 350 1397 423 populis,

97 434 162 494 rpse
175 423 338 546 pauper,et
347 419 510 504 ascendens
519 436 610 494 super
619 438 747 493 asinum,
759 427 789 480 et
798 440 889 498 super
977 426 1007 478 et
1020 422 1056 478 de
1070 422 1156 495 longe
1171 422 1405 480 recordabuntur
1419 426 1476 483 mei
1490 441 1498 483 ε

132 506 172 576 pu
186 488 249 547 lum
265 490 359 547 lilium
377 507 479 575 asine.
979 496 1007 549 et
1018 493 1116 549 vivent
1129 510 1195 549 cum
1212 493 1281 550 tiliis
1300 494 1373 562 suis,
1389 501 1418 552 et
1432 505 1623 561 revertentur.

56 564 96 622 Et
111 563 281 636 disperdam
293 563 469 637 quadrigam
480 579 516 620 ea
528 563 837 641 ltphraim‚]etequom
852 568 889 626 de
942 568 978 620 Et
992 566 1128 621 reducam
1144 581 1195 621 eos
1208 566 1245 622 de
1260 569 1337 622 terra
1350 567 1477 641 AEgypti,

131 633 308 718 thufflmt
979 639 1008 692 et
1022 636 1059 691 de
1071 636 1199 709 Assyriis
1215 641 1396 710 congregabo
1411 657 1472 698 eos.

96 714 124 764 et
138 706 334 779 dissipabitur
348 721 435 763 arcos
450 704 531 789 belli.
943 707 978 764 Et
991 707 1028 763 ad
1043 713 1152 764 terram
1168 707 1276 765 Galaad
1292 715 1321 765 et
1335 709 1437 767 Libani
1451 716 1594 779 adducam
1609 736 1659 779 eos

57 779 94 836 Et
109 778 248 850 loquetur
261 793 362 850 pacem
377 778 528 851 gentibus,
978 784 1007 835 et
1022 795 1081 835 non
1096 778 1261 835 invenietur
1274 780 1317 836 eis
1332 779 1424 840 locus.
1661 763 1671 792 '

94 854 124 906 et
139 849 349 933 potesta-suetus
364 866 382 906 a
396 850 472 906 maai
486 866 522 908 us
545 868 581 908 ue
595 853 632 910 sd
649 869 740 923 mare,
942 850 978 907 lit
991 850 1131 906 transibit
1145 849 1175 906 in
1192 851 1283 907 maris
1299 851 1382 925 irato,

94 926 125 978 et
139 939 155 978 a
170 919 345 1004 humanibus
360 936 455 1004 uscue
470 922 507 977 ad
524 867 600 981 ines
615 929 709 984 terre.
978 925 1008 977 et
1022 921 1167 993 percutiet
1182 921 1212 978 in
1230 923 1303 979 mari
1315 923 1441 994 lluctus;

57 994 102 1051 Tu
120 1008 238 1076 quoque
252 1009 282 1047 ro
298 1008 443 1066 sanguine
457 996 627 1053 testamenti
641 997 698 1067 tui,
943 993 978 1050 ut
991 993 1210 1049 confundentur
1224 994 1324 1050 omnia
1359 995 1485 1054 rotunda
1500 995 1631 1053 lluminie

96 1069 225 1121 emisisti
239 1062 352 1120 vinctos
367 1072 435 1122 tuos
458 1065 494 1121 de
517 1065 651 1172 lacuilll.
666 1069 697 1127 in
721 1067 841 1142 lacum),
857 1068 888 1125 in
978 1070 1008 1120 et
1021 1064 1228 1122 humiliabitur
1243 1012 1383 1150 supergia
1394 1069 1497 1139 assur,
1633 1041 1642 1070 ³

48 1135 639 1292 conffifflioffifflngffitgoffiuvgnffl
653 1212 728 1286 spei,
943 1141 1239 1265 (lneritiiiiiiiiiutixislisssi3
1260 1140 1440 1267 {animosa

97 1280 186 1364 bodie
200 1295 317 1353 qnoque
331 1280 518 1364 ‘annuntians
534 1281 665 1354 duplicia
683 1284 806 1342 reddam
821 1282 888 1342 tibi.
978 1283 1007 1334 et
1022 1278 1052 1334 in
1068 1278 1188 1336 nomine
1203 1280 1266 1350 eius
1281 1251 1487 1351 ambulabunt,
1503 1280 1575 1340 dicit
1589 1281 1743 1340 Dominus.

58 1351 340 1435 Quoniamextendr
356 1353 429 1408 mrhr
443 1352 552 1410 tudam
567 1355 652 1428 quasi
667 1372 782 1428 arcum,
943 1350 1020 1424 (Cep.
1038 1349 1098 1420 Xl.)
1112 1350 1209 1422 Aperi,
1226 1351 1346 1423 Libane,
1363 1358 1462 1427 portas
1477 1358 1553 1428 toas,

95 1421 216 1496 implevi
231 1422 372 1496 Ephraim
390 1440 397 1480 :
979 1428 1008 1479 et
1023 1423 1158 1478 comedat
1172 1422 1250 1494 ignis
1264 1424 1368 1484 cedros
1382 1431 1460 1484 tuas.

60 1495 95 1552 bt
118 1495 270 1578 snecitpbc
296 1494 374 1552 tilios
397 1497 475 1564 tuos,
491 1495 573 1568 Sion,
593 1514 683 1572 super
706 1497 782 1557 filios
809 1501 889 1569 tuos,
943 1493 1042 1561 Ulnia,
1057 1493 1149 1562 abies,
1164 1495 1234 1566 quia
1248 1497 1355 1554 cecidit
1368 1500 1485 1556 cedrus.

135 1567 267 1624 Gracia:
979 1564 1119 1639 qnoniam
1135 1566 1284 1639 magnillci
1298 1569 1404 1627 casua
1418 1573 1513 1627 sunt:

96 1645 124 1697 et
139 1652 247 1721 ponem
264 1642 293 1695 te
308 1637 394 1709 qussi
408 1636 540 1711 gladium
557 1639 687 1699 tortium.
903 1666 928 1733 B
943 1637 1072 1708 Ululate,
1088 1653 1214 1711 quercus
1229 1638 1336 1707 basan,

60 1711 96 1769 tit
113 1715 258 1767 maninus
272 1709 351 1767 Deus
365 1726 399 1767 su
423 1726 455 1767 er
469 1727 518 1768 eos
532 1710 690 1785 videbitur,
978 1709 1117 1781 quoniam
1133 1709 1268 1766 succisus
1283 1715 1329 1768 est
1342 1711 1436 1770 saltos
1451 1710 1595 1769 munitus.

98 1786 129 1840 et
142 1781 235 1865 exibit
247 1786 280 1838 ut
295 1727 539 1864 fulgoriaculum
554 1784 619 1856 eJ'us
635 1800 643 1842 :
942 1782 1004 1838 Vox
1019 1779 1150 1838 ululatus
1166 1785 1329 1854 pasionum,

58 1855 96 1913 ut
107 1859 254 1911 Dominus
269 1852 346 1910 Deos
356 1870 391 1936 ‚in
407 1854 481 1911 tuba
495 1863 591 1927 canet,
978 1853 1048 1925 quia
1061 1856 1174 1909 vastata
1188 1856 1233 1910 est
1247 1853 1465 1929 magnificentia
1478 1871 1582 1914 eorum
1599 1871 1607 1913 ι

96 1931 126 1983 et
140 1926 227 1983 vadet
241 1926 271 1981 ln
287 1924 404 1982 turbine
417 1925 521 1983 austri.
943 1924 1004 1982 Vox
1018 1923 1132 1995 rugitus
1147 1922 1277 1994 leonum,

59 1997 208 2058 Dominus
223 1995 405 2053 exercituum
420 2001 553 2072 proteget
567 2014 617 2056 eos
632 2014 640 2055 ι
978 1999 1118 2069 qnoniam
1131 1999 1246 2053 vastata
1260 2000 1306 2054 est
1324 1997 1463 2071 superbia
1477 1997 1623 2057 Iordanis.

98 2073 129 2127 et
143 2069 338 2137 devorabunt,
353 2073 382 2125 et
396 2069 554 2141 subjicient
568 2068 716 2143 lapidibus
731 2067 828 2125 fundar
846 2083 854 2124 ι
943 2067 1009 2125 llaec
1025 2066 1096 2124 dicit
1111 2066 1254 2124 Dominus
1269 2068 1347 2126 Deus
1362 2086 1446 2127 mens
1463 2087 1470 2127 :

60 2142 98 2201 bt
112 2140 249 2198 bibentes
263 2139 489 2198 inebriabuntur
503 2141 589 2216 quasi
603 2141 710 2212 avino,
944 2140 1034 2198 Pasce
1048 2154 1154 2212 pecora
1168 2139 1334 2209 occisionis,

98 2217 129 2270 et
142 2211 335 2296 replebuntur
348 2214 382 2268 nt
396 2211 512 2286 phialae,
980 2226 1043 2283 que
1059 2210 1110 2282 qui
1135 2211 1336 2284 possederant,
1353 2211 1536 2283 occidebant,
1551 2216 1581 2270 et
1602 2228 1661 2271 non
1685 2211 1769 2272 dole·

97 2289 129 2341 et
164 2301 228 2341 uass
243 2282 479 2342 cornnaaltarle.
1016 2285 1098 2350 bant,

57 2357 97 2414 ist
111 2301 239 2414 saivabit
251 2371 301 2413 ecs
317 2355 463 2441 Dominus
473 2361 552 2415 Deos
561 2372 663 2415 eorum
678 2355 709 2414 in
721 2355 769 2413 die
784 2353 846 2425 illa,
858 2355 892 2410 ut
980 2357 1008 2411 ct
1021 2352 1188 2436 vendebant
1200 2369 1245 2421 ea,
1258 2353 1390 2412 dicentes
1404 2369 1412 2411 r

105 2500 112 2511 ο
172 2443 254 2511 egem
272 2427 459 2513 populrsur:
832 2498 838 2511 ι
943 2425 1120 2509 Benedictus
1135 2423 1291 2510 Dominus,

59 2499 798 2657 tiitstultitiis?ttittttittit
813 2513 889 2640 eit
943 2495 1316 2642 littttttttttitti
1332 2563 1560 2639 aasentias.

98 2661 160 2726 nasa
172 2644 353 2771 irumcrptum
367 2660 382 2701 e
395 2648 539 2713 ectorum,
555 2648 584 2702 et
602 2643 705 2701 vinum
719 2642 889 2716 germinans
943 2643 1050 2768 lltdegot
1061 2656 1120 2767 ιὸοιι
1136 2655 1255 2722 parcam
1271 2638 1349 2695 ultra
1363 2654 1453 2710 super
1467 2636 1635 2695 habitantes
1649 2639 1770 2696 terram.

134 2733 160 2772 vr
200 2731 264 2772 ines
1000 2727 1036 2768 scr
1087 2726 1230 2768 omanus:

59 2787 141 2862 (cap.
196 2786 333 2870 .)·Petite
355 2803 373 2843 a
397 2787 520 2846 Domino
548 2786 676 2861 pluviam
702 2785 732 2844 in
760 2789 890 2857 tempore
942 2789 1015 2844 Ecce
1030 2798 1083 2855 ego
1098 2782 1214 2838 tradam
1226 2781 1372 2849 homines,
1499 2849 1505 2862 .

134 2863 277 2931 serotino,
980 2869 1221 2926 unumquemque
1235 2853 1265 2909 ln
1281 2869 1371 2910 manu
1382 2851 1508 2926 proxima
1522 2849 1580 2919 sul,
1589 2855 1619 2908 et
1633 2849 1663 2908 in
1678 2866 1767 2911 manu

96 2934 128 2988 ct
144 2929 287 2989 Dominus
302 2929 386 2987 faciet
399 2929 492 3002 nives,
1015 2926 1092 2999 regis
1107 2924 1154 2982 sui
1172 2940 1179 2979 ε

97 3006 128 3086 et
143 3000 273 3088 planiam
286 3001 391 3085 imbris
406 3001 489 3058 dabit
502 3001 557 3074 eis,
616 3076 619 3083 Ι
902 3037 924 3107 c
943 3000 979 3057 Di
993 2997 1149 3055 concident
1165 2999 1287 3062 terram,

61 3073 636 3232 intelletibilissian,
943 3067 1524 3222 sdislitl‘itiiiiattldtt’iffias
1538 3138 1604 3207 aa,

98 3223 129 3276 et
143 3219 235 3275 dreani
250 3217 388 3274 viderunt
402 3216 601 3288 mendacrum,
1014 3226 1237 3285 opnupereegr
1275 3208 1320 3266 rsi

98 3294 130 3347 et
144 3288 340 3348 somniatores
356 3289 467 3347 trustra
479 3286 570 3347 locuti
585 3290 667 3346 sunt.
943 3286 978 3343 Dt
992 3282 1139 3355 assumpsi
1156 3281 1228 3338 mihi
1272 3297 1326 3337 aas
1339 3280 1447 3354 virgas,

62 3360 146 3420 Vane
161 3359 413 3418 consolabantur:
980 3373 1070 3414 naum
1085 3353 1185 3411 rocavi
1200 3358 1348 3418 Deccrem,

97 3434 210 3492 idcirco
225 3432 344 3490 abducti
357 3435 429 3489 sunt
439 3429 525 3506 quasi
538 3447 608 3505 grex
623 3447 631 3487 ι
978 3433 1009 3485 et
1022 3428 1145 3484 alteram
1158 3428 1258 3483 vocavi
1274 3420 1450 3482 Feniculum
1461 3423 1484 3491 ¹,

99 3506 281 3580 affligentur,
298 3502 367 3579 quia
379 3520 438 3561 non
453 3510 495 3562 est
510 3505 552 3560 eis
566 3509 675 3578 pastor.
979 3504 1009 3557 et
1023 3499 1088 3572 pavi
1104 3514 1233 3571 gregem.

65 3580 160 3652 Super
174 3581 308 3650 pastores
321 3575 416 3633 iratus
430 3579 476 3633 est
488 3574 571 3633 iurcr
586 3591 681 3647 meus,
944 3573 978 3629 lit
992 3569 1104 3629 succidi
1119 3574 1179 3626 tres
1194 3571 1328 3643 pastores
1343 3566 1373 3623 in
1389 3581 1491 3623 mense
1506 3581 1566 3623 uno

100 3657 130 3708 et
144 3665 235 3722 super
249 3648 347 3706 hircos
361 3647 487 3704 visitabo
501 3653 514 3703 .‘
979 3648 1008 3701 et
1022 3645 1172 3699 contracta
1186 3644 1232 3697 est
1246 3639 1345 3696 anima
1359 3654 1426 3694 mea
1439 3637 1470 3693 in
1485 3636 1527 3694 eis
1542 3655 1549 3693 :

65 3723 140 3790 Quia
152 3719 283 3778 visitavit
297 3719 440 3777 Dominus
463 3718 644 3778 exercituum
660 3729 778 3790 gregem
793 3729 890 3784 snum,
980 3713 1127 3796 siquidem
1143 3711 1242 3768 anima
1256 3725 1359 3767 eorum
1372 3709 1496 3766 variavit
1509 3710 1540 3765 ia
1555 3723 1612 3766 me.

137 3796 260 3852 domum
275 3791 363 3863 luds,
944 3789 978 3842 Di
993 3784 1053 3842 dixi
1070 3801 1077 3841 ι
1093 3783 1155 3839 Non
1172 3797 1291 3855 pascam
1305 3796 1377 3847 vos,

100 3871 131 3924 et
146 3865 246 3939 posuit
259 3879 309 3921 eos
324 3862 409 3936 quasi
424 3878 535 3936 equum
550 3861 649 3938 glorie
664 3876 724 3918 sue
739 3857 770 3916 in
785 3856 872 3916 bello.
979 3857 1057 3930 qnod
1074 3854 1208 3920 moritur,
1219 3851 1384 3936 moriatur,

67 3940 106 3996 bx
121 3939 187 4011 ipso
200 3936 338 4010 angulus,
980 3933 1008 3986 et
1022 3927 1099 3998 quod
1115 3925 1289 3993 succiditur,
1305 3919 1474 3979 succidatur

101 4028 137 4068 ex
151 4011 217 4083 ipsc
233 4006 371 4082 paxillos,
979 4004 1009 4059 et
1023 3995 1129 4072 reliqui
1144 3998 1281 4055 devorent
1293 3992 1626 4067 unusquisqueearnem
1642 3984 1768 4062 pmaimi

102 4100 138 4140 ex
153 4082 219 4154 ipso
233 4095 319 4137 arcus
334 4077 438 4151 praelii,
1016 4069 1073 4128 sui.

102 4172 137 4213 ex
152 4154 217 4226 ipse
231 4150 397 4224 egredietur
411 4144 507 4208 omnis
520 4148 638 4203 exactor
651 4140 753 4200 simol.
798 4211 805 4226 ·
945 4144 980 4201 ut
993 4141 1050 4200 tuli
1064 4139 1174 4268 virgam
1190 4155 1298 4223 meam,
1311 4153 1376 4220 que
1389 4134 1547 4192 vocabatur
1558 4136 1654 4191 Decus
1670 4146 1678 4189 ι

69 4226 101 4285 tt
114 4228 204 4284 erunt
217 4223 304 4296 quasi
325 4222 414 4280 tortos
438 4216 644 4278 conculcantes
666 4215 764 4272 lutam
779 4225 892 4270 asarum
980 4219 1010 4272 et
1024 4211 1105 4271 abaci
1128 4229 1135 4266 ι
1152 4213 1398 4295 eam,·utrrrrtum
1412 4208 1537 4291 iacerem
1553 4205 1769 4289 losdusmeum,

100 4299 309 4437 etlliciiiiiiigt,
325 4363 396 4440 quia
409 4359 553 4421 Dominus
566 4375 634 4418 cum
650 4357 693 4414 eie
709 4371 717 4413 t
945 4360 982 4416 lit
996 4302 1034 4413 iail
1039 4279 1511 4438 icositgiafoilgiigiluilnogtnigutlii)
1513 4293 1571 4406 ilia?
1573 4277 1621 4405 1τι..

99 4445 131 4499 st
145 4440 365 4499 contundentur
378 4449 550 4493 ascensores
563 4445 718 4506 equorum.
907 4414 933 4481 Ι)
983 4437 1013 4487 et
1026 4431 1223 4513 cognoverunt
1237 4441 1280 4484 sic
1302 4439 1446 4498 pauperes
1471 4436 1580 4496 gregis,
1596 4417 1647 4494 qai
1671 4419 1770 4477 costo·

65 4514 98 4573 at
113 4511 287 4571 confortabo
302 4510 422 4567 domum
436 4507 524 4577 luda,
1018 4501 1105 4557 diunt
1118 4499 1203 4567 mrhr,

98 4591 130 4644 et
146 4585 268 4640 domum
283 4579 392 4653 Joseph
408 4578 537 4643 salvabo,
983 4572 1053 4644 quie
1067 4571 1189 4628 verbum
1208 4567 1326 4628 Domini
1341 4569 1396 4624 est.

98 4661 131 4716 et
146 4658 314 4713 convertam
330 4668 391 4719 eoa,
407 4650 477 4725 quia
491 4645 653 4706 miserebor
667 4656 768 4700 eorum
785 4656 792 4697 ι
947 4647 982 4701 Et
997 4643 1055 4700 dixi
1072 4642 1108 4700 ad
1124 4659 1173 4700 eos
1190 4658 1197 4696 :

59 4727 97 4789 ut
121 4731 213 4786 erant
236 4726 313 4784 sicot
341 4724 460 4781 luerunt
484 4719 603 4796 quando
630 4732 688 4774 non
712 4712 893 4789 proiectum
946 4717 1104 4774 sibonum
1126 4709 1325 4772 ostinoenlis
1347 4702 1582 4779 vestris,atterte
1605 4698 1770 4759 mercedem

140 4814 218 4857 eos:
1019 4803 1126 4854 meam.

98 4869 263 4947 egoenim
288 4864 430 4925 Dominus
452 4869 531 4922 Deus
554 4875 669 4929 eornm,
689 4861 718 4916 et
738 4853 894 4915 exaudiam
983 4857 1136 4925 aesinos,
1151 4853 1301 4928 quiescite.
1581 4917 1588 4930 ι

140 4959 203 5001 0⁰⁸·
947 4931 984 4989 lit
994 4931 1199 5004 appenderunt
1219 4924 1384 4983 mercedem
1399 4936 1496 4980 meam
1520 4919 1644 4993 triginta
1666 4929 1772 4989 argen-

57 5016 98 5077 Εἰ
114 5016 208 5074 erunt
220 5009 306 5085 quasi
321 5008 411 5067 fortas
423 5006 576 5079 Ephraim,
1019 5008 1094 5059 teos.

99 5093 135 5148 et
150 5084 299 5142 letabitur
309 5098 361 5140 cor
373 5095 477 5137 eornm
489 5077 575 5152 qussi
590 5091 608 5133 a
620 5073 699 5132 vino.
950 5073 1071 5132 nedixit
1084 5069 1226 5128 Dominus
1238 5066 1276 5151 sd
1293 5081 1340 5123 me
1355 5081 1363 5122 ι
1501 5133 1508 5148 ·

58 5160 100 5222 Et
114 5158 173 5217 lilii
189 5171 290 5215 eorum
305 5152 459 5216 videbunt,
473 5154 502 5208 et
515 5147 704 5216 letabuntur,
949 5145 1062 5218 Projice
1078 5143 1152 5201 illud
1165 5140 1220 5215 (Al.
1237 5137 1315 5213 illos)
1331 5136 1368 5194 ad
1384 5138 1573 5219 statuarium,

100 5237 135 5290 et
148 5225 312 5289 exsultabit
325 5241 376 5282 cor
389 5238 492 5281 eornm
506 5221 538 5278 in
556 5219 687 5278 Domino.
986 5218 1125 5276 decorum
1154 5209 1295 5285 pretium,
1324 5209 1401 5284 qood
1432 5207 1615 5282 appretiatus
1642 5214 1709 5258 suna
1736 5196 1774 5254 ab

59 5301 204 5364 sibilabo
231 5301 285 5367 eis,
316 5301 347 5355 et
370 5294 555 5368 congregabo
582 5289 660 5361 illos,
689 5286 760 5362 quia
786 5281 897 5343 redemi
1021 5289 1076 5346 eis,

142 5389 195 5432 ecs
209 5388 218 5427 ι
950 5365 986 5418 Et
999 5360 1054 5419 tuli
1068 5356 1190 5430 triginta
1202 5359 1366 5439 argenteos,

100 5451 134 5506 et
162 5438 367 5516 multiplicabo
389 5454 441 5498 sos
463 5437 542 5496 siout
565 5437 633 5491 ante
660 5430 776 5489 fuerant
796 5423 899 5485 multi·
987 5437 1018 5492 et
1030 5429 1140 5507 projeci
1155 5426 1222 5486 illos
1238 5443 1268 5482 ιιι
1282 5426 1403 5483 domum
1414 5417 1531 5479 Domini
1546 5417 1583 5475 ad
1598 5410 1777 5472 statuarium

100 5585 318 5647 'Golbertinus
346 5585 438 5644 codex
461 5578 627 5640 aluiciensis
656 5576 728 5652 legit
750 5574 897 5634 contrario
987 5572 1147 5631 ¹Plurium
1176 5583 1298 5627 numero
1325 5563 1450 5639 legiis.
1479 5561 1544 5634 ipse
1567 5560 1718 5632 interpres
1746 5554 1777 5614 ln

66 5657 422 5731 acemanecestriae
442 5663 505 5714 taos
525 5653 555 5711 ia
577 5650 678 5709 locum
693 5648 810 5720 Aliquot
826 5663 897 5708 mss.
952 5641 1171 5705 Commentario
1196 5637 1354 5700 Boumatos.
1371 5636 1405 5694 us
1418 5632 1559 5692 Hebraico
1579 5645 1698 5706 quoque
1721 5631 1778 5698 cst,

66 5734 295 5776 annmnaaslas
312 5731 344 5775 isa
357 5743 412 5774 nuo
424 5743 480 5774 nm
494 5728 556 5774 errat
569 5739 652 5774 uuna.
668 5720 763 5774 Matar.
952 5727 1046 5772 [ΜΠ.
