3878 6150
928 104 1037 162 HBKB
1054 105 1081 162 it
1098 106 1288 167 samaia.

255 239 373 308 messia,
383 238 478 299 douae
489 236 531 311 [li.
542 237 649 311 amus]
658 232 785 291 stillaret
795 249 873 306 aqua
884 247 974 304 super
982 245 1034 287 eos
1044 229 1081 285 ds
1094 229 1122 297 Α
1137 231 1221 301 quasi
1237 231 1415 294 liciatorium
1435 242 1608 299 texentium.
1623 246 1764 311 Quartum
1781 248 1822 307 lis

253 327 324 387 eolo
340 346 348 387 r
363 332 466 385 atuou
490 324 606 385 dimisit
626 339 695 382 arsa
721 322 849 381 lacerare
864 337 915 379 eos
930 317 1084 394 pardiem,
1142 320 1172 375 in
1197 321 1268 378 Gstli
1288 342 1294 380 :
1318 325 1348 382 in
1377 344 1435 401 quo
1460 330 1503 386 rir
1526 332 1616 405 [Vatq.
1640 336 1703 393 aitd.
1729 338 1792 408 luit]
1821 362 1827 395 i

258 434 355 493 aeque
369 414 483 475 bestias
501 418 693 487 pernoctem.
709 412 744 468 Et
761 410 894 469 nuntiata
910 413 980 465 sunt
994 407 1086 464 David
1141 411 1191 480 qui
1208 427 1296 470 senos
1312 415 1340 471 iu
1355 419 1493 477 manibus
1509 422 1693 497 pedibusque
1708 425 1833 486 habebat

257 524 321 581 quo
332 504 573 579 ieceratltasplia
584 502 706 575 illiatjs
717 502 780 575 [mr.
793 498 909 573 Aliam,
921 497 1087 556 concubina
1142 498 1170 553 iit
1186 506 1241 567 ssi,
1257 502 1359 576 viginti
1387 511 1415 564 et
1430 515 1566 583 quiiluor,
1583 518 1612 568 ct
1626 519 1688 570 erat
1711 516 1746 573 de
1766 518 1838 593 origi

256 596 392 671 ΜΠ.
401 594 559 665 dxlixlll]
568 592 604 649 si
613 592 686 649 abiit
696 590 837 662 David,et
847 588 916 646 tulit
926 604 994 645 ossa
1004 584 1085 651 Saul,
1143 587 1211 660 plia,
1228 591 1302 663 [th
1319 596 1382 650 iii.
1400 598 1438 669 rt]
1461 598 1675 672 blasphemavit
1697 606 1797 664 israel,
1819 614 1843 665 p,

254 692 279 743 st
294 702 371 744 ossa
385 684 533 743 Jonathaa
544 681 597 739 iiiii
608 682 673 755 ejus
688 680 788 738 iiviris
802 678 890 737 labes
903 676 1023 742 (laland,
1036 674 1086 748 qui
1142 682 1238 735 autem
1255 698 1322 738 sum
1342 684 1490 743 louathan
1515 688 1596 747 itlius
1618 692 1725 751 Saurea
1751 698 1848 754 iratris

251 775 349 833 iurati
365 775 483 832 tuerent
496 787 532 830 ea
544 770 583 829 de
605 770 703 844 platea
725 768 883 838 Belli-San,
897 767 928 824 iu
944 782 1003 838 qiia
1018 780 1087 821 sus·
1142 766 1177 822 Hi
1193 774 1320 840 quatuor
1335 775 1393 829 nuti
1411 781 1481 832 sunt
1507 777 1542 833 dc
1566 780 1684 852 itraplia
1701 782 1727 838 iii
1746 782 1831 854 Geth,
1847 806 1855 844 i

249 864 426 939 penderant
440 878 492 920 soa
511 859 671 929 Pliilistim,
686 874 754 916 cum
778 855 998 914 interfecissent
1016 851 1087 910 Saul
1142 856 1249 915 derunt
1265 859 1294 917 in
1310 878 1399 920 manu
1414 865 1505 921 David
1521 871 1550 923 st
1567 883 1718 928 servorum
1734 872 1807 944 ejus.

244 953 279 1011 in
295 951 416 1011 Gelbes
432 967 441 1009 ι
456 954 487 1008 at
509 947 672 1024 asportavit
694 948 764 1005 tude
778 963 848 1003 ossa
870 943 952 1016 Saul,
968 948 997 999 et
1019 958 1089 999 ossa

241 1040 409 1100 Jouatliau
425 1036 477 1096 illli
492 1038 556 1111 alias
572 1054 579 1095 :
595 1042 626 1094 et
638 1035 809 1109 colligentes
824 1050 893 1093 ossii
906 1048 1020 1099 sorum,
1037 1029 1087 1103 qai

241 1128 341 1189 affixi
361 1125 676 1201 tramutaapelisrunt
689 1141 724 1182 ea
746 1140 814 1181 cuin
840 1121 960 1181 ossibus
974 1120 1045 1179 Saul
1060 1123 1089 1176 st

240 1218 411 1280 Jouatban
426 1216 481 1273 tilii
494 1216 559 1289 slus
570 1214 612 1289 [li.
627 1221 655 1273 et
670 1212 841 1287 saltauerunt
855 1228 914 1269 arsa
930 1226 1027 1268 aarum
1039 1207 1088 1280 qui

245 1306 343 1367 adfixi
365 1314 457 1378 aaut,
470 1315 499 1363 et
511 1306 679 1378 repetierunt
701 1318 763 1359 mu
776 1301 845 1358 Saul
857 1305 885 1358 et
899 1298 952 1357 tilii
966 1296 1043 1373 ejus]
1057 1297 1087 1353 in

251 1404 348 1455 tem
368 1394 535 1469 Bsujamiu,
551 1394 581 1451 iu
604 1392 708 1462 latera,
725 1392 753 1447 in
777 1388 913 1465 sepulcro
926 1389 973 1445 Gis
997 1387 1089 1460 patris
1181 1393 1223 1464 [Τ.
1239 1393 1371 1467 cxxxi]
1389 1399 1529 1455 Dominus
1539 1406 1622 1473 petra
1639 1419 1714 1477 uisa,
1726 1410 1754 1462 et
1765 1407 1854 1465 robur
1869 1427 1893 1467 iu

247 1487 327 1557 ojus
343 1500 352 1541 r
367 1484 557 1556 lacerantque
578 1483 690 1551 omnia,
705 1497 769 1554 quia
794 1482 971 1553 preceperat
986 1493 1047 1542 rex,
1062 1479 1090 1532 sl
1215 1488 1243 1537 st
1258 1483 1385 1541 salvator
1401 1502 1485 1544 meus
1497 1490 1518 1544 θ.

249 1573 473 1650 repropitiatus
486 1577 531 1629 eal
544 1572 622 1629 Deus
637 1576 720 1628 terras
735 1574 801 1643 pust
822 1570 894 1625 hiso.
911 1571 1031 1624 tactum
1047 1569 1092 1622 est
1107 1603 1130 1669 Β
1148 1573 1222 1630 Deus
1238 1588 1322 1630 meus
1336 1575 1425 1648 [Vitta.
1442 1585 1496 1633 tae.
1512 1580 1618 1653 meus],
1636 1582 1718 1640 lortis
1734 1602 1828 1659 meus,
1844 1603 1904 1660 spei

252 1669 363 1722 aarum
380 1678 498 1721 rursum
516 1660 649 1734 prelium
664 1657 908 1717 Philisthinorum
934 1657 1089 1712 adversum
1216 1661 1245 1716 in
1260 1679 1328 1719 euru
1346 1680 1353 1719 ε

94 1820 112 1829 ,
260 1755 371 1825 lsrael,
381 1758 412 1812 et
424 1753 578 1813 descendit
591 1752 695 1823 David,
710 1755 739 1809 et
752 1751 829 1809 servi
845 1751 910 1823 cias
925 1764 993 1806 cuin
1008 1764 1052 1820 eo,
1064 1754 1091 1804 et
1180 1756 1297 1807 scutum
1317 1770 1427 1823 insum,
1443 1760 1472 1810 et
1487 1772 1576 1814 cornu
1593 1758 1698 1818 salutis
1713 1780 1781 1821 meis
1797 1783 1804 1822 :

80 1864 148 1913 aas
262 1824 442 1920 pignatari
457 1847 556 1901 contra
571 1840 730 1899 philistim.
744 1839 905 1897 Deficiente
918 1843 1018 1895 autem
1035 1843 1088 1894 Da·
1146 1839 1585 1915 Elevatormeuaetrelugium
1603 1866 1712 1923 uicum,

91 1944 100 1951 “
127 1986 137 1993 .
264 1934 329 2007 rid,
348 1931 526 1991 subitaneo
541 1931 604 2005 [iiis.
619 1929 819 2003 Jesbidauob],
835 1929 886 2002 qui
913 1928 968 1985 luit
982 1928 1017 1984 du
1039 1943 1089 1999 gs·
1181 1928 1308 1986 salvator
1324 1947 1418 2000 meus,
1434 1933 1470 1989 ds
1485 1933 1642 2008 iniquitate
1656 1938 1797 2000 liberabis
1813 1961 1870 2001 me.

80 2042 99 2075 i·
147 2044 160 2057 ·
265 2038 337 2081 aare
349 2018 972 2095 anaba,quustsrruntiasiairscsnias¹
989 2017 1091 2073 uncias
1145 2018 1333 2076 Laudabilsm
1351 2020 1492 2078 invocabo
1510 2025 1689 2084 ltcminum:

94 2124 166 2163 ἒ*-
266 2107 1092 2187 appendebat,etaooiuctuseratsusenovo,uisusest
1180 2107 1684 2173 elabinimicismeissalruseru.

128 2210 169 2249 ἔω
266 2205 420 2276 pereutere
441 2200 541 2257 David.
556 2197 754 2271 presidioque
767 2197 794 2255 si
810 2197 865 2254 liiit
887 2196 988 2254 thiasi
1010 2195 1090 2253 illius
1145 2196 1219 2262 Ouia
1234 2196 1492 2257 circumdederunt
1508 2217 1554 2258 me
1568 2205 1761 2265 contritiones
1778 2211 1905 2269 mortis:

264 2290 368 2349 larris
388 2291 412 2363 ⁸,
436 2293 467 2347 et
493 2302 666 2363 percussum
700 2285 902 2344 Phiitsibsum
933 2285 1089 2343 interiecit.
1179 2286 1427 2343 torrentssBelial
1443 2294 1610 2348 terruerunt
1626 2295 1692 2349 ms⁷
1717 2294 1808 2369 [l'alp.
1826 2303 1880 2357 tar.
1899 2316 1939 2359 m.

265 2384 344 2437 tuae
363 2380 542 2453 iuraverunt
564 2375 618 2434 viri
644 2375 744 2448 ltavid,
760 2376 891 2433 diceutes
906 2392 914 2432 ε
929 2375 1018 2434 iam‘
1033 2391 1091 2431 nou
1146 2373 1242 2430 Furiae
1256 2375 1343 2432 interi
1359 2374 1616 2437 circumdederunt
1632 2397 1678 2438 ins
1694 2400 1701 2440 :

80 2533 81 2560 ¹
265 2467 422 2543 mediatis
436 2466 591 2525 uobiscum
615 2465 646 2523 iu
667 2465 791 2537 bellum,
806 2481 841 2523 ue
855 2464 1027 2539 exstinguas
1042 2463 1090 2521 la·
1183 2468 1383 2536 provenerant
1398 2482 1444 2522 me
1458 2465 1555 2539 laquei
1573 2471 1685 2527 mortis.

145 2570 149 2581 '
267 2570 386 2616 aemam
410 2556 511 2615 lsrael.
526 2556 692 2614 &cundum
717 2571 836 2628 quoque
860 2554 971 2611 bellum
993 2552 1048 2611 luit
1061 2553 1091 2609 iii
1147 2555 1176 2610 ln
1193 2553 1384 2610 tribulatione
1400 2570 1464 2610 mea
1479 2555 1618 2614 invocabo
1634 2559 1805 2637 Dominum,

265 2646 326 2705 dub
339 2649 445 2704 ooutm
464 2642 651 2703 philistheos
666 2659 674 2699 :
692 2650 762 2700 tuuc
777 2644 923 2716 percussit
947 2642 1090 2701 sobochai
1181 2647 1210 2699 et
1224 2643 1260 2699 ad
1277 2642 1368 2698 Deum
1385 2658 1484 2698 meum
1500 2643 1657 2705 clamabo:

266 2734 302 2791 da
314 2732 433 2802 liusati,
446 2731 525 2806 Saph
549 2733 611 2806 [ma.
628 2731 718 2806 Seph]
744 2733 780 2789 da
807 2732 899 2806 stirpe
913 2733 1039 2806 Arapha,
1056 2732 1092 2789 de
1146 2734 1181 2790 El
1194 2732 1329 2790 exaudiet
1344 2732 1380 2787 de
1395 2731 1506 2805 templo
1520 2751 1573 2792 suo
1588 2752 1686 2795 vocem
1702 2755 1809 2813 msam,

267 2838 376 2897 gauere
397 2821 729 2897 gigantum⁸.'l'srtium
754 2838 869 2894 quoque
899 2822 952 2879 luit
980 2823 1091 2881 bellum
1181 2822 1337 2879 etclamor
1357 2821 1609 2895 measisuiet[h.
1626 2843 1681 2883 aaa
1703 2828 1786 2886 tolet
1809 2833 1939 2907 veniet]

265 2912 485 2971 lnGobeoutra
497 2910 693 2977 philistheos,
714 2911 742 2967 in
759 2926 817 2983 quo
834 2913 980 2985 percussit
993 2914 1092 2971 Adeu-
1220 2927 1306 2967 sures
1321 2911 1395 2982 ejus.

266 3000 353 3058 datus
379 3000 459 3057 illius
485 2999 597 3068 Saltus,
625 2999 828 3073 polimitarius
852 2976 1131 3073 tacitistacitis,c
1151 3003 1303 3060 (lemmata
1316 3003 1362 3056 est
1374 3003 1404 3055 et
1418 3001 1596 3060 contremuit
1610 3007 1688 3062 terra
1703 3022 1710 3063 r

268 3088 386 3149 saliatu
413 3088 596 3157 Gotthoum,
624 3092 712 3163 cujus
759 3088 867 3147 hastile
905 3091 997 3149 liasto
1033 3100 1096 3152 arat
1185 3091 1377 3147 laudamentis
1392 3089 1811 3156 montiumconcussasuul⁸.

303 3196 362 3255 ¹1u
386 3194 514 3267 Quoue,
537 3197 618 3270 cujas
640 3197 719 3252 tarto
744 3199 975 3266 tremetossie,
1000 3216 1089 3273 quain
1145 3214 1247 3257 sorum
1270 3196 1320 3269 qui
1345 3193 1524 3268 glossemata
1550 3198 1733 3273 interpretati
1758 3212 1839 3275 suut,
1854 3210 1936 3268 addit

267 3268 424 3327 lectionem
439 3267 522 3340 sequi
538 3266 690 3333 nolumus,
705 3284 738 3323 so
753 3269 831 3340 quod
846 3275 990 3341 suspects
1005 3272 1091 3329 nobis
1146 3273 1310 3328 mentorum
1331 3272 1376 3323 cst
1399 3285 1501 3340 pirrus.
1519 3269 1589 3327 Nam
1616 3273 1651 3328 de
1665 3273 1800 3348 Vulgatis
1823 3279 1907 3337 libris
1938 3307 1939 3329 i

269 3342 328 3399 alut
350 3339 522 3413 hujusmodi
546 3338 822 3422 emendationes-eii
842 3339 983 3397 Hebraico
1010 3346 1091 3400 textu
1146 3343 1252 3407 santio,
1268 3354 1335 3394 caim
1351 3336 1505 3395 obscurior
1522 3341 1574 3398 illa
1596 3344 1745 3403 vitiaretur
1758 3351 1922 3423 translatio,

270 3420 433 3487 procurato
447 3411 595 3484 abaliquo
607 3412 875 3476 studiosiori;uam
891 3412 987 3482 prims
1002 3432 1091 3472 mauu
1144 3417 1232 3484 stirpe
1253 3415 1375 3479 arepto,
1390 3410 1545 3483 glossator,
1562 3431 1620 3472 non
1642 3433 1726 3474 nemo
1742 3422 1778 3476 sd
1795 3423 1860 3479 libri
1876 3441 1939 3482 ora

270 3486 372 3543 eodem
388 3484 475 3540 niodo
490 3482 642 3556 legebatur
655 3485 686 3539 iu
700 3483 827 3550 Quoue,
840 3490 872 3538 ut
885 3485 971 3541 niodo
987 3489 1012 3543 ts
1035 3488 1094 3543 'tur
1148 3486 1237 3541 sliam
1253 3483 1328 3538 huuc
1342 3499 1377 3537 ex
1398 3483 1527 3540 nominis
1550 3491 1726 3563 etymologia
1750 3492 1923 3565 derivatam,

270 3555 302 3614 la
315 3554 415 3621 aditis,
425 3570 460 3612 se
473 3554 503 3611 iii
520 3556 657 3638 omnibus
669 3552 739 3638 ‘aliis
754 3571 826 3637 mss.
839 3555 999 3639 codicibus.
1038 3559 1093 3614 ads
1146 3571 1247 3684 fem.
1259 3556 1419 3636 uipaetiiiii,
1431 3558 1578 3637 apposuit.
1590 3575 1677 3631 quem
1692 3565 1857 3622 inconsulto
1871 3584 1924 3639 pos

274 3627 462 3685 manifestum
473 3631 597 3699 apparet
610 3624 721 3682 similes
736 3625 874 3683 lectiones
892 3628 982 3685 luisse
997 3636 1093 3686 muts·
1161 3629 1287 3684 ibrarius
1303 3642 1332 3679 iu
1346 3630 1456 3681 textum
1470 3629 1601 3685 intrusit.
1612 3631 1754 3689 Caeterum
1767 3637 1867 3693 mirari
1880 3639 1935 3693 suli

274 3697 1096 3769 tasinversioneilisrouymiaua,quantumvisaliunde
1149 3699 1204 3755 hoc
1235 3696 1405 3753 Latinorum
1436 3698 1568 3754 &iditum
1599 3702 1832 3762 additamentum
1864 3709 1918 3764 ned

274 3771 369 3828 mbas
385 3768 513 3827 Habrnis
529 3770 650 3843 propius
664 3772 814 3826 accedant.
831 3770 924 3827 Manu.
1150 3769 1323 3834 Mariiauai,
1340 3773 1369 3823 et
1384 3785 1471 3840 quem
1488 3769 1537 3826 ille
1551 3771 1651 3830 edidit.
1664 3774 1776 3832 Hebraei
1790 3779 1933 3836 Scholisst

1179 992 1257 1064 [Cep.
1273 996 1379 1069 xxti]
1397 998 1523 1056 Locutus
1547 1009 1592 1057 est
1617 1010 1715 1061 sutem
1732 1008 1817 1063 iisvtd
1847 1014 1867 1063 ll

1142 1084 1232 1137 verba
1250 1084 1391 1142 carminis
1416 1087 1504 1160 hujus
1514 1090 1536 1155 ⁸,
1552 1091 1582 1147 in
1597 1095 1644 1149 dis
1658 1110 1718 1166 qua
1741 1097 1875 1154 liberavit

1145 1171 1285 1228 Dominus
1300 1180 1336 1230 de
1352 1191 1438 1232 manu
1464 1180 1597 1236 omniurn
1621 1181 1809 1243 inimieorum
1832 1204 1879 1244 sui

1143 1265 1172 1313 et
1188 1277 1276 1317 niauu
1292 1262 1373 1319 Saul.
1389 1265 1424 1322 lit
1440 1266 1482 1322 ait
1498 1284 1505 1323 :

308 3860 462 3916 anem„
488 3857 559 3914 oiim
586 3856 793 3919 invmnen,0
823 3860 888 3915 cod,
911 3858 971 3915 pm
995 3860 1095 3928 vom,
1151 3840 1654 3925 ssd·atomuium,qucthabemus
1678 3847 1712 3901 ad
1742 3864 1859 3916 maniis,
1897 3852 1924 3907 ui

276 3930 462 4002 Pmiai'oqas
474 3932 503 3986 ss·
514 3933 571 3999 puts
586 3929 685 3986 Alaea·
697 3930 774 3996 ptem
788 3930 907 3996 saraiae,
919 3948 985 4003 qua„
999 3948 1097 3988 remu.
1150 3913 1273 3996 (lritieos
1287 3928 1317 3966 iu
1333 3917 1361 3967 S.
1378 3911 1560 3984 scripturam
1578 3922 1679 3984 agunt,
1694 3918 1833 3992 ellugiass
1847 3868 1937 3997 dilige

276 4002 330 4060 tior
343 4018 452 4059 manus
466 4000 583 4059 suffecit
599 4018 606 4058 :
623 4006 753 4074 suntque
776 4017 806 4057 re
829 4002 895 4074 ipsa
908 4002 937 4059 ia
953 4002 1019 4059 aliis
1033 4020 1096 4061 oin·
1150 3991 1232 4091 hilm·
1598 4058 1604 4068 .
1647 4059 1653 4070 .
1679 4059 1685 4071 .
1855 4064 1861 4075 ,

277 4075 362 4131 „ihm
379 4073 474 4131 libri..
1213 4057 1277 4110 lloec
1290 4052 1379 4109 acrba
1400 4055 1544 4127 usquead
1562 4072 1739 4132 principium
1761 4060 1862 4135 hymni
1879 4080 1931 4136 pos

307 4161 442 4221 ηοω
462 4163 519 4232 η
534 4160 564 4217 ω
579 4160 741 4219 ηοω
835 4161 921 4233 ωω
944 4162 1096 4220 ηοω
1151 4126 1448 4268 nitriensis
1456 4127 1930 4276 ‘siluis“trastulisti

276 4233 407 4308 aliosque
422 4238 520 4290 textus
534 4237 630 4291 vacat.
1114 4273 1137 4338 D
1153 4285 1229 4325 pum,
1247 4266 1343 4322 Mam,

310 4322 410 4381 *Dua
424 4325 495 4380 suut
510 4322 766 4395 interpretationes
780 4322 824 4377 lia
838 4321 926 4379 simul
935 4323 1056 4395 juncte,
1066 4322 1100 4380 ds
1187 4341 1199 4375 i
1215 4338 1345 4395 Primum
1369 4337 1458 4407 hujus
1476 4341 1580 4397 sanitas
1595 4342 1756 4402 distichum
1781 4347 1823 4405 aaa
1846 4347 1936 4405 divis.

274 4396 357 4468 “W
380 4394 501 4467 millib
515 4400 544 4450 0²
558 4396 595 4450 ds
608 4411 706 4466 dmm
719 4396 866 4466 talamum
881 4413 891 4449 ·'
905 4401 951 4451 θῦῑ
974 4396 1053 4451 ΕΜ
1067 4394 1098 4450 Ῑῦ
1152 4409 1319 4468 invenimus
1334 4410 1363 4464 iii
1379 4410 1467 4464 Hebr.
1479 4412 1577 4468 codice
1593 4417 1672 4487 regio
1688 4432 1768 4474 num.
1784 4420 1812 4475 d.
1829 4420 1870 4475 td
1887 4421 1925 4475 tid
1934 4446 1939 4469 ο.

276 4482 396 4541 Hebraeo
411 4499 471 4540 iiiia
495 4483 641 4540 sententia
664 4494 747 4546 uuirt
765 4467 857 4549 tilla,
872 4483 907 4539 de
931 4486 1017 4548 nutis,
1039 4482 1101 4538 sive
1153 4483 1245 4555 igitur
1266 4481 1369 4553 optimi
1385 4480 1465 4536 illius
1485 4497 1542 4537 ms.
1557 4489 1732 4560 exemplaris
1753 4491 1932 4548 commutari

276 4554 305 4612 dc
317 4557 408 4626 stirpe
421 4555 541 4625 imam,
555 4555 633 4626 quod
648 4555 674 4610 si
688 4555 759 4612 iistis
773 4555 885 4639 treptia
895 4556 980 4626 Juxta
990 4560 1100 4626 etymo·
1153 4555 1251 4639 posita
1266 4557 1336 4608 sunt
1349 4553 1379 4606 in
1396 4552 1451 4607 hae
1472 4555 1609 4619 editione,
1626 4575 1692 4614 cuni
1711 4560 1739 4615 in
1756 4560 1822 4619 aliis
1838 4563 1930 4630 libris,

276 4624 384 4701 logiam
406 4626 601 4699 interpretari,
616 4626 752 4687 dicaads
771 4626 980 4693 oaus,sivede
1001 4640 1102 4697 peram
1153 4643 1183 4681 in
1210 4624 1322 4680 Latinis
1346 4623 1433 4678 etiam
1464 4639 1535 4681 mas.
1562 4629 1712 4687 codicibus
1738 4632 1937 4706 qirampliirim

276 4700 430 4771 montom.
448 4704 543 4769 Atque
555 4697 617 4753 lias
629 4698 750 4766 quidem
765 4698 909 4769 expositio
921 4698 1003 4779 Syro,
1014 4703 1102 4765 atrius
1154 4697 1210 4754 sub
1226 4712 1285 4751 una
1300 4694 1442 4751 divisione
1452 4710 1503 4751 seii
1521 4697 1663 4756 incisione
1678 4702 1822 4775 legantur.
1835 4708 1939 4763 Celer

276 4772 375 4836 trabi,
394 4770 453 4824 lere
467 4772 555 4825 stiam
569 4777 599 4825 st
613 4768 748 4825 Chaldaeo
764 4770 947 4839 interpretari
985 4767 1098 4824 lacuit:
1155 4769 1210 4825 iste
1227 4766 1360 4824 Psalmus
1384 4766 1461 4821 idem
1487 4774 1532 4823 est
1554 4785 1622 4826 cum
1649 4781 1749 4831 nostro
1764 4794 1823 4833 xvii
1847 4778 1875 4832 in
1903 4777 1921 4832 li

275 4839 355 4899 iliam
372 4840 492 4898 aiacis
507 4840 639 4913 probavit
654 4841 760 4909 magis,
776 4839 802 4894 lv
827 4844 885 4902 τοῖς
907 4786 1032 4915 isaaci<
1051 4843 1101 4894 τοῦ
1156 4836 1329 4903 Psalm.,vsi
1340 4853 1500 4920 cumxviii,
1507 4842 1590 4909 juxta
1601 4859 1757 4902 numerum
1770 4851 1939 4905 Hebraei-u

275 4908 370 4989 Ῥιφά.
387 4912 507 4969 Cortum
530 4916 630 4967 autem
644 4917 792 4983 astatque
814 4913 944 4980 evidens,
960 4912 1102 4983 Hierony·
1154 4912 1204 4968 ssd
1229 4907 1361 4965 nouniiiil
1375 4915 1500 4991 variant.
1516 4913 1643 4984 amplius
1659 4915 1770 4988 aliquid
1786 4919 1863 4975 inter
1877 4935 1908 4974 ss
1930 4943 1936 4965 i

273 4996 357 5041 mum
375 4998 495 5057 quoquc
516 4982 687 5039 alterutram
711 4983 846 5054 elegisse,
863 4999 920 5039 nou
946 4991 1101 5054 utramque
1155 4983 1335 5041 benissent
1356 4978 1424 5035 eliis
1445 4983 1553 5053 verbis,
1573 4990 1605 5039 iit
1627 4989 1656 5041 in
1682 4990 1835 5045 amborum
1859 4993 1939 5045 coiit

266 5052 410 5179 {unxisse
437 5067 555 5123 temere,
581 5055 832 5128 quemadmodum
863 5053 956 5110 Latini
982 5053 1099 5125 vulgati
1154 5052 1400 5111 tiousstudiosus
1415 5053 1541 5125 quisque
1557 5057 1834 5131 l'scilecompertum
1849 5062 1938 5117 habe·

280 5127 341 5185 ibri
366 5130 586 5200 repraesentant.
602 5126 694 5192 Quam
720 5143 804 5198 porro
828 5142 863 5181 ex
887 5126 934 5181 liis
959 5125 1099 5196 probarit,
1154 5126 1249 5183 Mara.

266 5192 452 5257 Vsroueuata
469 5212 525 5255 ms.
541 5196 699 5270 siguldcat,
715 5197 765 5269 qai
788 5197 886 5271 priora
902 5195 986 5253 unice
1002 5196 1101 5259 habet.
1190 5199 1200 5233 ⁷
1218 5198 1250 5252 ln
1266 5198 1425 5251 veronens.
1444 5211 1500 5251 ms.
1523 5199 1701 5268 tartesiorum,
1717 5202 1794 5272 quoa
1819 5202 1897 5258 haud
1919 5216 1935 5259 ς

265 5266 303 5327 do
327 5269 418 5343 attae
441 5268 553 5397 mem
566 5286 576 5323 :
592 5267 728 5337 alteram,
756 5268 791 5327 ds
817 5284 921 5342 umere
942 5269 1101 5337 piaculum,
1156 5268 1235 5325 unde
1249 5265 1388 5322 librarius
1403 5267 1562 5325 excuderit.

312 5341 394 5398 uitus
421 5346 525 5399 iisset.
555 5340 652 5413 Atque
684 5339 888 5417 lilaeucium
919 5339 1101 5413 γνησιῑπητος
1191 5338 1314 5395 'Canon
1339 5337 1374 5391 ad
1399 5336 1485 5393 lisbr.
1510 5342 1685 5397 emendatas
1710 5343 1793 5412 tagii,
1815 5344 1932 5399 cantari

302 5411 522 5481 iaronpmlane,
539 5426 627 5486 quam
644 5411 772 5480 exbibet,
781 5411 924 5469 versionis
944 5427 1102 5483 argumsn·
1156 5414 1221 5465 aaut
1235 5417 1262 5465 et
1277 5412 1416 5465 ruminata
1436 5414 1502 5465 aaut
1517 5429 1526 5466 .·
1543 5424 1635 5469 crateri
1652 5430 1755 5471 onines
1780 5421 1812 5471 ut
1836 5416 1864 5472 iii
1882 5417 1939 5471 cdi

270 5484 344 5542 tuin
358 5484 415 5543 sibi
429 5486 534 5549 sumit,
546 5484 625 5558 quod
642 5485 753 5542 caeteris
768 5484 936 5559 religiosius
950 5484 1101 5552 omnihus,
1158 5482 1251 5541 liiiir.
