3870 6120
105 163 159 223 eti
619 167 649 223 Β.
669 163 877 223 maeotim
893 164 1023 221 DIVIM
1039 164 1289 224 sannorum.

106 294 137 350 et
151 303 258 363 ponam
274 302 324 345 eos
338 286 422 361 quasi
438 286 512 346 ficiis
529 287 634 362 malas,
649 306 713 363 qus
733 291 847 349 comedi
870 307 929 349 non
943 290 971 359 Α
993 334 996 339 ,
1056 292 1084 346 et
1098 288 1135 346 ad
1149 279 1275 346 ludim:

178 364 313 434 possunt,
985 359 1129 424 Quoniam
1144 361 1206 418 baio
1222 359 1293 417 dicit
1306 358 1468 419 Dominus:

142 448 176 490 eo
192 431 269 504 quod
285 430 418 503 pessima
434 430 504 486 sint.
983 430 1089 488 Vocem
1105 432 1226 489 terroris
1241 431 1426 489 audivimus:

108 505 142 562 ui
156 518 329 578 persequare
345 518 395 558 eos
410 502 440 558 in
456 501 598 576 gladio‚et
612 502 642 559 in
658 504 746 577 lame,
755 509 785 562 et
798 505 828 564 in
838 505 930 579 pesti·
1020 503 1158 573 formido,
1173 509 1202 561 et
1217 520 1274 560 non
1290 506 1334 559 est
1350 520 1415 575 pax.

179 573 287 630 lentie:
983 578 1175 649 interrogate,
1189 579 1218 632 et
1231 575 1326 631 videte
1342 575 1367 630 si
1389 577 1510 648 generat
1534 572 1710 631 masculus:
1726 587 1812 644 quare

145 651 174 702 et
187 646 263 701 dabo
273 661 323 701 eos
336 644 558 702 invenationem
571 645 716 705 universis
729 651 929 724 regnisterru3
1020 648 1155 721 argoridi
1165 645 1323 703 omnisviri
1335 662 1455 703 manum
1464 661 1555 718 super
1564 644 1707 703 lumbum
1716 659 1811 715 suum,

145 719 175 774 in
193 715 440 785 maledictionem,
454 720 483 773 et
497 717 527 773 in
542 721 709 790 stuporem:
1057 718 1143 789 quasi
1158 716 1348 791 parturientis
1362 718 1416 787 (dt.
1433 717 1598 791 parientis),

146 793 174 846 et
190 789 220 844 in
231 788 363 854 sibilum,
375 789 443 844 etin
456 789 646 873 opprobrium
657 792 770 851 cunctis
781 794 932 868 gentibus,
1021 793 1051 845 et
1065 805 1210 847 conversis
1225 792 1296 846 sunt
1309 789 1451 846 universas
1466 790 1555 847 lacios
1569 789 1600 845 in
1614 783 1810 860 aurugiusml

183 863 218 916 ad
233 876 306 931 quas
319 860 457 942 ejecititt.
473 860 602 934 spiciam)
616 879 686 920 eos:
987 859 1053 916 Vari
1070 862 1141 935 quia
1155 876 1263 988 magna
1277 861 1341 918 dies
1357 859 1418 933 iila,

111 931 152 988 lto
167 932 245 1004 quod
261 948 320 988 non
335 932 483 987 audierint
496 932 586 989 verbe
601 949 675 1001 mea,
692 935 764 992 dicit
779 937 931 993 Dominus:
1024 947 1078 989 nec
1090 939 1134 989 est
1149 935 1216 989 simi
1231 933 1256 989 is
1271 934 1335 1003 ejus
1348 949 1356 988 :

149 1016 212 1075 qiiae
230 1002 297 1059 misi
314 1002 350 1059 ad
365 1018 416 1060 eos
430 1019 482 1075 per
495 1020 593 1060 servos
609 1021 690 1063 meos
715 1008 883 1081 prophetas,
899 1009 934 1065 de
989 1003 1178 1078 'tempusque
1192 1003 1393 1061 tribulationis
1407 1002 1563 1072 esttacob,

185 1078 271 1131 nocte
285 1089 478 1147 consurgens,
493 1081 522 1131 et
537 1076 676 1134 mittens:
1025 1080 1054 1131 et
1067 1093 1102 1132 ex
1116 1075 1180 1149 ipso
1195 1075 1367 1134 salvabitur.

150 1150 179 1202 et
194 1162 252 1202 nori
268 1145 405 1215 audistis,
421 1146 493 1202 dicit
509 1146 663 1204 Dominus.
1025 1148 1061 1203 Et
1074 1147 1130 1204 erit
1145 1147 1175 1203 in
1191 1148 1238 1204 die
1252 1146 1313 1216 illa,
1328 1147 1369 1204 ait
1383 1145 1526 1204 Dominus
1540 1145 1738 1202 exercituum.

114 1217 173 1275 Vos
188 1234 261 1344 ergrti·
272 1219 372 1274 audite
383 1218 505 1275 verbum
528 1218 656 1291 Domini,
672 1220 769 1277 omnis
794 1221 937 1279 transml·
1027 1223 1175 1346 mgimm
1188 1219 1293 1293 jugum
1304 1219 1369 1293 ejus
1380 1215 1804 1289 decolletuo,etvincutaejii

209 1305 292 1359 raro,
1084 1306 1176 1346 iarum
1201 1306 1248 1347 am

153 1305 242 1434 qiiffim
258 1360 342 1416 emisi
359 1360 394 1415 de
405 1359 569 1417 Jerusalem
587 1362 615 1417 in
632 1362 829 1436 Babylonem:
1028 1366 1058 1419 ot
1072 1379 1130 1418 uon
1145 1307 1378 1419 doenini’ibuntur
1391 1360 1417 1418 ei
1433 1360 1559 1432 amptius
1574 1358 1685 1417 alieni:

116 1433 183 1490 Bac
196 1432 267 1488 dicit
275 1432 418 1488 Dominus
429 1433 608 1490 exercituum
621 1434 698 1492 Deus
709 1435 797 1493 lsrael
809 1438 845 1494 ad
856 1437 938 1493 abab
993 1435 1049 1490 Sed
1065 1433 1193 1490 servient
1209 1434 1328 1491 Domino
1343 1432 1412 1500 Deo,
1430 1449 1494 1502 suo,

191 1504 285 1560 silium
300 1502 388 1560 Golia.
1029 1510 1059 1561 et
1072 1505 1161 1562 David
1178 1505 1239 1578 regi
1254 1521 1319 1574 suo,
1334 1521 1422 1577 quem
1439 1501 1589 1562 suscitabo
1603 1502 1658 1558 eis.

154 1576 233 1633 etad
249 1574 400 1632 sedeciam
415 1573 508 1631 tilium
523 1574 649 1647 Maesio,
994 1576 1115 1650 'l'uergo
1126 1577 1286 1646 netimeas,
1301 1580 1482 1633 serve’meus
1495 1575 1596 1648 Jacob,
1614 1575 1656 1631 ait
1664 1572 1795 1642 Dominis,

156 1647 206 1720 qui
218 1647 395 1721 prophetant
404 1647 488 1704 vobis
500 1646 530 1703 in
542 1649 661 1707 nomine
672 1665 736 1706 mee
748 1649 939 1708 mendaciter:
955 1663 979 1730 Β
1066 1664 1162 1720 neque
1176 1664 1292 1721 paveas,
1309 1649 1386 1704 israe
1407 1664 1414 1703 ε

121 1719 192 1777 Ecce
207 1736 222 1775 e
244 1719 389 1775 otradam
399 1719 941 1796 cosinmauuNabuchodonosorregis
995 1717 1069 1787 Quia
1082 1736 1147 1776 ecce
1160 1736 1213 1793 ego
1228 1720 1348 1777 salvabo
1363 1724 1391 1776 te
1407 1719 1443 1775 de
1458 1722 1537 1776 terra
1550 1717 1724 1790 longinqua.

193 1735 367 1863 efiiylonis:
1030 1797 1059 1847 et
1075 1807 1175 1849 semen
1190 1798 1275 1848 tuum
1290 1790 1326 1848 de
1340 1796 1419 1848 terra
1433 1789 1611 1863 captivitatis
1626 1803 1744 1846 eorum:

157 1868 187 1920 et
201 1862 343 1936 percutiet
357 1877 406 1918 eos
422 1861 452 1918 in
468 1860 561 1919 oculis
576 1863 692 1921 vestris.
995 1867 1029 1920 Et
1043 1864 1198 1920 revertitur
1210 1863 1311 1933 Jacob,
1327 1867 1356 1918 et
1370 1862 1510 1946 quiescet,

122 1936 157 1992 ui
171 1940 342 1992 assumetur
355 1950 390 1990 ex
403 1934 447 1991 eis
463 1931 628 1992 maledictio
643 1936 724 1992 omni
747 1938 942 2011 transmigra·
1032 1944 1060 1991 et
1075 1935 1188 1991 cunctis
1204 1934 1304 1991 atttiiet
1318 1934 1413 2001 bonis,

194 2006 269 2063 tioui
282 2006 370 2076 tuda,
387 2010 511 2075 quaest
534 2005 564 2061 in
591 2007 744 2081 Babylone,
761 2009 941 2066 dicentium:
1033 2011 1061 2062 et
1076 2022 1133 2062 non
1147 2006 1202 2062 erit
1215 2023 1302 2078 quein
1318 2005 1478 2063 tormidet:

123 2083 217 2136 Ponat
230 2084 259 2134 te
274 2077 417 2133 Dominus
431 2076 511 2134 sicut
532 2078 694 2148 sedeciam,
709 2088 737 2136 et
758 2080 835 2137 sicut
860 2081 943 2138 abab
998 2078 1140 2144 Quoniam
1149 2083 1245 2135 tecum
1254 2093 1392 2151 egosum,
1403 2077 1444 2134 ait
1453 2075 1607 2145 Dominus,
1620 2078 1652 2130 ut
1663 2071 1760 2129 salvem
1768 2074 1796 2135 te,

195 2165 270 2222 quos
285 2148 366 2204 irixit
380 2164 429 2203 rex
445 2146 600 2220 Babylonis
614 2149 644 2204 in
660 2151 746 2233 igne:
998 2149 1200 2206 Faciamenim
1214 2150 1497 2206 consummationem
1507 2147 1537 2205 in
1547 2147 1665 2203 cunctis
1675 2142 1795 2219 gentibus:

159 2233 212 2292 pro
227 2235 260 2276 eo
295 2220 352 2275 uod
368 2219 490 2275 iecerint
502 2218 657 2277 stultitiam
674 2238 704 2278 in
719 2221 821 2294 isreel,
1070 2222 1100 2276 in
1116 2221 1224 2292 quibus
1239 2221 1364 2294 dispersi
1379 2227 1426 2277 te:

160 2296 190 2348 et
213 2305 284 2348 moec
307 2291 347 2347 ati
373 2293 444 2347 sunt
467 2306 572 2349 uxores
610 2292 772 2351 amicorum
810 2309 944 2366 suorum,
1036 2295 1063 2348 te
1079 2298 1177 2348 autem
1194 2309 1251 2349 non
1268 2293 1372 2349 iactam
1389 2293 1418 2348 in
1435 2289 1739 2357 consummationem,

160 2367 189 2420 et
203 2361 292 2419 locuti
307 2367 378 2418 sunt
392 2362 514 2418 verbum
529 2363 557 2417 in
575 2363 694 2422 nomine
709 2381 774 2423 mec
796 2366 945 2424 mendaci·
1001 2364 1058 2420 Sed
1073 2364 1223 2437 castigabo
1238 2371 1266 2421 te
1282 2364 1447 2436 injudicio,

199 2439 252 2504 tei,
268 2434 346 2507 quod
362 2450 421 2490 non
438 2435 576 2490 mandavi
591 2435 654 2491 eis:
1037 2439 1068 2490 ut
1084 2452 1141 2491 non
1157 2435 1284 2492 videaris
1299 2436 1352 2493 tibi
1370 2435 1518 2492 innoxius.

126 2505 186 2578 ligo
200 2522 267 2562 suni
279 2505 371 2577 judex
385 2508 414 2561 et
429 2506 521 2576 testis,
537 2506 609 2562 dicit
624 2508 777 2567 Dominus.
1002 2507 1077 2574 Quia
1092 2507 1153 2563 brec
1167 2507 1240 2563 dicit
1254 2507 1417 2564 Dominus:

127 2579 162 2634 Et
177 2578 212 2634 ad
227 2577 372 2634 semeiam
387 2576 579 2634 Neelamitem
594 2579 694 2636 dices:
1039 2577 1215 2635 tusanabilis
1230 2578 1359 2636 tractura
1374 2586 1436 2652 tua,

126 2653 193 2706 llaec
208 2648 280 2705 dicit
294 2648 437 2706 Dominus
451 2651 644 2717 exercituum,
660 2651 738 2709 Deus
750 2651 858 2710 lsrael.
1039 2651 1169 2722 pessima
1183 2649 1229 2723 pla
1253 2667 1270 2707 a
1284 2655 1345 2707 tua.

127 2721 181 2778 Pro
197 2734 230 2777 eo
246 2721 322 2848 guod
338 2720 445 2806 misisti
455 2722 484 2804 in
496 2721 673 2780 nominetuo
683 2723 774 2783 libros
785 2725 821 2783 ad
832 2740 950 2783 omnem
1004 2666 1797 2807 Nonestestquifudicetjudiciumtuumadalligandum:

164 2793 888 2937 itttttitttttltt‘tttt:teni...
1005 2793 1596 2936 0ilzttdttlttitttdtitti,

128 2939 163 2992 ut
176 2936 212 2992 ad
230 2936 383 2993 universos
398 2936 576 3004 sacerdotes,
592 2938 714 2995 dicens:
1040 2942 1127 3008 teque
1142 2953 1198 2993 nori
1215 2942 1345 3020 querant
1358 2953 1365 2992 :
1784 2992 1789 3005 ,

127 3007 272 3064 Dominus
282 3008 364 3063 dedit
378 3010 406 3063 te
420 3009 601 3064 sacerdotem
612 3025 664 3081 pro
673 3009 777 3068 loiade
789 3011 948 3078 sacerdote,
965 3026 987 3095 C
1005 3006 1095 3081 Plaga
1105 3007 1183 3064 enim
1194 3008 1307 3064 inimici
1317 3006 1447 3092 percussi
1460 3015 1496 3074 te,
1506 3002 1698 3076 castigatione
1706 2993 1796 3056 crudel:

126 3084 160 3134 ut
174 3095 216 3135 sis
232 3079 291 3134 dux
305 3079 334 3133 iu
351 3079 439 3135 domo
463 3080 578 3135 Domini
601 3097 689 3153 super
713 3098 830 3141 omnem
854 3082 948 3140 virum
1045 3083 1163 3153 propter
1177 3079 1397 3137 multitudinem
1413 3074 1579 3150 iniquitatis
1592 3080 1651 3132 tuis
1665 3074 1733 3129 dura
1744 3070 1797 3126 iactr
1839 3136 1841 3141 Ι

199 3149 384 3221 arreptitium
401 3156 430 3205 et
445 3150 680 3223 prophetantem,
1080 3154 1150 3207 sunt
1163 3157 1281 3222 peccatu
1295 3157 1355 3207 tiis.
1839 3178 1841 3185 ·

164 3223 199 3275 ul
213 3220 314 3278 mittas
329 3237 397 3277 euin
412 3220 442 3277 in
458 3238 579 3278 nervum
595 3229 623 3279 et
638 3224 667 3279 in
684 3240 848 3283 carcerem:
1007 3221 1081 3288 Quid
1098 3220 1208 3278 clamas
1222 3239 1312 3296 super
1326 3220 1502 3279 contritione
1516 3220 1591 3278 tuat

125 3291 161 3348 Di
175 3308 255 3348 nunc
269 3309 361 3366 quare
375 3307 433 3348 non
445 3291 602 3366 increpasti
613 3295 770 3352 teremiam
780 3296 956 3354 Anatlietbi·
1044 3293 1216 3350 insanabilis
1230 3302 1275 3351 est
1290 3294 1372 3350 dolor
1385 3300 1472 3349 tuus:

200 3368 260 3426 ten,
278 3363 330 3435 qui
366 3363 500 3435 rophetat
513 3364 619 3422 vobis?
1008 3366 1128 3437 Propter
1143 3365 1362 3422 multitudinem
1378 3363 1543 3438 iniquitatis
1559 3367 1629 3430 tue,

164 3434 237 3499 Quia
246 3452 335 3507 super
345 3381 398 3490 Ros
407 3433 489 3491 misit
498 3436 534 3491 ad
547 3435 645 3505 nos,in
652 3437 954 3510 Babylonemdicens:
1044 3443 1072 3493 et
1087 3441 1206 3510 propter
1222 3439 1296 3494 dura
1310 3442 1429 3510 peccata
1444 3442 1496 3491 tua
1510 3435 1564 3492 ieci
1581 3434 1643 3490 beo
1657 3430 1716 3489 tibi.

132 3507 261 3580 Longum
276 3510 341 3563 est:
1008 3511 1149 3580 impleres
1164 3523 1267 3566 ornnes
1291 3509 1341 3580 qui
1364 3508 1522 3564 comedunt
1544 3511 1584 3575 te,
1601 3500 1798 3561 devorabuntur.

166 3578 308 3637 edificate
323 3577 436 3647 domos,
452 3581 481 3633 et
495 3576 645 3635 habitate:
1043 3584 1071 3636 et
1087 3579 1213 3635 universi
1231 3582 1330 3636 hostes
1346 3579 1388 3636 tui
1405 3581 1434 3635 in
1450 3578 1650 3650 captivitatem
1666 3574 1796 3632 domitii:

167 3655 197 3708 et
212 3650 343 3723 plantate
358 3648 470 3716 hortos,
1007 3653 1043 3709 Et
1057 3652 1108 3722 qut
1123 3656 1151 3706 te
1164 3656 1291 3717 vastant,
1306 3651 1511 3718 vastabuntur,

167 3729 196 3781 et
210 3721 355 3780 comedite
371 3721 500 3776 fructum
516 3735 629 3777 eorum.
1043 3726 1224 3795 cunctosque
1238 3723 1416 3796 predatores
1429 3728 1495 3778 tuos
1511 3720 1587 3777 dabo
1602 3719 1634 3775 in
1650 3715 1773 3792 predam·

132 3794 216 3869 Legit
230 3810 299 3868 ergo
310 3791 475 3865 Sophonias
485 3793 622 3850 sacerdos
633 3792 740 3851 librum
751 3791 842 3849 istum
858 3791 888 3849 in
903 3810 955 3850 au·
1007 3793 1157 3850 Obducem
1173 3795 1251 3851 enim
1267 3795 1432 3852 cicatricem
1449 3792 1511 3859 tibi,
1713 3857 1720 3870 υ

202 3866 285 3924 ribus
299 3864 432 3922 ieremias
446 3880 498 3936 pro
520 3864 604 3922 beru.
1042 3870 1071 3920 et
1085 3882 1102 3921 a
1116 3863 1285 3922 vulneribus
1298 3866 1358 3923 tuis
1371 3865 1482 3922 sanabo
1496 3868 1535 3931 te,
1552 3862 1626 3919 dicit
1639 3868 1775 3919 Dominus.

129 3939 164 3994 Et
179 3938 286 3995 iactum
301 3940 347 3994 est
360 3939 481 3993 verbum
497 3882 613 3992 Bomini
625 3935 661 3992 ad
672 3935 954 4006 ieremiam,dicens:
1043 3936 1108 3992 Hac
1122 3940 1177 4004 est,
1194 3954 1267 4009 quos,
1284 3954 1342 3994 non
1357 3936 1463 3993 babeat
1478 3935 1675 4018 requirentem

128 4011 209 4068 ltitle
222 4011 257 4067 ad
274 4025 390 4066 omnem
406 4008 708 4078 transmigrationem,
725 4009 826 4064 dicens
1007 4007 1080 4072 Ouia
1095 4008 1217 4090 eiectam
1231 4013 1408 4066 vocaverunt
1423 4014 1461 4078 te,
1475 4013 1562 4064 Sion:

166 4083 232 4140 Hac
246 4081 317 4138 dicit
330 4079 472 4137 Dominus
487 4081 523 4136 ad
539 4079 684 4136 Semeiam
700 4079 892 4136 Neelamitem
906 4094 914 4134 :
1006 4079 1071 4134 Huc
1085 4079 1157 4135 dicit
1172 4081 1332 4137 Dominus:

131 4159 184 4211 Pro
199 4154 327 4239 eoquod
342 4150 528 4226 prophetavit
537 4151 619 4208 vobis
633 4151 774 4222 semeias,
786 4156 815 4207 et
827 4167 880 4224 ego
896 4166 955 4207 non
1006 4154 1328 4277 EcceJegobconvertem
1337 4148 1556 4209 conversionem
1570 4140 1796 4204 tabernaculorum

365 4238 373 4278 :
1095 4238 1127 4277 ac

165 4301 193 4352 et
204 4241 276 4354 ἶιοείιι
287 4241 501 4352 ῖὲἑῃοοηῆάοπῡ
518 4293 547 4349 in
564 4293 736 4351 mendacio:
1041 4296 1070 4348 et
1085 4238 1250 4421 leolis'egus
1266 4295 1318 4365 tlt.
1334 4291 1449 4364 eorum)
1465 4291 1656 4347 miserebor:

164 4367 272 4425 idcirco
288 4367 349 4424 bac
364 4366 434 4422 dicit
450 4365 610 4422 Dominus:
1042 4369 1071 4419 et
1085 4365 1196 4421 adittca
1218 4365 1279 4421 itur
1293 4365 1396 4422 civitas
1410 4364 1440 4419 in
1455 4363 1636 4430 excelsoeuo,

128 4439 200 4495 Ecce
215 4455 268 4513 ego
283 4439 409 4496 visitabo
423 4453 513 4509 super
526 4437 670 4494 semeiam
685 4434 888 4504 Neelamitem,
968 4396 990 4462 D
1042 4439 1070 4491 et
1085 4435 1227 4518 temptum
1236 4437 1325 4563 jum
1340 4437 1472 4494 ordinem
1488 4449 1577 4490 suum
1594 4429 1762 4514 fundabitur.

163 4514 194 4566 et
207 4527 296 4593 super
311 4527 411 4568 semen
428 4509 511 4581 ejus:
1006 4511 1040 4562 Et
1054 4508 1221 4579 egredietur
1256 4526 1271 4564 e
1286 4508 1329 4565 eis
1343 4507 1419 4576 laus,
1435 4521 1549 4578 voxque
1566 4504 1748 4561 ludentium:

129 4579 192 4636 Non
208 4586 263 4638 erit
278 4581 303 4638 ei
318 4582 361 4637 vir
373 4581 479 4638 sedens
495 4579 524 4635 in
541 4578 636 4636 medio
652 4578 752 4653 populi
768 4579 872 4651 hujus,
1041 4584 1070 4634 et
1085 4580 1288 4652 multiplicabo
1302 4596 1363 4645 eoa,
1378 4585 1407 4635 et
1421 4595 1479 4634 non
1497 4577 1689 4643 minuentur;
1839 4634 1841 4655 Ι

162 4656 191 4709 et
203 4669 261 4709 uon
276 4652 384 4710 videbit
398 4651 508 4708 bouum
533 4652 612 4722 quod
636 4667 689 4724 ego
714 4651 816 4708 luciam
842 4647 951 4725 populo
1041 4655 1069 4705 et
1084 4650 1253 4723 glorificabo
1268 4667 1331 4717 eos,
1345 4656 1374 4707 et
1389 4667 1446 4707 non
1462 4647 1704 4732 attenuabuntur.
1839 4662 1841 4719 ;

219 4740 294 4794 meo,
311 4724 352 4779 ait
368 4722 519 4791 Dominus,
1006 4725 1040 4777 Bt
1054 4727 1141 4778 erunt
1156 4720 1209 4779 filii
1225 4722 1289 4794 ejiis
1305 4722 1412 4779 sicuta
1428 4721 1584 4791 principio,

162 4795 233 4867 quia
247 4795 513 4867 prevaricationem
528 4791 646 4850 locutus
669 4795 715 4849 est
737 4793 878 4850 adversae
892 4792 951 4850 Do·
1040 4797 1070 4848 et
1084 4799 1177 4849 coetus
1191 4793 1256 4866 ejus
1271 4810 1369 4850 coram
1385 4808 1433 4849 me
1448 4789 1651 4864 permanebit:

199 4866 326 4924 miunm.
1040 4869 1069 4920 et
1083 4864 1207 4922 visitabo
1224 4865 1379 4922 adversum
1395 4880 1498 4921 omnes
1515 4861 1567 4936 qui
1591 4857 1793 4917 tribulantium·

126 4938 204 5012 (Cup.
220 4938 322 5007 XXX.)
337 4938 397 4995 ltoc
411 4937 532 4993 verbum
547 4937 625 5009 quod
646 4939 745 4994 actum
772 4939 818 4992 est
841 4936 877 4992 ad
902 4935 951 4993 Je-
1004 4939 1039 4992 Et
1053 4937 1110 4992 erit
1123 4937 1183 4993 dux
1197 4937 1262 5008 ejus
1276 4953 1311 4993 ex
1327 4952 1380 4994 eo:

199 5010 322 5068 remiam
338 5027 355 5066 a
369 5008 503 5075 Domino,
520 5007 639 5064 dicens:
1041 5013 1069 5064 et
1085 5008 1218 5080 princeps
1236 5008 1272 5065 da
1288 5008 1384 5065 medio
1401 5007 1466 5079 ejus
1481 5004 1679 5081 producetur:

127 5083 192 5141 llaec
207 5081 280 5141 dicit
294 5081 436 5139 Dominus
450 5078 528 5136 Deus
544 5079 647 5146 lsrael,
662 5078 762 5136 dicens
777 5096 784 5138 :
1039 5086 1069 5136 et
1083 5079 1236 5164 applicabo
1251 5096 1318 5137 eum
1335 5085 1364 5136 et
1376 5079 1494 5136 accedet
1507 5078 1544 5133 ad
1556 5092 1615 5133 me.

126 5155 228 5214 Scribe
243 5153 297 5213 tibi
310 5153 411 5213 omnia
425 5151 513 5208 verba
528 5166 592 5224 quei
608 5151 725 5209 locutus
740 5165 806 5208 sum
820 5150 856 5207 ad
872 5149 950 5220 te‚iu
1004 5151 1074 5216 Quis
1089 5168 1167 5209 enim
1179 5152 1234 5208 iste
1245 5157 1299 5219 est,
1312 5152 1362 5225 qui
1377 5148 1568 5278 assplicetoor
1578 5162 1667 5204 suuni
1678 5148 1710 5201 ut
1721 5146 1797 5215 appii·

200 5227 286 5286 libro.
1075 5222 1380 5296 pinquetadme,ait
1419 5221 1559 5278 ominus:

125 5303 200 5358 Ecca
213 5301 293 5357 enim
309 5297 372 5355 dies
386 5292 519 5359 veniunt,
531 5291 604 5349 dicit
617 5293 781 5350 Dominus:
1003 5293 1039 5350 Et
1051 5294 1133 5351 eritis
1148 5294 1221 5351 mihi
1235 5295 1264 5350 in
1281 5294 1433 5367 populum,

162 5378 191 5432 et
212 5375 378 5430 convertam
402 5364 623 5426 conversionem
649 5365 749 5437 populi
774 5363 832 5422 mei
847 5364 902 5436 (At.
918 5362 948 5419 in
1038 5373 1067 5421 et
1082 5383 1135 5438 ego
1151 5382 1199 5423 ero
1215 5366 1298 5423 vobis
1314 5368 1344 5423 in
1360 5366 1464 5423 Deum.

196 5443 286 5517 terre)
300 5439 390 5501 lsrael
404 5443 433 5497 et
446 5437 533 5508 luda,
550 5434 591 5491 ait
606 5434 769 5494 Dominus:
1003 5437 1074 5492 licre
1088 5439 1172 5494 turbo
1182 5437 1310 5506 Domini,
1324 5439 1406 5495 iuror
1416 5434 1580 5503 egrediens,
1590 5429 1803 5506 procellarnm

161 5520 190 5572 et
204 5519 371 5574 convertam
385 5528 436 5570 eos
448 5510 484 5569 ad
500 5513 606 5566 terram
624 5523 712 5582 quam
728 5508 794 5564 dedi
813 5505 949 5581 patribus
1037 5507 1067 5563 in
1081 5509 1175 5582 capite
1189 5510 1347 5583 impiorum
1362 5508 1562 5592 conquiescet,
1592 5575 1599 5589 Ι

199 5604 319 5646 eorum:
481 5632 485 5639 .
1001 5578 1063 5637 Nou
1080 5585 1189 5638 avertet
1200 5581 1275 5640 iram
1290 5578 1506 5656 indignationis
1517 5579 1673 5643 Dominus,
1683 5572 1770 5632 donea
1780 5565 1808 5625 li·

162 5663 191 5714 et
205 5659 399 5731 possidebunt
413 5670 488 5714 sam.
1072 5652 1131 5709 ciat
1145 5657 1174 5709 et
1188 5652 1335 5783 compleat
1349 5650 1555 5738 cogitationem
1570 5646 1671 5706 cordis
1681 5644 1745 5706 sut:

115 5728 235 5788 Dtbao
249 5730 339 5791 rerba
352 5745 417 5806 pue
432 5726 548 5788 loeutus
562 5725 608 5784 ert
629 5718 771 5782 Dominus
796 5721 833 5781 ad
856 5716 947 5778 israel
1035 5721 1241 5784 innovissimo
1275 5720 1557 5798 terumiatattigetts
1569 5734 1615 5779 aa.
