3870 6120
105 111 166 167 981

709 110 816 165 smus
833 110 999 168 JRRRMOE
1017 114 1226 175 PROPHE'I'AE.

1769 120 1824 176 oss
1884 92 1887 101 '

108 237 259 306 Quoniam
271 251 331 292 non
346 232 405 290 fuit
419 233 557 293 viduatus
567 234 657 293 lsrael
667 235 782 293 etluda
793 236 875 295 aDao
887 253 941 295 suo
957 243 983 310 Α
997 240 1137 324 Deosego
1152 244 1189 299 ad
1202 247 1241 313 ie,
1258 259 1344 300 mons
1359 243 1489 316 pestifer,
1503 243 1546 301 aii
1560 243 1711 319 Dominus,

184 307 310 367 Domino
325 304 505 363 exercituum
522 322 530 362 ε

1032 328 1083 382 qur
1099 314 1263 387 corrumpis
1279 316 1445 373 universam
1460 322 1569 373 terram
1586 333 1593 372 :

148 388 227 439 terra
242 383 342 436 sutem
356 395 457 436 eorum
474 378 585 452 repleta
599 382 645 435 est
667 377 775 437 delicto
798 397 816 438 a
838 389 940 441 sancto
996 383 1032 438 Et
1046 386 1201 443 extendam
1216 404 1338 444 manum
1355 403 1450 443 meam
1464 404 1554 461 super
1569 390 1607 457 ie,

107 450 377 598 regil‘llhae
393 520 559 592 Babylonis,

148 601 178 652 et
192 595 283 653 salvet
300 593 505 666 unusquisque
521 594 650 650 animam
667 610 753 652 suam
770 613 778 656 ε

107 668 207 726 Nolite
223 672 318 723 tacere
333 682 423 738 super
436 665 623 736 iniquitatem
638 665 703 737 ejus
718 685 725 725 :

148 739 289 822 quoniam
305 743 423 809 tempos
439 736 561 794 ultionis
574 743 619 794 est
634 739 757 797 Domino
772 739 826 813 [At.
843 758 858 797 s
881 745 937 798 Do·

184 811 288 882 minol,

145 881 380 939 vicissitudinem
399 878 408 935 i
430 895 462 936 se
477 879 619 936 retribuet
632 880 669 937 ei.

107 956 191 1013 Calix
206 970 313 1011 aureus
327 896 456 1021 samba
472 951 503 1008 io
519 968 609 1008 manu
623 952 751 1021 Domini,

144 1026 298 1084 inebrians
314 1039 433 1079 omnem
446 1027 554 1079 terram
572 1041 579 1080 :

106 1103 149 1155 De
164 1099 232 1154 vino
248 1099 313 1169 ejus
328 1095 467 1151 biberunt
482 1100 595 1167 gentes,

143 1173 174 1226 et
188 1169 254 1225 ideo
269 1171 423 1224 commotas
438 1170 519 1222 sunt.

106 1242 216 1300 Subito
231 1239 337 1296 cecidit
355 1236 492 1308 Babylon,

141 1312 399 1370 mmmmm:

107 1384 227 1442 Ululate
242 1399 330 1456 super
344 1396 420 1451 eam,

141 1456 241 1513 toliiie
256 1453 385 1511 resinam
402 1452 437 1509 ad
454 1450 583 1508 dolorem
597 1453 673 1524 ejus,

146 1530 172 1585 si
189 1529 264 1584 ioris
279 1530 410 1582 sanetur.

106 1599 282 1658 curavimus
298 1595 532 1669 Babylonem,et
546 1610 603 1652 non
620 1600 666 1652 est
679 1599 783 1654 sonata
799 1613 806 1654 :

142 1669 385 1744 derelinquamus
400 1683 477 1739 eam,
501 1674 530 1725 et
549 1682 653 1725 samua
677 1668 883 1742 uuusquisque
903 1669 934 1727 in

179 1752 288 1800 terram
303 1757 389 1797 suam
406 1757 413 1795 :

104 1815 253 1882 Quoniam
268 1811 400 1887 pervenit
414 1826 506 1882 usque
522 1806 558 1866 ¹ud
574 1806 662 1867 caelos
672 1800 821 1883 judicium
844 1812 933 1885 eiua:

142 1890 173 1944 et
186 1885 333 1943 elevatum
346 1888 390 1940 est
404 1898 499 1955 usque
515 1883 551 1938 ad
567 1882 671 1940 nubes.

103 1957 235 2016 Protulit
249 1957 391 2013 Dominus
407 1954 539 2026 justitias
554 1959 672 2012 nostras
689 1970 696 2011 ε

139 2029 280 2101 venite,et
289 2024 553 2084 narremusioBion
565 2042 640 2098 opus
647 2026 761 2084 Domini
771 2026 823 2084 Dei
829 2027 933 2086 nostri.

143 2101 248 2158 Acuite
262 2118 293 2157 ss
315 2099 392 2169 'ttas,

138 2173 181 2230 im
206 2173 261 2230 leta
318 2175 453 2227 areiras:

103 2190 424 2303 Suscitavitllominus
439 2240 577 2312 spiritum
592 2254 696 2313 regum
711 2241 864 2299 Medorum
880 2261 888 2299 ε

142 2323 173 2374 et
189 2324 291 2373 conire
304 2314 481 2384 Babylonem
498 2327 582 2369 mens
596 2313 663 2384 elus
678 2320 710 2370 ut
724 2315 828 2387 perdat
843 2330 920 2384 eam,

142 2389 287 2460 quoniam
302 2386 374 2443 ultio
390 2383 507 2443 Domini
522 2388 578 2455 est,

144 2460 220 2516 uitio
235 2458 335 2532 templi
352 2456 410 2514 sui.

106 2538 203 2604 Super
218 2547 318 2587 muros
333 2527 492 2603 Babylonis
506 2526 598 2585 levata
612 2526 742 2600 signum,

143 2607 249 2675 angeio
264 2601 429 2659 custodiam
446 2616 454 2657 :

107 2680 215 2732 Leonte
230 2675 377 2740 custodes,

145 2751 308 2820 praeparate
323 2744 448 2801 insidias
463 2759 470 2800 :

106 2820 185 2886 Quis
201 2818 338 2902 cogitavit
352 2815 508 2880 Dominus,

144 2895 174 2948 et
181 2890 254 3017 Deci?
263 2904 449 3015 lqueounque
460 2886 575 2943 locutus
585 2889 630 2942 est
639 2888 741 2943 contra
754 2885 935 2944 habitatores

206 2979 223 3016 a
275 2978 350 3018 oors.

105 3032 179 3098 oua
195 2978 312 3116 babyllas
327 3048 415 3104 super
428 3046 521 3102 squas
535 3027 656 3098 multas,
671 3028 803 3102 locuples
816 3028 847 3085 in
871 3027 936 3087 the-

184 3122 285 3161 saurus

140 3179 224 3233 venit
240 3147 308 3232 imis
323 3179 391 3232 tous
404 3172 517 3247 pedalis
531 3172 711 3244 praecisionis
725 3177 793 3230 tuae.

107 3248 123 3305 J
128 3249 227 3305 uravit
241 3245 384 3305 Dominus
399 3244 577 3302 exercituum
591 3261 643 3317 per
657 3245 787 3301 animam
802 3261 887 3302 suam
904 3261 911 3301 :

108 3319 255 3386 Quoniam
270 3317 388 3392 replebo
402 3321 431 3372 te
446 3315 618 3372 hominibus
633 3314 717 3387 quiesi
732 3316 854 3387 brucho,

143 3396 174 3448 et
188 3404 279 3461 super
293 3395 321 3448 te
335 3388 467 3446 celeuma
482 3388 659 3444 cantabitur.

108 3463 164 3530 Qui
180 3463 252 3519 tecit
265 3468 373 3519 terram
388 3461 418 3516 iu
435 3460 605 3516 tortitudine
621 3475 685 3528 sua,

144 3535 319 3608 praeparavit
334 3533 435 3589 orbem
450 3530 480 3588 in
496 3531 640 3603 sepientis
656 3548 722 3600 sus,

145 3613 176 3663 et
192 3607 222 3662 in
239 3605 395 3679 prudentia
409 3621 463 3660 sua
478 3602 608 3659 extendit
622 3601 720 3659 coeios.

108 3678 205 3735 Dante
220 3694 254 3734 eo
268 3692 381 3745 vocem,

109 3748 349 3821 multiplicentur
364 3763 447 3819 sque
461 3746 491 3802 in
506 3744 577 3802 coslo
594 3761 601 3800 ε

106 3821 165 3887 Qui
182 3820 260 3877 levat
274 3822 367 3877 nubes
382 3819 419 3875 ah
431 3824 560 3874 extremo
573 3822 669 3888 terres,

143 3892 264 3965 iulgurs
281 3893 311 3949 io
329 3890 457 3965 pluviam
474 3890 565 3946 iecit:

146 3968 176 4020 et
192 3963 329 4037 produxit
342 3965 460 4020 ventum
478 3962 513 4017 de
528 3957 676 4016 thesauris
691 3959 765 4016 suis.

107 4035 228 4092 Stultus
243 4036 336 4093 iactus
350 4036 395 4091 est
409 4033 506 4090 omnis
521 4031 610 4087 homo
625 4046 643 4086 a
657 4030 781 4087 scientia
797 4047 804 4086 ε

148 4108 293 4163 confusus
307 4109 353 4163 ost
364 4105 461 4162 omnis
477 4103 619 4160 conilator
632 4101 661 4157 in
678 4102 818 4175 sculptili,

145 4178 218 4249 quia
233 4179 358 4236 mendax
373 4175 508 4234 conflatio
522 4175 586 4246 olus
601 4174 655 4245 [eil.
672 4176 795 4248 aurumi,

147 4265 202 4306 nso
217 4256 263 4306 eat
276 4250 399 4321 spiritus
413 4248 443 4306 in
456 4249 510 4304 eis.

106 4319 194 4376 Vana
208 4329 277 4376 sunt
291 4337 390 4395 opera,
406 4323 436 4376 et
449 4319 511 4375 risu
526 4316 626 4391 digna,

147 4392 178 4446 in
193 4395 326 4464 tempore
339 4389 515 4449 visitationis
530 4405 589 4445 suas
606 4387 751 4459 peribunt.

106 4462 175 4519 Non
190 4462 355 4549 elnathan,
371 4480 439 4538 pars
452 4460 544 4546 Jacob
562 4477 569 4517 ι

145 4550 280 4690 iiiiii
295 4536 738 4687 {ultusultusa,,

148 4676 292 4737 Dominus
305 4680 487 4736 exercituum
504 4691 611 4732 nomeu
624 4690 698 4747 eyus.

107 4747 233 4805 Collidis
247 4754 278 4807 tu
295 4750 368 4808 mihi
379 4767 451 4808 vasa
466 4747 545 4819 belli,

147 4824 176 4876 et
189 4836 242 4883 sao
256 4821 393 4881 collidam
410 4822 439 4877 io
454 4825 483 4877 te
497 4821 609 4891 gentes,

147 4896 177 4947 et
191 4892 238 4949 dis
260 4895 360 4952 erdem
376 4896 406 4951 in
421 4897 450 4949 ia
465 4907 556 4964 regns
571 4906 579 4944 τ

107 4964 146 5016 Bt
161 4910 297 5022 collidbm
313 4967 344 5024 in
355 4971 384 5022 ts
399 4979 508 5037 equum
524 4967 554 5020 et
568 4958 696 5033 equitem
709 4959 785 5033 eius,

147 5038 177 5089 st
191 5034 330 5094 collidam
346 5036 377 5094 in
390 5039 418 5094 te
431 5050 550 5092 currum
564 5037 594 5090 et
605 5047 793 5105 ascensorem
808 5030 883 5104 ejus.

106 5102 147 5159 Et
160 5105 300 5166 collidam
314 5108 346 5165 io
361 5113 389 5166 to
404 5107 500 5165 virum
516 5110 544 5162 et
558 5100 712 5161 mulierem
729 5118 736 5160 :

146 5181 175 5232 at
188 5177 325 5237 collidam
340 5179 370 5236 in
386 5185 415 5237 ie
427 5192 528 5235 senem
543 5182 572 5233 et
586 5189 723 5248 puerum,

147 5253 178 5304 st
193 5248 329 5310 collidam
344 5251 375 5309 in
388 5255 418 5309 te
430 5251 568 5322 juvenem
583 5251 612 5305 et
625 5246 781 5319 virginem,

147 5324 177 5375 et
191 5322 329 5381 collidam
345 5324 374 5381 in
390 5328 419 5382 to
434 5326 580 5394 pastorem
597 5323 625 5375 ei
639 5334 756 5404 gregem
773 5317 849 5403 ayne,

146 5396 175 5445 et
191 5392 326 5451 collidam
340 5397 369 5452 in
385 5398 413 5451 ie
428 5390 586 5467 agricolam
602 5394 631 5448 et
641 5389 759 5463 jugales
773 5405 847 5460 eyus.

106 5460 145 5517 Et
160 5462 298 5523 collidam
316 5468 346 5524 in
362 5472 390 5523 te
403 5467 492 5522 duces
507 5467 536 5519 et
550 5462 750 5535 magistratus.

106 5536 146 5588 Et
160 5536 280 5595 reddam
295 5537 479 5613 Babyloni,st
491 5532 605 5592 cunctis
620 5532 836 5590 habitatoribus
850 5534 937 5592 Chal-

150 5676 157 5687 .
185 5606 354 5677 daa,omne
365 5609 474 5667 maium
486 5619 573 5664 suum
586 5605 662 5677 qrrod
674 5605 805 5662 iecerunt
814 5603 845 5663 in
857 5606 937 5678 Sion,

148 5693 180 5733 vn
194 5681 291 5740 oeulis
305 5682 422 5754 vestris,
437 5680 479 5737 ait
495 5677 645 5737 Dominus.

1031 460 1060 512 st
1072 457 1203 515 evolvam
1220 463 1249 515 te
1263 461 1300 515 de
1315 459 1423 531 petris3

995 522 1031 581 Di
1044 528 1119 584 dsbo
1136 534 1164 585 ie
1180 532 1210 585 in
1225 538 1355 587 montem
1371 530 1584 587 combustionis
1601 546 1609 585 ε

1030 603 1058 655 ei
1073 617 1131 657 nou
1147 601 1253 659 tollent
1267 604 1302 659 do
1316 607 1344 658 te
1359 601 1487 675 lapidem
1498 602 1529 659 iu
1545 598 1821 675 angulum,et1api·
1902 630 1904 635 ·

1065 672 1131 728 dem
1147 672 1178 728 in
1194 673 1395 744 fundamenta,

1034 744 1084 798 sed
1101 744 1234 814 perditus
1250 745 1279 800 in
1295 750 1437 801 aternum
1452 743 1521 814 eris,
1538 744 1579 801 ait
1593 741 1746 801 Dominus.

994 818 1100 877 Lavste
1114 815 1233 888 signum
1248 816 1278 872 in
1294 821 1373 874 terra
1389 832 1397 872 :

1029 885 1153 957 clangite
1169 887 1294 945 buccina
1307 888 1338 944 in
1351 884 1499 961 gentihus,

1029 958 1208 1018 sanctificate
1221 976 1312 1032 super
1325 977 1402 1030 eam,
1417 961 1520 1032 gentes
1536 974 1544 1015 r

993 1030 1176 1157 ΔυυἎυυίὲιιο
1191 1038 1293 1089 contra
1306 1031 1400 1100 illam,
1417 1029 1536 1103 regibus
1551 1029 1663 1100 irarsi,
1680 1028 1818 1097 bienniet

1089 1117 1120 1157 sc
1142 1118 1235 1159 enea:

1028 1178 1182 1231 numerate
1197 1177 1300 1230 contra
1313 1189 1379 1230 eam
1395 1171 1540 1246 Taphsar,

1028 1245 1165 1326 adducite
1179 1261 1288 1318 equum
1303 1245 1389 1317 quasi
1404 1244 1552 1301 bruchum
1567 1241 1747 1302 aculeatum.

993 1314 1178 1372 Sanotrilcate
1193 1322 1295 1373 contra
1310 1333 1373 1373 sam
1389 1320 1503 1389 gentes,

1027 1402 1112 1513 reyes
1126 1388 1237 1471 Deoia,
1251 1390 1341 1446 duces
1353 1388 1429 1460 ejus,
1442 1390 1472 1445 et
1486 1385 1639 1445 universos
1659 1388 1818 1460 magistra·

1076 1475 1111 1515 us
1126 1475 1142 1514 e
1156 1476 1202 1528 us,

1027 1475 1224 1603 cunctaranue
1239 1536 1348 1588 terram
1363 1530 1519 1603 potestatis
1534 1530 1609 1602 ejus.

951 1600 1026 1682 BDt
1038 1603 1272 1659 commovebitur
1285 1607 1373 1669 terra,
1390 1607 1419 1658 et
1434 1601 1602 1659 turbabitur
1618 1617 1625 1658 :

1025 1671 1815 1760 quiaevigilabitcontraDabyionsmcogitatioDomini,

1025 1749 1163 1872 utopfm
1176 1750 1285 1803 terram
1301 1744 1456 1818 Babylonis
1470 1745 1617 1802 desertam
1632 1748 1661 1803 st
1670 1745 1817 1803 inhabita·

1081 1833 1089 1872 1
1103 1833 1160 1873 em.

988 1890 1184 1945 cassaverunt
1198 1888 1288 1945 sortes
1303 1887 1459 1960 Rabylonis
1474 1888 1491 1944 a
1505 1887 1616 1962 praelio,

1061 1959 1266 2017 habitaverunt
1277 1958 1307 2014 in
1323 1958 1467 2032 presidiis
1482 1976 1489 2017 :

988 2029 1165 2088 Devoratum
1177 2033 1224 2087 ast
1237 2030 1325 2087 robur
1341 2045 1454 2098 eorum,

1024 2106 1053 2158 et
1069 2101 1135 2158 iacti
1151 2106 1222 2159 suut
1256 2101 1319 2158 uasi
1333 2099 1482 2168 mulieres,

989 2176 1197 2258 iocenss'sunt
1211 2119 1402 2231 tabernacula
1416 2174 1491 2246 ejus,

1024 2250 1143 2302 contrita
1157 2249 1227 2303 aunt
1240 2250 1337 2302 vectes
1351 2245 1427 2315 ejus.

988 2317 1116 2374 Curreos
1130 2317 1246 2375 obviam
1261 2317 1391 2374 currenti
1403 2314 1500 2371 veniet
1514 2332 1522 2372 :

1024 2393 1053 2445 ei
1069 2389 1191 2446 nuntius
1206 2384 1310 2445 obvius
1327 2386 1475 2443 nuntianti
1492 2402 1499 2440 :

988 2465 1027 2517 Ut
1041 2460 1196 2517 annuntiet
1211 2458 1272 2532 regi
1285 2457 1453 2532 Rabylonis,

945 2594 947 2599 ,
1024 2533 1093 2603 quia
1105 2536 1190 2605 capia
1204 2536 1250 2588 est
1264 2530 1367 2587 civitas
1381 2530 1446 2602 ejus
1461 2544 1478 2584 a
1492 2542 1610 2584 summo

989 2603 1444 2756 adllalbihlliiilina„
1489 2742 1496 2753 ,

1025 2751 1054 2803 et
1069 2746 1192 2820 psiupes
1207 2761 1334 2802 recense
1349 2746 1420 2800 sunt
1437 2758 1508 2815 agor,

1025 2823 1054 2874 et
1067 2818 1121 2876 viri
1137 2816 1294 2874 bellatores
1309 2813 1474 2872 conturbati
1490 2814 1570 2868 suoi.

989 2891 1062 2955 Quia
1079 2891 1137 2945 bac
1152 2888 1223 2945 dicit
1237 2887 1380 2946 Dominus
1396 2882 1575 2942 exercituum
1590 2887 1669 2939 Deus
1683 2879 1785 2939 lsrael.

991 2960 1063 3019 Filia
1078 2959 1234 3034 Babylonis
1250 2958 1337 3032 quasi
1351 2974 1429 3023 area,
1445 2960 1562 3029 tempus
1577 2954 1689 3010 tritura
1704 2950 1788 3025 eles:

990 3106 1011 3164 C
1026 3033 1123 3161 adhdw
1135 3032 1327 3098 modicum,et
1336 3029 1432 3087 veniet
1441 3030 1559 3101 tempus
1571 3025 1727 3082 messionis
1737 3024 1812 3097 ejus.

1012 3122 1077 3162 ome
1100 3106 1123 3161 it
1139 3121 1194 3171 me,

1026 3176 1174 3233 devoravit
1188 3191 1235 3231 me
1248 3172 1519 3232 Nabuchodonosor
1532 3185 1582 3227 rex
1595 3164 1753 3242 Babylonia
1766 3184 1774 3225 ε

989 3249 1129 3305 Reddidit
1143 3263 1190 3304 mo
1205 3247 1291 3319 quasi
1305 3262 1358 3302 vas
1371 3244 1470 3315 inane,

1026 3321 1179 3377 absorbuit
1190 3335 1236 3375 me
1251 3318 1336 3390 quasi
1352 3317 1458 3383 uraca,

990 3392 1123 3466 Replavit
1136 3394 1267 3448 ventrem
1284 3406 1373 3446 suum
1389 3382 1586 3445 teneritudine
1601 3400 1676 3451 mea,

1025 3470 1054 3520 ei
1064 3463 1150 3546 ejecit
1164 3479 1222 3520 me.

990 3536 1136 3609 Iniquitas
1149 3534 1304 3591 adversum
1321 3547 1379 3595 me,

1026 3614 1056 3664 et
1070 3623 1137 3690 caro
1153 3621 1219 3662 mea
1231 3620 1319 3676 super
1334 3599 1525 3673 Babylonem,
1539 3596 1609 3654 dicii
1623 3594 1765 3653 hahitatio

990 3753 1024 3805 Et
1035 3684 1157 3821 saffira
1171 3762 1256 3802 meus
1271 3759 1360 3816 super
1373 3740 1552 3798 habitatores
1567 3736 1706 3795 cnaidaa
1720 3753 1727 3792 :

1026 3821 1098 3877 dicit
1111 3816 1285 3876 Jerusalem.

991 3892 1148 3963 Propterea
1163 3890 1223 3945 hac
1239 3885 1311 3945 dicit
1327 3883 1469 3940 Dominus
1486 3898 1493 3939 :
1635 3947 1642 3963 ·

990 3965 1063 4021 Doce
1078 3979 1132 4035 ego
1142 3961 1283 4033 judicabo
1296 3973 1417 4014 eausam
1433 3960 1526 4025 tuam,
1541 3955 1571 4009 et
1585 3948 1711 4008 ulciscar
1727 3949 1813 4007 ultio·

1062 4038 1226 4091 nemiuem

1027 4111 1056 4164 et
1070 4107 1217 4162 desertum
1230 4076 1336 4158 'faciam
1353 4113 1435 4156 mare
1446 4096 1524 4170 ejus,

1027 4182 1056 4235 et
1070 4177 1186 4234 siccabo
1200 4189 1304 4231 venam
1318 4171 1393 4243 ejus.

992 4251 1028 4307 Di
1041 4250 1097 4306 erit
1111 4249 1239 4321 Babylon
1254 4245 1284 4301 in
1301 4240 1444 4308 tumulos,
1565 4308 1571 4320 Ι
1597 4307 1603 4320 .

1028 4318 1171 4379 habitatio
1185 4320 1359 4401 draconum,
1374 4319 1488 4385 stupor,
1503 4311 1533 4366 et
1547 4307 1666 4378 sibulus,
1679 4323 1713 4364 eo
1737 4307 1815 4379 quod

989 4390 1386 4538 sraui⁰iiiitliilitn
1484 4524 1490 4537 ,

1025 4534 1173 4592 excutient
1186 4548 1284 4590 comas
1299 4528 1388 4587 veluti
1403 4523 1490 4582 catulv
1508 4523 1637 4580 leonum.

990 4606 1022 4662 ln
1038 4605 1133 4663 calore
1147 4620 1249 4662 sorum
1264 4617 1371 4676 ponam
1386 4600 1474 4671 potus
1486 4611 1601 4664 eorum,
1659 4664 1666 4677 .

1026 4683 1056 4735 et
1070 4677 1220 4736 inebriabo
1234 4690 1295 4740 eos,
1310 4677 1342 4729 ui
1356 4668 1559 4744 sopiantur,et
1572 4666 1720 4722 dormiant
1735 4680 1814 4722 som·

1062 4749 1401 4826 numsempiternumh
1504 4806 1511 4822 ι

1026 4825 1055 4877 et
1069 4838 1128 4878 noo
1141 4821 1330 4890 consurgant,
1345 4814 1417 4871 dreit
1430 4814 1583 4892 Dominus.

991 4892 1139 4948 Deducsm
1154 4909 1204 4949 eos
1217 4887 1302 4960 quasi
1318 4900 1409 4959 agnos
1423 4882 1459 4939 ad
1475 4881 1627 4937 victimam

1026 4967 1055 5019 ot
1070 4964 1155 5037 quasi
1170 4963 1276 5019 arietes
1291 4975 1358 5016 oum
1373 4954 1476 5013 hodia.

991 5036 1142 5102 Quomodo
1156 5038 1243 5162 cagia
1256 5034 1301 5089 est
1313 5025 1434 5095 sesach
1521 5093 1528 5109 ⁸

1027 5112 1056 5163 et
1070 5121 1186 5178 compre
1210 5120 1281 5162 ensa
1296 5106 1342 5159 est
1355 5097 1464 5169 inclyta
1477 5109 1620 5153 universa
1635 5091 1739 5149 terrai

992 5175 1143 5242 Quomodo
1154 5178 1231 5235 iacis
1241 5162 1819 5243 estinstuporemBabyloniniergeatesi

991 5250 1132 5307 Ascendit
1145 5265 1235 5320 super
1246 5244 1423 5318 Babylonem
1439 5255 1531 5307 mare,

1027 5321 1219 5379 multitudine
1233 5320 1380 5376 ductuum
1394 5314 1459 5396 eyus
1473 5312 1575 5382 operta
1589 5309 1645 5364 esi.

993 5390 1085 5449 Factae
1100 5398 1171 5449 sunt
1184 5391 1318 5448 civitates
1333 5388 1397 5459 ejus
1411 5399 1442 5438 ru
1458 5385 1621 5452 stuporem,

1026 5469 1106 5521 terra
1119 5461 1322 5521 inhabitabilis
1335 5467 1361 5515 ei
1378 5457 1503 5518 deserta,

1027 5541 1105 5593 terra
1119 5534 1150 5592 in
1166 5552 1225 5607 qua
1237 5532 1336 5591 nullus
1351 5526 1472 5608 habitet,
1551 5592 1557 5604 ὓ
1583 5592 1589 5605 .

1028 5624 1081 5664 neo
1096 5611 1227 5664 transeat
1241 5621 1292 5677 per
1306 5616 1369 5659 eam
1385 5596 1462 5654 ivlius
1477 5592 1618 5650 hominus.

991 5672 1164 5737 nivisium
1179 5692 1268 5750 super
1282 5672 1330 5730 Del
1346 5671 1376 5726 iu
1392 5662 1546 5739 Babylone,
