3878 6150
72 246 75 251 ·
108 201 166 260 soll
634 206 663 259 S.
684 204 890 261 manubiali
908 204 1037 259 bivine
1055 203 1303 262 eienlo'rfluce.
1771 211 1826 269 Μ

144 329 216 396 Oula
229 328 310 387 videt
327 345 392 397 iios,
409 331 439 386 et
455 329 524 401 quis
538 328 620 385 novit
635 345 689 386 nos
706 328 720 385 i
953 331 981 400 Α
996 329 1141 396 Quoniam
1157 329 1270 398 subito,
1285 332 1423 390 dumnon
1433 338 1582 408 speratur,
1592 335 1693 395 veniet
1715 340 1825 395 contii·

149 402 288 459 Perverse
302 404 348 458 est
362 400 421 459 bec
435 406 532 458 vestra
548 400 703 473 cogitatio:
1067 401 1109 458 tio
1125 402 1200 471 ejus.

146 475 230 544 quasi
247 475 271 530 si
287 472 384 528 lutum
400 479 504 529 eontra
520 472 643 545 lignium
657 473 776 543 cogitet,
993 472 1029 528 lli
1044 474 1265 530 comminuetur
1277 474 1354 532 sicut
1364 476 1526 535 conteritur
1540 477 1646 553 lagena

147 554 177 602 et
191 548 270 601 dicat
284 562 358 617 opus
375 544 475 601 lectori
493 560 564 601 suo:
580 544 643 601 Non
672 544 765 600 fecisti
794 560 840 602 me
857 562 863 601 :
1029 544 1111 616 llgcli
1128 547 1303 604 contritione
1321 547 1466 620 pervalida

146 624 175 674 st
189 619 361 689 figmentum
377 618 456 673 dicat
470 617 563 675 lictori
579 633 651 685 suo;
667 616 729 672 Non
747 616 900 689 intelligis.
1028 622 1058 672 et
1069 633 1126 674 uon
1139 619 1304 675 invenietur
1316 626 1352 676 ile
1364 621 1537 694 fragmentis
1547 622 1613 696 ejus
1623 626 1715 693 testa,
1726 624 1756 680 in
1768 641 1822 699 qus

111 688 213 746 Nonne
229 689 327 745 adnuo
342 690 370 744 in
385 687 500 745 modico
517 695 544 746 el
560 689 589 745 in
602 689 681 747 brevi
697 695 882 746 convertetur
893 686 933 746 ul
1063 694 1198 761 portetur
1214 690 1362 764 igniculus
1379 693 1415 749 de
1429 692 1577 751 incendio.

144 762 240 818 banus
256 760 286 815 iu
312 760 459 825 Chermal,
1027 766 1079 816 aut
1096 761 1248 817 hauriatur
1264 780 1366 834 parum
1383 767 1513 893 assucds
1529 768 1623 824 lovea.

144 840 173 890 et
186 832 322 888 chermel
336 834 365 888 in
379 832 489 889 saltum
508 830 694 914 reputabitur
710 831 721 889 ἓ
992 830 1065 898 Quia
1081 831 1142 889 haec
1157 834 1229 889 dicit
1243 834 1386 892 Dominus
1427 853 1480 895 eus
1495 845 1619 896 sauctus
1637 838 1750 897 lsrael:

108 908 142 961 El
156 905 282 961 audient
296 906 326 959 in
342 905 389 962 die
406 905 456 961 illa
470 905 550 960 surdi
581 905 669 960 verba
695 903 775 971 libri,
990 904 1018 958 ei
1036 905 1223 961 revertamini
1238 911 1266 962 et
1278 909 1449 980 quiescatis,

142 976 385 1034 etdelenehrisel
400 977 526 1049 caligine
539 974 616 1031 oouli
632 974 932 1033 cecorumvidebunt.
1063 976 1136 1032 salvi
1151 979 1253 1034 eritis:

108 1049 145 1106 lit
159 1049 270 1106 addant
286 1048 373 1105 mites
388 1049 418 1104 in
436 1047 556 1104 bomine
572 1046 715 1116 letitiam,
991 1049 1024 1102 lii
1039 1045 1157 1105 silentio
1170 1055 1199 1105 et
1212 1049 1242 1105 in
1258 1066 1310 1122 spe

143 1127 172 1177 et
183 1136 328 1194 pauperes
338 1121 473 1178 homines
484 1121 513 1175 in
525 1126 627 1175 sancto
637 1118 932 1176 lsraelexsullabunt.
1026 1119 1080 1174 erit
1098 1120 1239 1176 tortitudo
1254 1127 1361 1180 rostra.

108 1193 250 1258 Quoniam
262 1191 368 1248 delenit
383 1196 433 1263 qui
470 1189 632 1257 roralebat,
990 1190 1025 1245 Et
1040 1189 1187 1261 noluistis,
1203 1201 1230 1247 el
1243 1193 1359 1250 dixistis

145 1269 369 1346 consummatus
384 1211 554 1328 estiflusor,
609 1335 614 1345 Ι
638 1333 643 1345 ⁸
989 1261 1191 1345 Nequaquam,
1204 1264 1254 1319 sed
1271 1266 1307 1321 sd
1322 1281 1414 1338 equos
1430 1264 1597 1339 fugiemus:

145 1343 173 1393 ot
186 1336 293 1393 succisi
319 1340 389 1393 sunt
404 1352 507 1393 omnes
522 1334 573 1408 qui
590 1334 750 1406 vigilabant
764 1351 854 1408 super
878 1334 933 1392 ini·
1064 1335 1130 1391 ideo
1147 1335 1276 1463 infiatis.

179 1410 322 1480 quitatem
335 1425 342 1464 :
990 1406 1026 1461 Et
1039 1422 1129 1479 super
1142 1423 1176 1463 ve
1190 1424 1255 1464 oces
1270 1409 1485 1466 ascendemus:

147 1483 198 1553 qni
214 1495 333 1552 peccare
344 1475 672 1536 iaciebanlhominesin
688 1478 788 1550 verbo,
1029 1478 1095 1535 ideo
1119 1479 1277 1537 velociores
1292 1479 1350 1554 (lt.
1378 1480 1506 1550 veloces)
1522 1484 1625 1552 eruut,
1640 1479 1694 1554 qui
1716 1497 1813 1555 perse-

144 1559 173 1608 ct
188 1557 359 1623 arguentem
374 1551 402 1606 in
420 1557 503 1623 porta
516 1549 757 1621 supplantabant,
1059 1555 1189 1622 quantur
1204 1568 1266 1608 vos.

143 1629 171 1680 et
190 1624 412 1681 declinaverunt
426 1623 536 1679 trustra
551 1623 672 1692 aiuslo.
986 1620 1065 1678 Mille
1089 1622 1252 1681 hominess
1268 1622 1340 1680 lacis
1351 1623 1473 1680 terroris
1489 1624 1590 1693 unius,
1604 1634 1633 1681 et
1646 1641 1664 1681 a
1676 1624 1752 1682 l'aoie
1762 1628 1817 1682 ter-

107 1696 229 1769 Propter
245 1696 309 1762 hoc,
322 1694 383 1752 baec
399 1694 470 1752 dicit
483 1695 627 1751 Dominus
642 1694 677 1750 sd
695 1693 817 1750 domum
831 1694 930 1763 Jacob,
947 1707 972 1775 Β
1059 1693 1135 1750 roris
1148 1695 1277 1767 quinque
1292 1696 1422 1779 fugietis,

143 1771 195 1842 qui
211 1766 336 1824 redemit
347 1767 515 1835 Abraham3
1024 1765 1116 1821 donec
1133 1768 1342 1840 relinquamini
1352 1766 1438 1840 quasi
1451 1766 1548 1825 malua
1563 1767 1650 1825 nasis
1666 1767 1697 1825 in
1711 1768 1814 1825 vertice

109 1840 171 1898 Non
189 1841 275 1896 modo
290 1842 489 1896 oonl'undetur
502 1836 605 1906 laceb,
1061 1839 1181 1901 montis,

145 1929 198 1969 noc
214 1913 300 1969 modo
315 1911 414 1968 rullus
429 1914 493 1981 ejus
509 1910 681 1966 erubescet:
1024 1913 1053 1964 et
1063 1910 1148 1981 quasi
1165 1910 1284 1983 signum
1298 1926 1388 1982 super
1401 1909 1518 1967 collem.

146 1986 196 2042 sed
212 2000 279 2040 cum
293 1983 401 2039 viderit
416 1985 492 2039 lilios
502 1998 583 2048 suos,
596 1995 684 2050 opera
697 1996 838 2038 mannum
857 1998 933 2038 mea·
989 1984 1145 2052 Propterea
1154 1983 1502 2055 exspectatliominus.ut
1523 1981 1700 2040 misereatur
1713 1981 1806 2041 vestri:

181 2072 257 2122 rum,
269 2056 297 2111 in
309 2056 406 2111 medio
417 2056 464 2112 sui
476 2054 695 2111 sanotilloantes
708 2069 814 2109 nomen
824 2071 934 2126 meum,
1024 2059 1053 2108 et
1066 2052 1133 2109 ideo
1147 2055 1326 2111 exaltabitur
1342 2071 1465 2127 parcens
1484 2054 1586 2111 vohis:

50 2158 53 2163 «
143 2132 171 2183 et
187 2128 416 2183 sanclillcabunl
432 2133 569 2183 sanetum
585 2123 690 2194 Jacob,
1025 2126 1095 2196 quia
1110 2126 1187 2181 Dens
1199 2125 1300 2197 judicii
1313 2126 1476 2183 Dominus:

146 2204 175 2255 et
188 2204 282 2255 Deum
300 2198 388 2255 lsraol
406 2198 607 2271 predicabant
620 2211 627 2263 ;
1025 2197 1101 2252 beati
1117 2213 1232 2265 omnes,
1244 2199 1295 2269 qui
1310 2204 1479 2270 exspectant
1489 2213 1567 2253 eum.

112 2275 150 2328 Et
164 2272 259 2327 soient
273 2277 405 2326 errantes
420 2287 434 2327 s
458 2271 526 2325 iritu
543 2266 736 2338 intellectum,
989 2267 1118 2340 Populus
1130 2273 1209 2325 enim
1224 2269 1293 2326 Sion
1308 2268 1454 2326 habitabit
1465 2269 1496 2325 in
1506 2267 1686 2335 Jerusalem,

146 2348 175 2398 et
191 2359 257 2398 mus
273 2342 411 2399 allatores
448 2343 541 2398 iacent
563 2340 668 2413 legem.
1025 2340 1145 2412 plorans
1162 2358 1349 2415 nequaquam
1364 2341 1507 2415 plorabis,

113 2414 196 2487 (Gap.
212 2414 300 2485 XXX)
315 2418 374 2485 l’e,
391 2414 443 2469 filii
459 2414 634 2481 desertores,
651 2407 722 2464 dicit
737 2409 890 2483 Dominus,
1025 2413 1172 2469 miserans
1189 2413 1380 2470 miserebitur
1393 2415 1457 2469 tui:

147 2493 180 2543 ut
195 2485 329 2543 laceretis
345 2485 515 2554 consilium,
531 2489 560 2541 et
575 2499 634 2540 non
649 2496 682 2537 ei
700 2496 768 2564 me:
1025 2484 1061 2541 ad
1078 2500 1177 2540 vocem
1215 2485 1355 2543 clamoris
1374 2485 1417 2542 tui
1443 2483 1544 2541 statim
1561 2481 1746 2549 obaudierit,
1768 2497 1803 2539 re·

146 2564 174 2615 et
183 2556 356 2615 ordiremini
371 2556 471 2622 telam,
483 2562 512 2613 el
523 2572 580 2612 riou
601 2559 803 2628 perspiritum
824 2573 934 2629 meum,
1060 2572 1074 2611 a
1098 2556 1216 2612 undabit
1233 2557 1296 2613 tibi.

145 2635 178 2686 ut
190 2630 347 2758 affidaretur
360 2629 414 2701 (Al.
431 2628 588 2701 adderetis)
602 2631 752 2701 peccalum
767 2644 857 2702 super
871 2646 936 2704 pec·
989 2631 1026 2685 ut
1041 2572 1124 2754 dabit
1151 2628 1234 2685 vohis
1249 2629 1392 2686 Dominus
1408 2642 1514 2700 panem
1527 2629 1654 2698 arctum,
1670 2630 1699 2683 et
1712 2639 1802 2698 aquam

181 2718 297 2758 caum:
1083 2715 1205 2755 renem:

121 2810 131 2831 .
146 2773 197 2847 qui
210 2772 380 2840 ambulatis,
394 2777 427 2829 ut
441 2770 628 2829 descendatis
644 2770 672 2827 in
689 2769 863 2847 AEgyplum,
1026 2778 1054 2827 el
1068 2787 1125 2827 non
1154 2772 1241 2828 laoiet
1264 2770 1381 2829 avolare
1411 2771 1456 2843 (At
1471 2769 1585 2827 additur
1600 2786 1617 2826 a
1631 2772 1661 2826 te
1673 2768 1750 2826 ultra
1761 2767 1800 2824 do·

144 2853 173 2903 et
185 2863 217 2905 us
233 2862 332 2903 meum
349 2861 405 2901 iion
417 2843 631 2916 interrogastis,
1061 2848 1170 2899 ctorem
1186 2849 1272 2899 tuum

117 2918 276 2991 Sperantcs
290 2915 430 2973 auxilium
443 2917 473 2972 in
489 2914 658 2974 tortitudine
672 2918 847 2987 Pharaonis,
990 2914 1025 2970 lli
1039 2920 1126 2970 eruat
1141 2914 1218 2970 oonli
1232 2915 1275 2970 tui
1287 2915 1422 2970 videntes
1438 2917 1646 2987 preceptorem
1662 2915 1757 2968 tuum.

146 2996 176 3046 el
191 2989 336 3047 habentes
352 2988 488 3044 liducinm
506 2988 652 3045 inumbra
667 2990 793 3064 AEgypti.
990 2986 1026 3043 lli
1041 3002 1128 3043 aures
1139 2991 1195 3042 tusa
1210 2987 1331 3044 audiont
1347 2989 1468 3043 verbum
1479 2991 1546 3059 post
1561 2991 1677 3058 tergum
1694 2997 1798 3041 monen-

111 3066 145 3117 iit
156 3061 211 3118 erit
227 3061 313 3117 nobis
330 3061 470 3117 tortitudo
494 3059 657 3117 Pharaonis
673 3062 701 3118 in
721 3059 974 3148 contusionem,c
1065 3057 1126 3114 tis:

109 3138 139 3189 et
153 3133 262 3189 fiducia
278 3133 388 3189 umbre
403 3132 519 3204 AEgypli
540 3132 568 3186 in
584 3132 789 3204 ignominiam.
993 3134 1061 3187 fler
1075 3129 1132 3199 via,
1148 3126 1296 3186 ambulate
1311 3129 1340 3185 in
1356 3144 1409 3186 ea:

146 3205 237 3260 Erant
251 3205 305 3276 (ill.
320 3205 418 3275 crunt)
433 3205 512 3260 euim
529 3203 558 3258 in
574 3205 662 3260 'lanis
678 3206 826 3278 principes
841 3205 884 3262 tui
1030 3206 1059 3258 et
1075 3217 1132 3258 non
1148 3200 1303 3258 declinetis
1317 3201 1370 3272 (it.
1386 3203 1460 3258 tacet
1471 3203 1499 3256 et
1515 3215 1573 3256 uun
1589 3195 1755 3271 declinetis)
1765 3210 1801 3253 ne·

147 3281 177 3331 ot
192 3277 286 3333 nuntii
303 3276 346 3331 tui
364 3292 458 3348 usque
471 3277 506 3332 ad
522 3277 599 3331 lines
617 3282 820 3348 pervenerunt.
1067 3289 1124 3347 qus
1139 3275 1175 3329 ad
1192 3274 1352 3343 dexteram,
1368 3288 1464 3345 nsque
1479 3272 1515 3328 ad
1531 3270 1699 3327 sinistram.
1788 3335 1792 3346 Ι

111 3346 222 3405 Omnes
237 3347 353 3404 contusi
370 3353 440 3403 sunt
455 3364 545 3420 super
560 3347 679 3419 populo,
995 3345 1032 3402 Et
1046 3344 1262 3403 contaminabis
1291 3344 1418 3402 laminas
1433 3342 1618 3415 sculptilium
1639 3339 1752 3416 argenti
1762 3342 1801 3406 tni,

148 3419 199 3491 qui
215 3419 257 3476 eis
269 3421 408 3492 prodesse
424 3435 483 3475 non
499 3418 593 3491 potuit
605 3418 659 3491 (ll.
672 3421 808 3493 poteritl:
1031 3421 1059 3473 cl
1074 3415 1282 3473 vestimentum
1299 3416 1457 3474 conflatilis
1472 3416 1535 3471 auri
1552 3415 1607 3480 tui,

112 3490 176 3548 Non
192 3491 311 3548 luerunt
325 3491 355 3546 ia
367 3490 521 3556 auxilium,
536 3498 565 3546 ol
580 3490 610 3546 in
626 3492 756 3563 aliquam
769 3491 938 3560 utilitatem,
1031 3493 1060 3545 et
1074 3490 1226 3561 disperges
1239 3506 1274 3545 es
1288 3490 1366 3545 sicut
1380 3487 1600 3544 immunditiam
1617 3485 1799 3543 menstruata.

146 3563 197 3620 aod
212 3565 241 3620 in
258 3562 463 3620 contusionem
479 3566 508 3617 et
522 3562 551 3617 in
569 3564 778 3635 opprobrium.
1030 3562 1184 3632 Egredere,
1200 3561 1281 3617 dicos
1296 3562 1341 3618 ei:

257 3676 351 3737 ONUS
364 3675 612 3735 JUMENTORUM
627 3675 760 3737 AUSTRI
995 3633 1030 3690 Et
1044 3631 1269 3759 dabitnur¹plnvia
1284 3631 1388 3690 semini
1399 3635 1462 3703 tuo,
1473 3629 1644 3702 ubicunque
1655 3627 1799 3686 seminale·

765 3721 772 3735 ·
1066 3721 1151 3760 risio
1173 3720 1259 3761 erra:

107 3781 141 3833 ln
165 3780 244 3832 terra
258 3773 461 3831 tribulationie
476 3780 505 3830 et
535 3775 680 3847 angustia
697 3775 799 3847 leena,
814 3780 844 3835 ot
873 3776 938 3839 leot
1030 3780 1060 3833 et
1074 3777 1159 3849 panis
1171 3777 1289 3848 lrugum
1301 3781 1383 3832 tarro
1396 3775 1452 3831 erit
1462 3773 1642 3840 uberrimus,
1654 3767 1803 3846 etpinguii·

146 3865 181 3905 ex
196 3847 239 3904 eis
254 3846 364 3919 vipera.
382 3853 411 3902 el
423 3845 543 3919 regulus
559 3846 671 3918 volans,
994 3854 1134 3906 Pssoetur
1157 3847 1187 3904 in
1204 3847 1392 3921 possessione
1406 3852 1460 3903 tua
1474 3847 1503 3902 in
1514 3844 1563 3902 die
1576 3843 1630 3901 ilia
1644 3861 1743 3919 agnus
1755 3854 1804 3915 spi·

111 3924 265 3978 Portantes
274 3918 716 3991 superhumerosjuinontorum
728 3919 846 3977 divilias
856 3937 936 3988 suae,
1065 3919 1139 3975 tioee
1152 3937 1158 3975 :

148 3996 179 4049 at
193 4008 284 4063 super
300 3991 422 4064 gibbum
445 3989 625 4048 camelorum
642 3990 797 4050 thesauros
808 4011 888 4065 suos,
900 3995 937 4051 ad
1030 3994 1058 4047 at
1069 3992 1146 4046 tauri
1158 3991 1212 4058 tui,
1224 3996 1253 4047 et
1268 3989 1339 4064 pulli
1349 3989 1513 4056 asinorum,
1529 3988 1581 4061 qul
1591 3988 1804 4059 operantnrtei·

183 4064 338 4135 populum,
354 4062 463 4134 quieis
478 4064 616 4133 prodesse
633 4079 689 4120 nou
709 4065 824 4133 initerit.
1065 4079 1139 4128 ram,
1156 4062 1348 4119 commixtum
1361 4062 1472 4134 migma
1486 4060 1642 4117 comedent

111 4135 256 4220 AEgyptus
271 4136 350 4191 enim
367 4135 476 4190 trustra
489 4139 518 4191 et
531 4151 604 4191 vane
618 4136 824 4193 auxiliabitur:
1029 4134 1107 4192 siout
1120 4133 1150 4190 in
1166 4151 1235 4191 area
1250 4133 1422 4191 ventilatum
1438 4137 1494 4189 est.

183 4207 250 4264 ideo
265 4205 388 4263 clamavi
404 4223 494 4279 super
508 4206 563 4263 hoc
995 4207 1125 4264 llterunt
1138 4223 1228 4279 super
1242 4223 1357 4263 omnem
1370 4211 1499 4262 montem
1515 4201 1678 4267 excelsum,
1688 4206 1719 4258 et
1734 4212 1806 4274 super

111 4278 256 4350 Superbia
270 4282 386 4336 tontum
401 4283 456 4349 est,
472 4279 601 4351 quiesce.
1064 4294 1181 4335 omnem
1197 4278 1301 4336 collem
1313 4277 1456 4335 clevatum
1468 4275 1521 4331 rivi
1532 4275 1717 4332 currentium
1729 4287 1807 4347 aqua·

3 4396 6 4401 .
111 4350 196 4408 Nunc
210 4349 363 4424 ingressus
378 4350 474 4406 scribe
488 4352 531 4406 eis
546 4364 636 4421 super
651 4349 775 4420 buxum,
1065 4366 1143 4417 rum,

148 4423 178 4479 in
194 4422 437 4495 librodiligenter
450 4437 537 4478 exara
552 4422 636 4484 illud,
950 4426 973 4491 Ι)
1025 4422 1054 4478 iu
1071 4422 1117 4478 die
1145 4419 1361 4478 interiectionis
1376 4419 1549 4489 multorum,
1565 4434 1635 4474 cum
1661 4414 1807 4475 ceciderint

110 4495 147 4551 lli
160 4494 216 4551 erit
231 4496 259 4550 iii
275 4495 323 4550 die
333 4494 494 4550 novissimo
509 4494 538 4549 in
555 4493 770 4564 testimonium,
1063 4499 1172 4550 turres.

147 4572 285 4638 eiusque
301 4567 330 4623 in
345 4571 496 4623 eternum.
992 4565 1026 4622 lli
1039 4565 1095 4621 erit
1109 4564 1158 4620 lux
1172 4563 1249 4620 lune
1262 4564 1339 4620 siout
1354 4559 1496 4630 luxsoiis,

113 4637 244 4710 Populus
258 4639 336 4695 enim
354 4638 389 4694 ad
406 4636 589 4693 iracundiam
607 4652 767 4708 provocans
779 4641 836 4707 est,
1027 4642 1056 4694 et
1071 4636 1121 4692 lux
1135 4637 1207 4693 solis
1228 4637 1284 4692 erit
1298 4633 1528 4708 septempliciter
1543 4632 1624 4689 sicut
1636 4632 1693 4689 lux
1707 4634 1808 4706 septem

149 4716 179 4768 et
193 4709 245 4765 filii
261 4711 430 4776 mendaces,
444 4709 493 4766 lilii
511 4709 643 4765 nolentes
654 4709 757 4766 audire
769 4709 862 4782 legem
874 4710 937 4767 Dei.
1064 4708 1191 4774 dierum,
1789 4769 1796 4784 .

114 4782 169 4850 Qui
185 4781 485 4838 dicuntridentibus:
501 4780 597 4838 Nolite
608 4779 719 4852 videre,
1029 4778 1058 4835 in
1075 4780 1192 4852 dieque
1200 4777 1363 4852 alligaverit
1374 4774 1518 4833 Dominus
1528 4774 1638 4833 vulnus
1649 4775 1750 4849 populi
1758 4786 1805 4838 aar,

149 4858 179 4912 et
206 4853 419 4924 aspicientibus
444 4852 539 4912 Nolite
554 4852 685 4926 aspicere
701 4852 785 4910 nobis
814 4868 848 4911 aa
873 4869 939 4926 que
1029 4857 1057 4908 et
1072 4868 1278 4923 percussuram
1295 4849 1386 4924 plage
1402 4850 1466 4921 ejus
1481 4847 1639 4904 sanaverit.

186 4931 265 4983 recta
279 4929 367 4981 aunt:
992 4927 1065 4980 Eoos
1081 4940 1185 4981 nomen
1202 4922 1317 4980 Domini
1332 4921 1412 4979 venit
1427 4921 1462 4977 de
1474 4918 1651 4995 longinquo,

112 4996 279 5080 Loquimini
293 4996 378 5053 nobis
389 4992 548 5067 placentia,
1028 4995 1135 5052 srdsus
1151 4997 1230 5052 turoi·
1243 4995 1317 5065 ojus,
1333 4999 1363 5051 ot
1376 4991 1474 5077 gravis
1489 4993 1524 5048 ad
1541 4990 1743 5062 portandum:

147 5068 243 5126 videte
254 5068 339 5125 nobis
352 5082 475 5125 errores.
993 5066 1084 5125 Labie
1096 5068 1161 5138 ejns
1176 5065 1285 5138 repleta
1298 5071 1369 5122 sunt
1383 5062 1597 5138 indignatione,

114 5139 233 5199 solerte
248 5157 265 5196 a
279 5155 326 5197 uie
340 5139 429 5204 iiiam,
1030 5144 1058 5195 et
1068 5137 1170 5211 lingua
1184 5139 1248 5211 ejus
1262 5138 1347 5212 quasi
1364 5137 1442 5210 ignis
1456 5136 1613 5192 devorans.

148 5211 323 5269 declinatas
338 5229 385 5269 ine
400 5209 549 5278 semitam,
994 5209 1104 5283 Spiritu
1120 5212 1185 5281 eiua
1207 5209 1286 5267 velut
1300 5217 1416 5267 torrens
1430 5206 1581 5264 inundans
1597 5205 1744 5279 usquead
1758 5214 1808 5260 me·

148 5290 243 5342 cesset
258 5285 360 5342 alacie
375 5288 476 5340 nostra
491 5285 611 5336 sanctus
626 5280 729 5339 lsrael.
1065 5282 1148 5339 dium
1175 5281 1255 5346 colli,
1270 5282 1306 5337 ad
1322 5280 1489 5355 perdendas
1515 5282 1619 5352 gentes
1634 5279 1665 5335 iii
1691 5276 1806 5336 nihilum

114 5357 272 5430 Propterea
287 5357 347 5413 heo
362 5354 433 5413 dicit
447 5358 568 5411 sanetus
581 5353 690 5410 lsrael:
1067 5355 1119 5426 (At.
1136 5370 1188 5426 pro
1203 5353 1298 5424 nihil),

113 5433 170 5487 Pro
185 5447 219 5487 eo
235 5430 312 5503 quod
330 5427 510 5502 reprobastis
524 5426 644 5481 verbum
661 5424 728 5491 hoc,
1032 5429 1060 5482 et
1084 5426 1200 5483 lienum
1226 5424 1346 5493 erroris,
1362 5424 1440 5498 quod
1455 5426 1520 5481 erat
1532 5422 1563 5479 in
1579 5418 1713 5480 maxillis
1727 5432 1809 5496 pope·

148 5506 178 5559 el
192 5502 334 5574 sperastis
347 5496 538 5557 incolumnia
553 5502 582 5553 ot
596 5495 738 5564 tumultu,
1069 5494 1177 5553 lorum.

149 5579 177 5629 ct
187 5574 281 5629 innixi
298 5572 373 5629 ostis
389 5586 480 5643 super
494 5585 548 5634 eo:
995 5570 1149 5627 Canticum
1177 5566 1231 5625 erit
1246 5568 1330 5625 vobis
1345 5567 1422 5625 siout
1437 5580 1491 5623 noa
1506 5564 1699 5624 sanctificato
1712 5562 1808 5624 solam·

114 5642 274 5717 Propterea
288 5644 343 5701 erit
351 5643 434 5701 vobis
449 5640 591 5714 iniquitas
606 5638 668 5696 haec
683 5640 942 5714 sioutinterruptio
1068 5641 1179 5708 nitatis,
1554 5707 1560 5722 ⁸

179 5716 303 5781 cadens,
1031 5715 1061 5767 st
1074 5712 1173 5769 latitia
1190 5711 1287 5769 cordis
1297 5710 1375 5769 siout
1390 5709 1440 5783 qui
1456 5724 1524 5766 cuin
1539 5707 1623 5777 libia,

131 5789 163 5841 et
177 5787 331 5860 requisita
346 5787 379 5848 i'ii
394 5803 484 5848 muro
499 5783 637 5847 excelso:
1032 5785 1169 5843 allatret
1183 5785 1214 5842 ln
1229 5787 1359 5842 montem
1374 5780 1492 5841 Domini
1506 5779 1544 5840 ad
1559 5778 1668 5841 tortam
1683 5774 1776 5841 lereti-
