3878 6150
10 5684 30 5880 l

68 304 126 363 m
717 309 826 366 smus
843 307 1130 367 DDDTBRONOMII.
1724 311 1778 369 478

65 435 174 505 tns,tu
189 436 220 489 et
232 431 313 489 illins
325 436 405 500 tuus,
416 437 446 490 et
461 431 533 505 filia,
544 437 573 490 et
586 450 689 491 serres
703 437 786 502 tuus,
798 438 828 490 et
843 450 897 490 an·
911 435 939 503 A
954 434 1141 507 sanguinem,
1152 452 1273 493 censam
1283 440 1311 492 et
1321 452 1452 502 causam,
1463 437 1577 510 lepram
1590 441 1619 494 et
1633 437 1746 510 lepram
1757 435 1780 474 ¹'

67 520 150 580 cille.
167 521 280 578 terim
295 538 412 595 quoque
437 527 467 579 et
487 523 608 592 advena,
620 528 649 579 et
664 523 795 597 pupillus
810 539 843 580 sc
857 523 900 580 vi·
953 530 983 579 et
989 525 1135 594 judicium
1145 524 1224 581 intra
1235 530 1334 597 portas
1349 530 1415 582 tuns
1429 525 1537 581 videris
1553 526 1641 582 verba
1652 526 1777 584 variari:

69 612 143 681 dua,
155 610 205 682 qui
220 610 299 668 intre
310 616 409 684 portes
424 616 493 668 tues
508 615 589 669 sunt.
600 617 716 686 Septem
730 613 835 669 diebus
844 618 901 669 Do·
954 627 1053 684 surge,
1063 617 1093 668 et
1103 614 1228 670 ascende
1239 615 1275 670 sd
1286 612 1486 687 locum,quem
1497 615 1618 686 elegerit
1631 616 1776 673 Dominus

70 701 156 757 mino
167 699 227 756 Deo
241 704 291 758 tuo
306 700 382 757 toste
396 700 570 773 celebrabis,
587 700 616 756 in
643 700 706 758 loco
731 718 819 775 quem
842 700 901 759 els·
954 701 1032 758 Deus
1048 706 1127 758 tuus.
1141 701 1305 774 veniesque
1319 704 1355 760 sd
1371 704 1538 760 sacerdotes
1554 704 1672 760 Levitici
1688 721 1775 777 gene·

69 789 149 863 gerit
173 789 341 847 Dominus:
363 790 574 863 benedicetque
588 790 641 847 tibi
656 791 799 847 Dominus
826 796 901 849 Deus
954 790 1005 858 ris,
1017 795 1046 847 et
1055 791 1230 863 adjudicern
1242 791 1293 865 qui
1305 792 1392 848 luerit
1411 794 1441 848 in
1459 793 1510 850 illo
1530 797 1679 867 tempore:
1696 810 1777 866 quae·

66 882 142 937 tuus
152 878 183 934 in
193 879 309 936 cunctis
319 878 454 952 frugibus
468 878 541 946 tuis,
552 883 582 935 et
596 879 626 935 in
641 879 722 936 omni
735 897 822 953 opere
838 897 900 937 ms·
953 894 1058 951 resque
1072 879 1171 946 abeis,
1187 879 1238 951 qui
1254 880 1428 937 indicabunt
1439 881 1602 953 tibijudicii
1613 882 1773 939 veritatem.

68 983 166 1025 nsum
189 973 318 1038 tuarum,
335 968 452 1040 erisque
476 967 506 1023 in
529 967 641 1025 letitia.
655 968 763 1026 Tribus
787 970 900 1027 vicibus
952 968 987 1023 Dt
1002 967 1091 1024 iacies
1102 969 1301 1041 quodcunque
1324 970 1452 1025 dixerint
1478 971 1528 1042 qui
1557 976 1686 1043 presunt
1712 970 1776 1028 loeo

68 1056 898 1131 perannumapparebitomnomsseulinumtuum[Vutq.
952 1073 1039 1128 quem
1069 1057 1189 1130 elegerit
1217 1059 1369 1125 Dominus,
1395 1063 1424 1115 et
1446 1059 1600 1116 docuerint
1624 1067 1661 1117 ts.
1686 1059 1776 1116 Juxta

67 1146 241 1216 tactuum]
265 1146 295 1202 in
319 1149 478 1219 conspectu
500 1146 615 1203 Domini
637 1146 688 1204 Dei
713 1146 767 1214 tui,
783 1149 812 1203 in
835 1148 899 1206 loco
951 1144 1044 1218 legem
1060 1148 1125 1218 ejus
1140 1148 1273 1219 sequeris
1289 1148 1464 1204 sententiam
1479 1165 1591 1205 eorum.
1606 1149 1665 1205 Nec
1684 1148 1775 1205 dccli·

67 1235 312 1309 quemelegerit:
328 1235 358 1291 in
372 1234 562 1292 solemnitate
571 1252 752 1309 azymorum,
763 1242 792 1293 et
806 1237 837 1293 in
849 1254 899 1295 so·
952 1235 1036 1291 nabis
1048 1236 1244 1293 addentersm
1261 1237 1401 1308 nequead
1412 1237 1575 1293 sinistram·
1593 1238 1634 1309 [o.
1652 1237 1773 1306 LXXlV,

66 1322 899 1396 lemnitstehebdomadarum,etinsolemnitatetaberna·
951 1322 981 1379 C.
999 1323 1223 1391 stimulent
1247 1332 1345 1381 autom
1369 1326 1556 1398 superbierit,
1579 1324 1682 1384 nolens
1706 1328 1774 1383 obe·

64 1411 213 1469 culorum.
225 1413 268 1487 [Β.
281 1410 485 1478 struthion
496 1412 652 1485 apparebit
661 1417 728 1469 ante
738 1414 897 1471 Dominum
942 1412 1014 1493 ‘dire
1029 1413 1189 1470 sacerdotis
1204 1414 1326 1486 imperio
1348 1414 1399 1487 qui
1422 1431 1455 1471 eo
1482 1421 1612 1488 tompore
1627 1415 1775 1472 ministrat

65 1501 262 1558 secunsbed
288 1502 390 1559 alteret
414 1501 800 1575 unusquisquesecundum
818 1504 895 1575 quod
952 1501 1073 1558 Domino
1103 1503 1159 1558 Deo
1187 1507 1249 1571 tuo,
1274 1509 1303 1559 et
1330 1503 1446 1559 decreto
1464 1504 1577 1576 judicis
1600 1504 1637 1578 [h.
1661 1504 1773 1576 judicil,

64 1589 296 1662 habueritjuxte
307 1590 544 1647 benedictionem
558 1590 672 1646 Domini
682 1591 733 1648 Dei
746 1594 896 1664 sui,quam
951 1590 1093 1648 morietur
1107 1592 1195 1649 bomo
1211 1591 1268 1661 ille,
1285 1596 1314 1649 et
1328 1594 1443 1650 auteres
1466 1593 1575 1650 malum
1599 1596 1636 1651 de
1660 1594 1747 1651 lsrael
1765 1612 1773 1654 :

64 1679 181 1737 dederit
204 1678 241 1737 ei.
256 1679 299 1752 [B.
314 1678 416 1748 LXIX,
433 1679 463 1736 G.
480 1678 614 1755 LXXIV.]
636 1680 758 1737 ludices
781 1685 810 1737 et
835 1698 896 1737 ma·
949 1681 1398 1754 cunctusquepopulussudiens
1409 1683 1680 1752 timebit,utnullus
1691 1684 1773 1739 dein-

63 1770 176 1843 gistros
188 1769 352 1825 constitues
363 1769 392 1824 in
406 1767 545 1824 omnibus
560 1771 651 1840 portis
668 1769 736 1837 tuis,
752 1785 827 1843 quas
838 1770 894 1826 Do·
909 1794 934 1861 B
951 1785 1019 1840 ceps
1048 1771 1224 1825 intumescat
1252 1769 1398 1841 superbia.
1416 1771 1456 1843 [Β.
1474 1770 1578 1827 LXXV.
1594 1772 1624 1828 C.
1640 1770 1771 1844 lxxix]

63 1857 164 1914 minus
179 1860 258 1913 Deus
272 1860 342 1915 tuus
358 1856 471 1914 dederit
488 1856 553 1928 tibi,
568 1874 621 1930 per
643 1857 777 1931 singulas
801 1859 895 1916 tribus
950 1857 1022 1914 Cum
1038 1858 1191 1930 ingressus
1207 1859 1297 1915 lueris
1313 1865 1420 1916 terrum
1437 1876 1525 1931 quam
1537 1860 1679 1917 Dominus
1697 1861 1772 1916 Deus

63 1950 141 2017 tuse,
158 1950 192 2002 ut
212 1944 350 2017 judicent
368 1945 511 2018 populum
534 1945 617 2017 justo
637 1946 762 2017 judicio,
787 1963 840 2004 neo
864 1947 893 2003 in
949 1949 1019 2002 tuus
1031 1946 1218 2018 dabittibi‚et
1228 1948 1396 2020 possederis
1406 1948 1771 2020 esm,babitsverisquein

63 2034 188 2093 alteram
205 2038 318 2108 partem
333 2033 481 2091 declinent
503 2035 544 2108 [b.
561 2032 712 2098 declines).
731 2035 794 2094 Non
816 2037 893 2092 aeci·
949 2035 1009 2104 ills,
1025 2039 1054 2092 et
1067 2035 1176 2092 dixeris
1192 2052 1199 2092 :
1215 2037 1399 2094 constituam
1416 2054 1504 2109 super
1517 2053 1563 2094 me
1576 2038 1773 2111 regem,sicut

64 2122 126 2198 pies
136 2138 307 2197 personam,
317 2138 370 2179 nec
382 2139 505 2180 munera
517 2141 524 2179 :
536 2122 606 2195 quia
616 2138 739 2181 munera
749 2127 895 2182 excecant
949 2121 1057 2178 hebent
1071 2139 1172 2180 omnes
1189 2141 1240 2196 per
1254 2123 1410 2180 circuitum
1424 2125 1557 2182 nationes
1570 2142 1654 2182 :eum
1665 2125 1772 2183 cousti-

64 2212 164 2269 oculos
179 2212 361 2285 sapientum,
373 2216 401 2268 et
416 2212 794 2283 mutantverhajustorum.
810 2215 894 2271 lusto
949 2216 1120 2284 tues,quem
1135 2211 1276 2269 Dominus
1292 2212 1372 2270 Deus
1386 2216 1456 2269 tuus
1470 2213 1591 2286 elegerit
1601 2216 1637 2270 de
1648 2228 1771 2271 numero

64 2301 271 2375 quodjustum
286 2309 331 2358 est
342 2301 539 2373 persequeris,
557 2306 589 2357 ut
602 2300 682 2358 vivas
698 2306 726 2358 et
741 2302 893 2374 possideas
948 2300 990 2372 [h.
1008 2301 1043 2357 de
1060 2300 1167 2373 medio]
1184 2302 1307 2357 fratrum
1327 2306 1458 2358 tuorum.
1473 2302 1538 2359 Non
1563 2303 1672 2376 potoris
1695 2304 1771 2361 alte·

64 2395 187 2458 termm,
197 2406 287 2463 quem
298 2390 442 2447 Dominus
460 2389 537 2447 Deus
557 2394 625 2447 tuus
644 2390 757 2447 dederit
770 2391 833 2447 tibi.
849 2392 891 2463 [C.
948 2389 1009 2445 rius
1024 2389 1121 2462 gentis
1136 2389 1286 2446 bominem
1301 2407 1398 2463 regom
1413 2390 1577 2463 tacere,qui
1592 2408 1649 2448 non
1663 2393 1702 2448 sit
1712 2394 1770 2450 lra-

68 2479 185 2555 lxxv}
203 2480 267 2537 Non
296 2478 444 2553 plantabis
471 2478 584 2550 lucum,
603 2487 629 2536 et
652 2478 693 2552 [b.
712 2497 770 2536 non
793 2480 891 2554 babet]
948 2483 992 2535 ter
1016 2483 1097 2537 tuus.
1113 2482 1245 2551 Cumque
1258 2479 1345 2536 tuerit
1358 2480 1536 2536 constitutus
1552 2498 1609 2538 non
1626 2481 1771 2555 multipli-

64 2586 180 2628 omnem
196 2568 330 2626 arborem
341 2569 428 2640 juxte
442 2567 534 2626 altare
548 2568 667 2625 Domini
689 2570 739 2626 Dei
763 2570 818 2626 tui.
835 2571 893 2627 Neo
946 2568 1025 2624 cabit
1038 2568 1094 2624 sibi
1103 2585 1204 2641 equos,
1217 2585 1269 2624 neo
1280 2569 1400 2625 reducet
1407 2569 1548 2641 populum
1560 2571 1589 2626 in
1600 2574 1770 2644 AEgyptum,

64 2658 152 2716 lactes
166 2657 236 2728 tibi,
248 2662 337 2731 etque
350 2658 441 2731 [Volp.
457 2657 565 2730 neque]
581 2656 745 2715 constitues
763 2664 892 2717 statuam
946 2656 1095 2730 equitatus
1119 2674 1241 2715 numero
1258 2658 1438 2727 sublevatus,
1455 2659 1614 2729 presertim
1630 2677 1698 2717 cum
1714 2662 1770 2718 Do·

64 2743 99 2812 [h.
115 2762 177 2805 non
198 2746 347 2821 plantabis
373 2746 488 2817 lucum,
502 2763 621 2804 omnem
646 2747 791 2817 arborem,
811 2749 893 2820 juxte
947 2746 1045 2803 minos
1069 2747 1238 2819 preceperit
1266 2747 1359 2815 vobis,
1376 2751 1407 2803 ut
1432 2763 1617 2819 nequaquam
1641 2747 1770 2822 amplius

64 2836 150 2894 sltare
163 2835 284 2895 Domini
298 2835 353 2906 tui,
369 2837 448 2909 quod
465 2836 597 2893 lecturus
621 2853 663 2893 es.
679 2838 715 2894 st
739 2854 796 2894 non
821 2854 892 2894 con·
947 2850 998 2907 per
1011 2835 1144 2892 eamdem
1162 2834 1238 2891 mam
1254 2834 1449 2892 revertamini.
1457 2835 1519 2892 Non
1531 2835 1649 2892 babebit
1664 2853 1769 2894 uxores

65 2926 168 2984 stitnes
178 2926 234 2983 tibi
246 2929 385 2997 stetuem]
398 2941 405 2980 ε
423 2940 486 2997 quas
496 2925 558 2982 odit
569 2926 712 2983 Dominus
722 2927 801 2984 Deus
812 2932 891 2984 tuus.
947 2922 1100 2996 plurimes,
1112 2940 1176 2996 que
1190 2923 1315 2981 illiciant
1328 2923 1461 2980 animum
1472 2925 1648 2995 ejus,neque
1658 2924 1770 2998 argenti

94 3016 137 3087 [D.
156 3014 240 3083 Lxx,
263 3017 331 3087 dep.
356 3014 457 3084 xum.
482 3014 544 3071 Non
574 3014 742 3072 immolabis
769 3016 893 3072 Domino
947 3017 975 3068 et
990 3013 1054 3068 auri
1069 3012 1529 3085 immensapondsra.l’ostqusm
1546 3019 1645 3070 autem
1662 3014 1771 3072 sederit

64 3109 122 3162 Deo
144 3110 200 3162 tuo
223 3102 326 3160 bovem
352 3107 381 3160 ct
403 3118 497 3171 ovem,
513 3104 543 3158 in
566 3119 623 3176 quo
639 3107 684 3160 est
699 3105 826 3175 maouls,
842 3109 893 3162 aut
948 3101 978 3157 in
994 3101 1066 3158 solio
1082 3102 1163 3174 regni
1184 3103 1241 3169 sui,
1257 3101 1404 3158 describet
1427 3101 1483 3158 sihi
1511 3103 1769 3160 Deuteronomium

61 3192 215 3267 quidpiam
228 3192 290 3249 vitii
307 3209 314 3249 ε
340 3191 410 3264 quis
434 3193 615 3250 abominatio
630 3197 676 3251 est
688 3190 814 3251 Domino
833 3195 891 3253 Deo
906 3167 928 3236 (ἶ
946 3190 1019 3264 legis
1036 3191 1125 3262 hujus
1147 3191 1176 3247 in
1197 3190 1356 3258 volumine,
1370 3191 1518 3264 accipiens
1530 3194 1680 3264 exemplar
1693 3209 1710 3249 s
1722 3209 1770 3250 sa·

61 3288 122 3339 tuo.
137 3282 185 3357 [B.
210 3279 617 3352 Lxx1,c.txxv1.]ciim
648 3283 753 3354 reperti
784 3283 893 3342 luerint
946 3279 1772 3353 cardotibusbaviticetrihus,ethubcbitsecum,leget·

60 3370 892 3445 apndte,intrsunsmportarumtuarumquesDominus
946 3387 1003 3444 que
1017 3368 1091 3426 illud
1107 3369 1362 3426 omnibnsdiebus
1386 3370 1449 3426 vite
1473 3387 1544 3439 sue,
1561 3376 1593 3426 ut
1616 3370 1711 3427 discat
1734 3371 1770 3427 ti·

61 3460 141 3519 Dsns
155 3465 230 3518 tuus
250 3458 332 3517 dabit
357 3460 423 3528 tibi,
438 3459 483 3515 rir
505 3464 556 3516 aut
580 3460 687 3517 mulier
708 3463 758 3534 qui
783 3462 893 3520 iaciant
947 3475 1026 3517 mere
1042 3460 1201 3517 Dominum
1217 3459 1309 3516 Deum
1324 3475 1421 3531 suun,
1435 3463 1463 3515 et
1478 3460 1627 3517 custodire
1641 3461 1727 3516 verbs
1742 3463 1772 3518 ot

61 3548 174 3607 melum
190 3548 221 3605 in
236 3552 398 3621 conspectu
421 3548 538 3605 Domini
554 3549 605 3606 Dei
621 3549 677 3618 tui,
693 3555 721 3606 et
744 3556 891 3626 transgre-
946 3548 1136 3606 ceremonias
1150 3549 1224 3621 ejus,
1236 3565 1300 3620 quae
1315 3548 1378 3620 lege
1394 3554 1538 3622 precepta
1552 3552 1630 3605 sunt.
1643 3548 1701 3607 Nec
1712 3548 1772 3606 ele-

61 3638 184 3695 disntnr
198 3640 320 3710 paetum
344 3635 436 3705 illius,
448 3641 483 3693 ut
496 3637 607 3694 vadent
630 3641 660 3694 et
682 3638 812 3696 serviant
835 3641 893 3697 diis
947 3643 1029 3695 vetur
1053 3654 1103 3694 cor
1126 3639 1191 3709 ejus
1215 3636 1244 3692 in
1270 3636 1437 3708 superbiam
1454 3653 1544 3710 super
1558 3638 1664 3693 tratres
1688 3654 1769 3705 suos,

63 3726 222 3794 alienis,et
237 3725 360 3782 adorent
372 3740 434 3797 eos,
450 3725 542 3783 solem
557 3729 584 3782 et
600 3725 714 3793 lunam,
730 3731 759 3784 et
773 3745 891 3786 omnem
947 3743 1042 3800 neque
1063 3725 1189 3783 declinet
1213 3725 1254 3798 [h.
1272 3741 1288 3782 s
1303 3731 1448 3797 precepto
1467 3724 1540 3797 legis
1556 3726 1577 3797 ²]
1602 3726 1632 3781 in
1657 3731 1770 3797 partem

60 3814 200 3871 militiam
214 3814 281 3871 cssli
295 3815 336 3890 [h.
352 3812 445 3871 solem
461 3818 491 3870 et
504 3812 617 3884 lunam,
632 3819 685 3871 sut
699 3832 816 3873 omnem
834 3817 891 3873 ml·
947 3816 1096 3872 dexteram
1111 3814 1155 3871 vel
1170 3813 1334 3882 sinistram,
1352 3819 1384 3869 ut
1405 3813 1493 3885 longo
1517 3817 1645 3886 tempore
1669 3818 1771 3886 regnet

58 3903 152 3961 litisrn
168 3901 339 3976 stetitque
359 3919 416 3959 non
441 3903 574 3976 precepi,
590 3908 620 3960 et
640 3902 695 3961 hoo
721 3904 774 3961 tibi
803 3907 892 3963 luerit
946 3906 1020 3978 ipse,
1032 3909 1061 3960 et
1076 3903 1128 3959 tilii
1144 3903 1219 3974 ejus,
1235 3919 1324 3974 super
1339 3900 1440 3958 lsrscl.

59 3990 430 4064 nuntiatum‚audiensque
441 3990 613 4065 inquisieris
632 3993 833 4066 diligenter,et
843 4013 890 4052 ve·
981 3995 1024 4066 [u.
1042 3992 1158 4059 txxw,
1180 3992 1244 4062 Cep.
1268 3991 1379 4063 livill]
1402 3990 1464 4047 Non
1494 3990 1647 4046 habebunt
1671 4007 1770 4048 sacer·

61 4098 127 4139 rom
136 4098 206 4139 esse
216 4081 403 4155 repereris,et
412 4081 593 4138 abominatio
606 4082 682 4139 sactu
692 4087 737 4139 est
747 4082 776 4139 in
789 4085 889 4141 lsrsol:
946 4085 1029 4140 dotes
1041 4090 1067 4138 et
1078 4082 1119 4154 [h.
1131 4098 1188 4137 non
1203 4081 1300 4151 hahet]
1315 4080 1431 4147 Levitae,
1443 4083 1472 4134 et
1482 4094 1586 4135 omnes
1602 4080 1653 4151 qui
1669 4080 1705 4135 de
1719 4097 1771 4136 ea·

59 4169 272 4228 edomuirum
283 4185 317 4227 ιο
329 4169 617 4242 mulierem,quirem
632 4171 890 4230 sceleratissimam
945 4173 1012 4228 dem
1023 4171 1100 4227 trihu
1112 4174 1192 4237 sunt,
1205 4173 1316 4241 purtem
1327 4171 1357 4224 et
1366 4167 1565 4225 hereditatem
1581 4184 1648 4223 cum
1662 4168 1770 4242 reliquo

57 4263 279 4333 perpetrarunt,
297 4258 335 4314 sd
358 4264 457 4330 portas
473 4258 600 4316 civitatis
615 4264 682 4329 tue,
699 4266 727 4317 et
742 4261 890 4332 lapidibus
947 4261 986 4333 [h.
1000 4276 1057 4315 non
1082 4257 1182 4330 hahet]
1210 4256 1308 4324 lsrael,
1334 4257 1404 4328 quia
1432 4256 1577 4313 sacrificia
1603 4257 1717 4314 Domini
1740 4261 1770 4314 et

57 4350 228 4407 obruentur.
243 4351 288 4421 [B.
303 4346 426 4414 cxxii]
442 4348 474 4405 ln
499 4365 549 4406 ore
573 4350 700 4406 duorum
726 4355 776 4406 ant
800 4352 890 4408 trium
945 4347 1109 4405 oblationes
1121 4347 1185 4417 ejus
1200 4345 1241 4420 [h.
1259 4345 1458 4401 hereditatem
1473 4344 1549 4416 ejus]
1561 4346 1724 4413 comedent,
1741 4349 1770 4402 et

57 4438 181 4495 winus
196 4434 306 4511 peribit
330 4435 381 4509 qui
401 4436 605 4495 interficietur.
621 4437 712 4495 Nemo
727 4439 888 4504 occidatur,
945 4436 1019 4497 nibil
1032 4435 1113 4493 aliud
1129 4433 1272 4506 accipient
1286 4434 1321 4490 ds
1334 4433 1472 4506 passione
1486 4434 1610 4491 fratrum
1625 4450 1768 4492 suorum:

58 4542 117 4584 nno
128 4524 400 4583 contrssedicente
414 4526 631 4583 testimonium.
644 4528 750 4584 Manus
765 4529 887 4585 testium
903 4541 927 4609 Ι)
942 4525 1086 4584 Dominus
1114 4523 1191 4580 enim
1220 4523 1283 4595 ipse
1311 4527 1356 4579 est
1384 4522 1539 4580 hereditas
1562 4538 1675 4591 eorum,
1691 4523 1769 4580 sicut

57 4614 154 4688 prims
170 4613 329 4671 interficiet
344 4629 423 4684 eum,
438 4619 468 4670 et
483 4630 589 4670 manus
603 4614 707 4687 reliqui
724 4616 824 4688 populi
839 4633 887 4673 ex·
942 4616 1060 4674 locutus
1073 4617 1119 4671 est
1133 4612 1202 4669 illis.
1219 4613 1261 4687 [C.
1278 4610 1395 4686 lxxx]
1409 4616 1471 4668 Hoc
1486 4612 1541 4669 orit
1555 4611 1703 4684 judicium
1719 4629 1767 4670 sa·

58 4710 153 4763 treme
167 4703 315 4770 mittatur,
328 4703 487 4760 utsnlerss
501 4702 613 4760 malum
624 4704 660 4759 ds
672 4704 767 4761 medio
780 4704 829 4761 tui.
843 4706 886 4781 [D.
942 4707 1093 4763 cardetum
1105 4720 1122 4760 a
1132 4701 1240 4775 populo
1251 4701 1325 4757 etsb
1341 4701 1387 4758 his
1405 4700 1453 4775 qui
1469 4701 1595 4757 otlerunt
1609 4701 1742 4759 victimas
1760 4719 1767 4759 :

60 4792 176 4864 lxxii,
188 4792 221 4849 G.
239 4789 383 4859 txxvsst
399 4791 429 4848 Si
445 4790 565 4849 difficile
579 4797 608 4848 et
622 4793 792 4866 ambiguum
809 4794 887 4866 apud
941 4794 1002 4852 sive
1025 4793 1141 4857 bovem,
1158 4790 1218 4847 sive
1239 4807 1322 4847 ovem
1346 4789 1574 4856 immolaverint,
1591 4790 1705 4847 dabunt
1720 4808 1769 4847 sn·

58 4886 86 4938 te
109 4880 262 4956 judicium
278 4895 344 4937 esse
358 4880 541 4954 perspexeris
569 4880 645 4939 inter
668 4882 842 4955 sanguinem
858 4888 888 4941 et
940 4883 1051 4941 cerdoti
1076 4896 1191 4938 armum
1222 4895 1255 4935 ao
1280 4878 1476 4936 ventriculum
1500 4880 1511 4914 ²
1534 4878 1574 4953 [b.
1597 4896 1723 4948 armum,
1739 4882 1768 4936 et

91 4988 263 5047 'llumdem
277 5003 410 5056 murum,
425 5004 484 5045 non
499 4989 703 5046 eadsmvsrbs
722 4989 887 5061 reperimus
940 4991 1102 5049 chaldaice
1119 4988 1319 5061 paraphrasis,
1335 4988 1387 5060 qni
1410 4988 1445 5044 sd
1467 5004 1567 5045 vocem
1607 4999 1765 5061 receptum,

59 5060 88 5117 in
114 5076 190 5119 mss.
207 5058 303 5125 libris,
319 5056 370 5115 ubi
397 5063 568 5118 constanter
596 5060 713 5133 legitur,
730 5062 844 5133 lepram,
859 5067 888 5120 et
941 5068 1012 5134 sive,
1028 5070 1190 5133 eproeccpto
1205 5060 1319 5117 addidit
1333 5076 1438 5117 nomen
1453 5060 1573 5118 Domini.
1635 5077 1680 5116 nr.

61 5148 111 5189 m
130 5133 252 5204 lepram.
269 5129 365 5186 Mser.
975 5135 1100 5189 -sddit
1119 5149 1217 5190 revers
1238 5132 1327 5187 Hohr,
1340 5136 1478 5197 tertosa
1491 5137 1623 5204 precepto
1644 5139 1765 5191 hithh-

89 5208 165 5260 'l'nm
180 5217 251 5259 oum
266 5200 372 5268 nostri,
387 5216 461 5271 quos
484 5200 634 5258 consuluit
657 5201 791 5259 Martias.
809 5219 883 5261 mss.
940 5214 998 5273 tm
1014 5223 1071 5261 non
1087 5205 1170 5266 item,
1187 5203 1262 5272 quod
1280 5202 1459 5259 Scholiastes
1475 5209 1569 5272 notat,
1585 5208 1613 5258 et
1628 5203 1706 5273 teqis.

61 5272 134 5341 libri,
150 5276 272 5346 lepram,
283 5277 312 5328 st
325 5288 382 5328 sore
397 5271 515 5344 lepram,
526 5275 554 5329 id
570 5280 624 5341 est,
642 5280 741 5329 utrum
755 5290 790 5331 ea
803 5275 885 5346 lepra
974 5277 1155 5333 ³Verissime
1169 5281 1301 5331 notatum
1317 5274 1475 5341 Scoliaste,
1485 5276 1515 5330 in
1531 5274 1649 5330 Hebreo
1663 5268 1765 5326 mosit-

61 5345 104 5415 sit,
116 5364 156 5403 sn
172 5361 245 5403 non.
259 5341 392 5416 ngandi
410 5350 509 5401 temen
534 5345 709 5419 perticulam
726 5344 884 5416 originales
941 5349 992 5417 les,
1008 5365 1097 5423 quem
1112 5345 1259 5404 Sacerdoti
1276 5352 1388 5416 partem
1405 5347 1519 5409 tribuit,
1532 5361 1596 5416 que
1610 5344 1651 5399 ibi
1664 5345 1766 5398 dieun-

60 5420 227 5474 uxtesnon
282 5417 418 5473 botonul-
939 5425 997 5487 tur,
1029 5428 1168 5485 nttnrnr,
1196 5417 1388 5490 Septuaginta
1414 5415 1458 5471 καί
1488 5415 1609 5490 οιαγὸνα,
1638 5411 1765 5470 Onkelos

90 5431 332 5560 'Verbumtqteis
348 5502 405 5542 ¹1⁰⁰
432 5490 478 5542 0⁸l
501 5485 531 5542 ln
552 5490 631 5543 lexlu
646 5486 808 5543 Hebraico:
832 5490 882 5545 sed
938 5501 1020 5557 autu
1040 5496 1155 5547 vocant.
1173 5490 1236 5560 lpse
1255 5489 1342 5544 etiam
1370 5489 1486 5544 Hieron.
1503 5487 1533 5543 in
1559 5487 1622 5543 suis
1646 5484 1764 5557 scriptis

63 5559 188 5617 sddlturn
204 5558 283 5618 credi
298 5561 395 5632 potest
409 5558 445 5614 ab
460 5556 619 5615 scholiasta
632 5559 733 5615 Latino
756 5559 883 5633 explica·
938 5568 967 5618 et
983 5566 1095 5634 partem
1120 5560 1196 5618 hano
1218 5561 1363 5632 agnoscit,
1380 5564 1410 5616 et
1424 5558 1579 5631 allegorias
1603 5574 1637 5614 ex
1658 5571 1692 5613 sa
1714 5571 1765 5613 ca·

63 5628 146 5691 bnis
159 5646 261 5703 censs,
276 5633 310 5690 nt
323 5629 434 5690 tamum
456 5630 658 5706 conspicimus
672 5631 710 5690 ab
724 5629 883 5706 interprete
937 5637 1011 5707 ptat.
