<?xml version="1.0" encoding="UTF-8"?>
<!DOCTYPE html PUBLIC "-//W3C//DTD XHTML 1.0 Transitional//EN"
    "http://www.w3.org/TR/xhtml1/DTD/xhtml1-transitional.dtd">
<html xmlns="http://www.w3.org/1999/xhtml" xml:lang="en" lang="en">
 <head>
  <title>
</title>
<meta http-equiv="Content-Type" content="text/html;charset=utf-8" />
  <meta name='ocr-system' content='tesseract 3.04.00' />
  <meta name='ocr-capabilities' content='ocr_page ocr_carea ocr_par ocr_line ocrx_word'/>
</head>
<body>
  <div class='ocr_page' id='page_1' title='image "./patrologiaecurs13goog_0053.png"; bbox 0 0 3870 6120; ppageno 0'>
   <div class='ocr_carea' id='block_1_1' title="bbox 62 269 1782 359">
    <p class='ocr_par' dir='ltr' id='par_1_1' title="bbox 62 269 1782 359">
     <span class='ocr_line' id='line_1_1' title="bbox 62 269 1782 359; baseline -0.01 -2"><span class='ocrx_word' id='word_1_1' title='bbox 62 297 104 359; x_wconf 81' lang='lat' dir='ltr'><strong>rr</strong></span> <span class='ocrx_word' id='word_1_2' title='bbox 403 269 405 273; x_wconf 82' lang='grc'><strong>’</strong></span> <span class='ocrx_word' id='word_1_3' title='bbox 772 283 1080 348; x_wconf 80' lang='lat' dir='ltr'><strong>rnouucouuus.</strong></span> <span class='ocrx_word' id='word_1_4' title='bbox 1741 290 1782 353; x_wconf 59' lang='grc' dir='ltr'><strong>ος</strong></span> 
     </span>
    </p>
   </div>
   <div class='ocr_carea' id='block_1_2' title="bbox 65 386 1783 608">
    <p class='ocr_par' dir='ltr' id='par_1_2' title="bbox 65 386 1783 608">
     <span class='ocr_line' id='line_1_2' title="bbox 65 386 1779 502; baseline -0.001 -15"><span class='ocrx_word' id='word_1_5' title='bbox 65 432 209 488; x_wconf 73' lang='lat' dir='ltr'><strong>atrorum</strong></span> <span class='ocrx_word' id='word_1_6' title='bbox 252 424 453 485; x_wconf 90' lang='lat' dir='ltr'><strong>inimicorum</strong></span> <span class='ocrx_word' id='word_1_7' title='bbox 491 386 651 483; x_wconf 85' lang='lat' dir='ltr'><strong>codicibus</strong></span> <span class='ocrx_word' id='word_1_8' title='bbox 674 425 894 502; x_wconf 80' lang='lat' dir='ltr'><strong>proteruntur,</strong></span> <span class='ocrx_word' id='word_1_9' title='bbox 911 422 939 490; x_wconf 75' lang='grc' dir='ltr'>Α</span> <span class='ocrx_word' id='word_1_10' title='bbox 955 419 1038 493; x_wconf 92' lang='lat' dir='ltr'><strong>loeo,</strong></span> <span class='ocrx_word' id='word_1_11' title='bbox 1070 437 1162 481; x_wconf 90' lang='lat' dir='ltr'><strong>nemo</strong></span> <span class='ocrx_word' id='word_1_12' title='bbox 1190 420 1327 500; x_wconf 88' lang='lat' dir='ltr'><strong>prudeus</strong></span> <span class='ocrx_word' id='word_1_13' title='bbox 1355 438 1392 482; x_wconf 88' lang='lat' dir='ltr'><strong>ao</strong></span> <span class='ocrx_word' id='word_1_14' title='bbox 1419 421 1544 483; x_wconf 87' lang='lat' dir='ltr'><strong>sobrius</strong></span> <span class='ocrx_word' id='word_1_15' title='bbox 1576 422 1779 486; x_wconf 77' lang='lat' dir='ltr'><strong>inficiabitur.</strong></span> 
     </span>
     <span class='ocr_line' id='line_1_3' title="bbox 68 517 1783 608; baseline -0.001 -23"><span class='ocrx_word' id='word_1_16' title='bbox 68 545 147 608; x_wconf 83' lang='lat' dir='ltr'><strong>quos</strong></span> <span class='ocrx_word' id='word_1_17' title='bbox 176 523 382 604; x_wconf 74' lang='lat' dir='ltr'><em>agnoscimus</em></span> <span class='ocrx_word' id='word_1_18' title='bbox 417 526 545 603; x_wconf 86' lang='lat' dir='ltr'><strong>propter</strong></span> <span class='ocrx_word' id='word_1_19' title='bbox 580 517 639 580; x_wconf 90' lang='lat' dir='ltr'><strong>hoc</strong></span> <span class='ocrx_word' id='word_1_20' title='bbox 675 518 900 597; x_wconf 84' lang='lat' dir='ltr'><strong>testimonium,</strong></span> <span class='ocrx_word' id='word_1_21' title='bbox 956 518 988 579; x_wconf 83' lang='lat' dir='ltr'><strong>si</strong></span> <span class='ocrx_word' id='word_1_22' title='bbox 1018 518 1073 597; x_wconf 90' lang='lat' dir='ltr'><strong>qui</strong></span> <span class='ocrx_word' id='word_1_23' title='bbox 1101 525 1194 578; x_wconf 88' lang='lat' dir='ltr'><strong>erunt</strong></span> <span class='ocrx_word' id='word_1_24' title='bbox 1222 520 1318 579; x_wconf 85' lang='lat' dir='ltr'><strong>tentis</strong></span> <span class='ocrx_word' id='word_1_25' title='bbox 1347 518 1531 593; x_wconf 88' lang='lat' dir='ltr'><strong>cervicibus,</strong></span> <span class='ocrx_word' id='word_1_26' title='bbox 1560 523 1614 599; x_wconf 85' lang='lat' dir='ltr'><strong>qui</strong></span> <span class='ocrx_word' id='word_1_27' title='bbox 1643 521 1783 584; x_wconf 86' lang='lat' dir='ltr'><strong>audeaut</strong></span> 
     </span>
    </p>
   </div>
   <div class='ocr_carea' id='block_1_3' title="bbox 69 615 1915 705">
    <p class='ocr_par' dir='ltr' id='par_1_3' title="bbox 69 615 1915 705">
     <span class='ocr_line' id='line_1_4' title="bbox 69 615 1915 705; baseline 0 -23"><span class='ocrx_word' id='word_1_28' title='bbox 69 622 155 705; x_wconf 85' lang='lat' dir='ltr'><strong>quod</strong></span> <span class='ocrx_word' id='word_1_29' title='bbox 184 619 276 681; x_wconf 86' lang='lat' dir='ltr'><strong>nobis</strong></span> <span class='ocrx_word' id='word_1_30' title='bbox 304 619 400 680; x_wconf 90' lang='lat' dir='ltr'><strong>inciti</strong></span> <span class='ocrx_word' id='word_1_31' title='bbox 422 616 600 701; x_wconf 84' lang='lat' dir='ltr'><strong>perhibent,</strong></span> <span class='ocrx_word' id='word_1_32' title='bbox 629 616 751 677; x_wconf 87' lang='lat' dir='ltr'><strong>eosdem</strong></span> <span class='ocrx_word' id='word_1_33' title='bbox 779 615 901 676; x_wconf 88' lang='lat' dir='ltr'><strong>codices</strong></span> <span class='ocrx_word' id='word_1_34' title='bbox 956 616 996 676; x_wconf 93' lang='lat' dir='ltr'><strong>ad</strong></span> <span class='ocrx_word' id='word_1_35' title='bbox 1025 633 1099 676; x_wconf 91' lang='lat' dir='ltr'><strong>suos</strong></span> <span class='ocrx_word' id='word_1_36' title='bbox 1127 633 1236 676; x_wconf 90' lang='lat' dir='ltr'><strong>sensus</strong></span> <span class='ocrx_word' id='word_1_37' title='bbox 1276 621 1484 695; x_wconf 78' lang='lat' dir='ltr'><strong>contorquere</strong></span> <span class='ocrx_word' id='word_1_38' title='bbox 1526 623 1592 678; x_wconf 87' lang='lat' dir='ltr'><strong>tam</strong></span> <span class='ocrx_word' id='word_1_39' title='bbox 1635 626 1781 698; x_wconf 90' lang='lat' dir='ltr'><strong>apertum</strong></span> <span class='ocrx_word' id='word_1_40' title='bbox 1902 640 1915 659; x_wconf 90' lang='lat'><strong>··</strong></span> 
     </span>
    </p>
   </div>
   <div class='ocr_carea' id='block_1_4' title="bbox 71 713 1783 1387">
    <p class='ocr_par' dir='ltr' id='par_1_4' title="bbox 71 713 1783 1387">
     <span class='ocr_line' id='line_1_5' title="bbox 71 713 1782 800; baseline -0.001 -20"><span class='ocrx_word' id='word_1_41' title='bbox 71 719 215 781; x_wconf 82' lang='lat' dir='ltr'><strong>habendo</strong></span> <span class='ocrx_word' id='word_1_42' title='bbox 243 724 337 800; x_wconf 88' lang='lat' dir='ltr'><strong>atque</strong></span> <span class='ocrx_word' id='word_1_43' title='bbox 371 714 537 788; x_wconf 77' lang='lat' dir='ltr'><strong>smuando,</strong></span> <span class='ocrx_word' id='word_1_44' title='bbox 559 723 620 797; x_wconf 88' lang='lat' dir='ltr'><strong>per</strong></span> <span class='ocrx_word' id='word_1_45' title='bbox 648 733 752 774; x_wconf 89' lang='lat' dir='ltr'><strong>omncs</strong></span> <span class='ocrx_word' id='word_1_46' title='bbox 792 717 902 793; x_wconf 82' lang='lat' dir='ltr'><strong>gentes</strong></span> <span class='ocrx_word' id='word_1_47' title='bbox 957 713 1169 793; x_wconf 71' lang='lat' dir='ltr'><strong>antiquissimi</strong></span> <span class='ocrx_word' id='word_1_48' title='bbox 1194 714 1357 793; x_wconf 91' lang='lat' dir='ltr'><strong>scriptoris</strong></span> <span class='ocrx_word' id='word_1_49' title='bbox 1385 716 1609 791; x_wconf 85' lang='lat' dir='ltr'><strong>testimonium,</strong></span> <span class='ocrx_word' id='word_1_50' title='bbox 1637 717 1782 779; x_wconf 85' lang='lat' dir='ltr'><strong>taeileex</strong></span> 
     </span>
     <span class='ocr_line' id='line_1_6' title="bbox 72 811 1783 898; baseline -0.001 -20"><span class='ocrx_word' id='word_1_51' title='bbox 72 819 166 878; x_wconf 89' lang='lat' dir='ltr'><strong>etiam</strong></span> <span class='ocrx_word' id='word_1_52' title='bbox 210 816 297 898; x_wconf 84' lang='lat' dir='ltr'><strong>ipsos</strong></span> <span class='ocrx_word' id='word_1_53' title='bbox 332 835 399 875; x_wconf 89' lang='lat' dir='ltr'><strong>esse</strong></span> <span class='ocrx_word' id='word_1_54' title='bbox 440 813 612 895; x_wconf 86' lang='lat' dir='ltr'><strong>dispersos,</strong></span> <span class='ocrx_word' id='word_1_55' title='bbox 655 829 902 893; x_wconf 87' lang='lat' dir='ltr'><strong>quaquaversum</strong></span> <span class='ocrx_word' id='word_1_56' title='bbox 957 812 1025 891; x_wconf 92' lang='lat' dir='ltr'><strong>ipso</strong></span> <span class='ocrx_word' id='word_1_57' title='bbox 1041 817 1128 872; x_wconf 89' lang='lat' dir='ltr'><strong>textu</strong></span> <span class='ocrx_word' id='word_1_58' title='bbox 1158 811 1332 890; x_wconf 77' lang='lat' dir='ltr'><strong>ordineque</strong></span> <span class='ocrx_word' id='word_1_59' title='bbox 1359 813 1511 872; x_wconf 89' lang='lat' dir='ltr'><strong>sermonis</strong></span> <span class='ocrx_word' id='word_1_60' title='bbox 1540 830 1647 873; x_wconf 91' lang='lat' dir='ltr'><strong>eorum</strong></span> <span class='ocrx_word' id='word_1_61' title='bbox 1678 815 1783 893; x_wconf 84' lang='lat' dir='ltr'><strong>perri·</strong></span> 
     </span>
     <span class='ocr_line' id='line_1_7' title="bbox 78 909 1782 991; baseline -0.002 -15"><span class='ocrx_word' id='word_1_62' title='bbox 78 915 210 977; x_wconf 82' lang='lat' dir='ltr'><strong>Christi</strong></span> <span class='ocrx_word' id='word_1_63' title='bbox 225 913 371 975; x_wconf 82' lang='lat' dir='ltr'><strong>Ecclesia</strong></span> <span class='ocrx_word' id='word_1_64' title='bbox 399 911 594 973; x_wconf 88' lang='lat' dir='ltr'><strong>dilatatur...</strong></span> <span class='ocrx_word' id='word_1_65' title='bbox 623 909 771 991; x_wconf 89' lang='lat' dir='ltr'><strong>quoniam</strong></span> <span class='ocrx_word' id='word_1_66' title='bbox 789 909 820 968; x_wconf 87' lang='lat' dir='ltr'><strong>si</strong></span> <span class='ocrx_word' id='word_1_67' title='bbox 834 926 903 968; x_wconf 90' lang='lat' dir='ltr'><strong>cum</strong></span> <span class='ocrx_word' id='word_1_68' title='bbox 958 910 1075 971; x_wconf 81' lang='lat' dir='ltr'><strong>cociam</strong></span> <span class='ocrx_word' id='word_1_69' title='bbox 1091 910 1251 971; x_wconf 80' lang='lat' dir='ltr'><strong>revincere</strong></span> <span class='ocrx_word' id='word_1_70' title='bbox 1279 913 1439 989; x_wconf 88' lang='lat' dir='ltr'><strong>poterunt,</strong></span> <span class='ocrx_word' id='word_1_71' title='bbox 1470 910 1524 990; x_wconf 90' lang='lat' dir='ltr'><strong>qui</strong></span> <span class='ocrx_word' id='word_1_72' title='bbox 1551 912 1782 973; x_wconf 84' lang='lat' dir='ltr'><strong>controversias</strong></span> 
     </span>
     <span class='ocr_line' id='line_1_8' title="bbox 74 1007 1782 1091; baseline -0.002 -17"><span class='ocrx_word' id='word_1_73' title='bbox 74 1013 130 1074; x_wconf 89' lang='lat' dir='ltr'><strong>illo</strong></span> <span class='ocrx_word' id='word_1_74' title='bbox 146 1010 329 1073; x_wconf 86' lang='lat' dir='ltr'><strong>testimonio</strong></span> <span class='ocrx_word' id='word_1_75' title='bbox 354 1009 592 1091; x_wconf 89' lang='lat' dir='ltr'><strong>Scripturarnm</strong></span> <span class='ocrx_word' id='word_1_76' title='bbox 622 1007 654 1067; x_wconf 90' lang='lat' dir='ltr'><strong>in</strong></span> <span class='ocrx_word' id='word_1_77' title='bbox 682 1026 741 1066; x_wconf 89' lang='lat' dir='ltr'><strong>sua</strong></span> <span class='ocrx_word' id='word_1_78' title='bbox 764 1009 904 1065; x_wconf 89' lang='lat' dir='ltr'><strong>tantum·</strong></span> <span class='ocrx_word' id='word_1_79' title='bbox 958 1008 1110 1081; x_wconf 88' lang='lat' dir='ltr'><strong>scribunt,</strong></span> <span class='ocrx_word' id='word_1_80' title='bbox 1153 1008 1202 1068; x_wconf 82' lang='lat' dir='ltr'><strong>rel</strong></span> <span class='ocrx_word' id='word_1_81' title='bbox 1243 1007 1471 1087; x_wconf 78' lang='lat' dir='ltr'><strong>disputationes</strong></span> <span class='ocrx_word' id='word_1_82' title='bbox 1512 1008 1649 1088; x_wconf 85' lang='lat' dir='ltr'><strong>prolixas</strong></span> <span class='ocrx_word' id='word_1_83' title='bbox 1688 1009 1782 1070; x_wconf 88' lang='lat' dir='ltr'><strong>insti·</strong></span> 
     </span>
     <span class='ocr_line' id='line_1_9' title="bbox 74 1102 1779 1188; baseline -0.002 -17"><span class='ocrx_word' id='word_1_84' title='bbox 74 1111 163 1172; x_wconf 86' lang='lat' dir='ltr'><strong>mado</strong></span> <span class='ocrx_word' id='word_1_85' title='bbox 195 1116 282 1170; x_wconf 89' lang='lat' dir='ltr'><strong>terra</strong></span> <span class='ocrx_word' id='word_1_86' title='bbox 310 1129 372 1169; x_wconf 87' lang='lat' dir='ltr'><strong>nau</strong></span> <span class='ocrx_word' id='word_1_87' title='bbox 400 1106 513 1188; x_wconf 87' lang='lat' dir='ltr'><strong>ubique</strong></span> <span class='ocrx_word' id='word_1_88' title='bbox 539 1110 651 1177; x_wconf 88' lang='lat' dir='ltr'><strong>esseut,</strong></span> <span class='ocrx_word' id='word_1_89' title='bbox 679 1105 820 1186; x_wconf 80' lang='lat' dir='ltr'><strong>profecta</strong></span> <span class='ocrx_word' id='word_1_90' title='bbox 841 1102 904 1164; x_wconf 85' lang='lat' dir='ltr'><strong>Ec·</strong></span> <span class='ocrx_word' id='word_1_91' title='bbox 958 1112 1063 1167; x_wconf 88' lang='lat' dir='ltr'><strong>tuunt.</strong></span> <span class='ocrx_word' id='word_1_92' title='bbox 1093 1108 1156 1167; x_wconf 89' lang='lat' dir='ltr'><strong>Nos</strong></span> <span class='ocrx_word' id='word_1_93' title='bbox 1182 1107 1282 1186; x_wconf 65' lang='lat' dir='ltr'><strong>aequis</strong></span> <span class='ocrx_word' id='word_1_94' title='bbox 1308 1105 1490 1179; x_wconf 89' lang='lat' dir='ltr'><strong>lectoribus,</strong></span> <span class='ocrx_word' id='word_1_95' title='bbox 1520 1125 1582 1167; x_wconf 93' lang='lat' dir='ltr'><strong>non</strong></span> <span class='ocrx_word' id='word_1_96' title='bbox 1624 1106 1779 1185; x_wconf 81' lang='lat' dir='ltr'><strong>litigiosis,</strong></span> 
     </span>
     <span class='ocr_line' id='line_1_10' title="bbox 73 1201 1781 1289; baseline -0.002 -19"><span class='ocrx_word' id='word_1_97' title='bbox 73 1209 180 1287; x_wconf 83' lang='lat' dir='ltr'><strong>etesia,</strong></span> <span class='ocrx_word' id='word_1_98' title='bbox 197 1227 267 1289; x_wconf 79' lang='lat' dir='ltr'><strong>qua</strong></span> <span class='ocrx_word' id='word_1_99' title='bbox 282 1206 397 1289; x_wconf 87' lang='lat' dir='ltr'><strong>ubique</strong></span> <span class='ocrx_word' id='word_1_100' title='bbox 419 1211 477 1285; x_wconf 83' lang='lat' dir='ltr'><strong>est,</strong></span> <span class='ocrx_word' id='word_1_101' title='bbox 501 1224 553 1264; x_wconf 88' lang='lat' dir='ltr'><strong>eos</strong></span> <span class='ocrx_word' id='word_1_102' title='bbox 571 1201 821 1286; x_wconf 79' lang='lat' dir='ltr'><strong>prophetiarum,</strong></span> <span class='ocrx_word' id='word_1_103' title='bbox 837 1220 904 1281; x_wconf 82' lang='lat' dir='ltr'><strong>qua</strong></span> <span class='ocrx_word' id='word_1_104' title='bbox 958 1204 1027 1266; x_wconf 84' lang='lat' dir='ltr'><strong>haee</strong></span> <span class='ocrx_word' id='word_1_105' title='bbox 1056 1204 1216 1284; x_wconf 81' lang='lat' dir='ltr'><strong>scripsisse</strong></span> <span class='ocrx_word' id='word_1_106' title='bbox 1245 1204 1396 1276; x_wconf 88' lang='lat' dir='ltr'><strong>contenti,</strong></span> <span class='ocrx_word' id='word_1_107' title='bbox 1438 1203 1478 1264; x_wconf 88' lang='lat' dir='ltr'><strong>ed</strong></span> <span class='ocrx_word' id='word_1_108' title='bbox 1508 1203 1585 1265; x_wconf 85' lang='lat' dir='ltr'><strong>alias</strong></span> <span class='ocrx_word' id='word_1_109' title='bbox 1613 1222 1781 1284; x_wconf 78' lang='lat' dir='ltr'><strong>pergemus</strong></span> 
     </span>
     <span class='ocr_line' id='line_1_11' title="bbox 73 1298 1172 1387; baseline -0.005 -19"><span class='ocrx_word' id='word_1_110' title='bbox 73 1307 109 1387; x_wconf 73' lang='lat' dir='ltr'><strong>de</strong></span> <span class='ocrx_word' id='word_1_111' title='bbox 125 1305 267 1368; x_wconf 87' lang='lat' dir='ltr'><strong>Christo</strong></span> <span class='ocrx_word' id='word_1_112' title='bbox 288 1303 463 1386; x_wconf 71' lang='lat' dir='ltr'><strong>praemissa</strong></span> <span class='ocrx_word' id='word_1_113' title='bbox 491 1307 577 1378; x_wconf 89' lang='lat' dir='ltr'><strong>sunt,</strong></span> <span class='ocrx_word' id='word_1_114' title='bbox 607 1305 699 1360; x_wconf 87' lang='lat' dir='ltr'><strong>testes</strong></span> <span class='ocrx_word' id='word_1_115' title='bbox 713 1299 745 1361; x_wconf 90' lang='lat' dir='ltr'><strong>in</strong></span> <span class='ocrx_word' id='word_1_116' title='bbox 760 1298 905 1361; x_wconf 89' lang='lat' dir='ltr'><strong>amnibus</strong></span> <span class='ocrx_word' id='word_1_117' title='bbox 959 1302 1172 1384; x_wconf 82' lang='lat' dir='ltr'><strong>probationes.</strong></span> 
     </span>
    </p>
   </div>
   <div class='ocr_carea' id='block_1_5' title="bbox 74 1396 1883 1486">
    <p class='ocr_par' dir='ltr' id='par_1_5' title="bbox 74 1396 1883 1486">
     <span class='ocr_line' id='line_1_12' title="bbox 74 1396 1883 1486; baseline -0.002 -22"><span class='ocrx_word' id='word_1_118' title='bbox 74 1401 355 1486; x_wconf 74' lang='lat' dir='ltr'><strong>gentibushaberc</strong></span> <span class='ocrx_word' id='word_1_119' title='bbox 384 1421 445 1462; x_wconf 90' lang='lat' dir='ltr'><strong>uon</strong></span> <span class='ocrx_word' id='word_1_120' title='bbox 464 1405 584 1482; x_wconf 87' lang='lat' dir='ltr'><strong>posset.</strong></span> <span class='ocrx_word' id='word_1_121' title='bbox 616 1399 702 1461; x_wconf 86' lang='lat' dir='ltr'><strong>idem</strong></span> <span class='ocrx_word' id='word_1_122' title='bbox 724 1396 904 1459; x_wconf 88' lang='lat' dir='ltr'><strong>docebatiu</strong></span> <span class='ocrx_word' id='word_1_123' title='bbox 999 1405 1161 1462; x_wconf 87' lang='lat' dir='ltr'><strong>Summam</strong></span> <span class='ocrx_word' id='word_1_124' title='bbox 1178 1399 1293 1462; x_wconf 86' lang='lat' dir='ltr'><strong>erratio</strong></span> <span class='ocrx_word' id='word_1_125' title='bbox 1322 1400 1425 1480; x_wconf 86' lang='lat' dir='ltr'><strong>capite</strong></span> <span class='ocrx_word' id='word_1_126' title='bbox 1450 1398 1784 1461; x_wconf 88' lang='lat' dir='ltr'><strong>auctoritatemdedu·</strong></span> <span class='ocrx_word' id='word_1_127' title='bbox 1879 1474 1883 1479; x_wconf 24' lang='grc' dir='ltr'>ι</span> 
     </span>
    </p>
   </div>
   <div class='ocr_carea' id='block_1_6' title="bbox 74 1492 1783 1574">
    <p class='ocr_par' dir='ltr' id='par_1_6' title="bbox 74 1492 1783 1574">
     <span class='ocr_line' id='line_1_13' title="bbox 74 1492 1783 1574; baseline -0.004 -9"><span class='ocrx_word' id='word_1_128' title='bbox 74 1502 241 1565; x_wconf 85' lang='lat' dir='ltr'><strong>Pselmum</strong></span> <span class='ocrx_word' id='word_1_129' title='bbox 257 1519 315 1574; x_wconf 80' lang='lat' dir='ltr'><strong>cvr,</strong></span> <span class='ocrx_word' id='word_1_130' title='bbox 332 1518 411 1562; x_wconf 84' lang='lat' dir='ltr'><strong>vers.</strong></span> <span class='ocrx_word' id='word_1_131' title='bbox 442 1504 560 1571; x_wconf 56' lang='lat' dir='ltr'><strong>boum</strong></span> <span class='ocrx_word' id='word_1_132' title='bbox 591 1492 906 1564; x_wconf 73' lang='lat' dir='ltr'><strong>dicerettUtJudoei</strong></span> <span class='ocrx_word' id='word_1_133' title='bbox 959 1499 1058 1560; x_wconf 87' lang='lat' dir='ltr'><strong>cimus</strong></span> <span class='ocrx_word' id='word_1_134' title='bbox 1101 1499 1306 1560; x_wconf 69' lang='lat' dir='ltr'><strong>Hebraeorum</strong></span> <span class='ocrx_word' id='word_1_135' title='bbox 1348 1498 1557 1560; x_wconf 76' lang='lat' dir='ltr'><strong>volrrminum.</strong></span> <span class='ocrx_word' id='word_1_136' title='bbox 1597 1501 1681 1560; x_wconf 90' lang='lat' dir='ltr'><strong>Nem</strong></span> <span class='ocrx_word' id='word_1_137' title='bbox 1710 1516 1783 1559; x_wconf 90' lang='lat' dir='ltr'><strong>cum</strong></span> 
     </span>
    </p>
   </div>
   <div class='ocr_carea' id='block_1_7' title="bbox 74 1595 1920 1683">
    <p class='ocr_par' dir='ltr' id='par_1_7' title="bbox 74 1595 1920 1683">
     <span class='ocr_line' id='line_1_14' title="bbox 74 1595 1920 1683; baseline -0.004 -20"><span class='ocrx_word' id='word_1_138' title='bbox 74 1609 226 1683; x_wconf 83' lang='lat' dir='ltr'><strong>tanquam</strong></span> <span class='ocrx_word' id='word_1_139' title='bbox 255 1599 396 1683; x_wconf 89' lang='lat' dir='ltr'><strong>capsarii</strong></span> <span class='ocrx_word' id='word_1_140' title='bbox 423 1599 526 1659; x_wconf 90' lang='lat' dir='ltr'><strong>nostri</strong></span> <span class='ocrx_word' id='word_1_141' title='bbox 560 1596 659 1658; x_wconf 88' lang='lat' dir='ltr'><strong>libros</strong></span> <span class='ocrx_word' id='word_1_142' title='bbox 688 1601 812 1657; x_wconf 89' lang='lat' dir='ltr'><strong>nostros</strong></span> <span class='ocrx_word' id='word_1_143' title='bbox 840 1595 905 1655; x_wconf 89' lang='lat' dir='ltr'><strong>cir·</strong></span> <span class='ocrx_word' id='word_1_144' title='bbox 959 1602 1141 1658; x_wconf 87' lang='lat' dir='ltr'><strong>sanctorum</strong></span> <span class='ocrx_word' id='word_1_145' title='bbox 1181 1598 1310 1658; x_wconf 88' lang='lat' dir='ltr'><strong>Petrum</strong></span> <span class='ocrx_word' id='word_1_146' title='bbox 1361 1595 1600 1657; x_wconf 80' lang='lat' dir='ltr'><strong>celebratissimi</strong></span> <span class='ocrx_word' id='word_1_147' title='bbox 1647 1595 1785 1657; x_wconf 75' lang='lat' dir='ltr'><strong>Hilarius</strong></span> <span class='ocrx_word' id='word_1_148' title='bbox 1854 1596 1857 1601; x_wconf 77' lang='grc'><strong>’</strong></span> <span class='ocrx_word' id='word_1_149' title='bbox 1916 1672 1920 1679; x_wconf 36' lang='grc'><strong><em>,</em></strong></span> 
     </span>
    </p>
   </div>
   <div class='ocr_carea' id='block_1_8' title="bbox 73 1692 1786 2168">
    <p class='ocr_par' dir='ltr' id='par_1_8' title="bbox 73 1692 1786 2168">
     <span class='ocr_line' id='line_1_15' title="bbox 75 1692 1783 1779; baseline -0.004 -19"><span class='ocrx_word' id='word_1_150' title='bbox 75 1720 140 1760; x_wconf 87' lang='lat' dir='ltr'><strong>cum</strong></span> <span class='ocrx_word' id='word_1_151' title='bbox 157 1704 293 1771; x_wconf 77' lang='lat' dir='ltr'><strong>ferrent,</strong></span> <span class='ocrx_word' id='word_1_152' title='bbox 311 1703 429 1759; x_wconf 88' lang='lat' dir='ltr'><strong>uteum</strong></span> <span class='ocrx_word' id='word_1_153' title='bbox 458 1696 578 1779; x_wconf 76' lang='lat' dir='ltr'><strong>pagani</strong></span> <span class='ocrx_word' id='word_1_154' title='bbox 605 1694 906 1774; x_wconf 63' lang='lat' dir='ltr'><strong>accenduntque</strong></span> <span class='ocrx_word' id='word_1_155' title='bbox 960 1701 992 1756; x_wconf 88' lang='lat' dir='ltr'><strong>et</strong></span> <span class='ocrx_word' id='word_1_156' title='bbox 1019 1694 1202 1756; x_wconf 82' lang='lat' dir='ltr'><strong>Ambrosius</strong></span> <span class='ocrx_word' id='word_1_157' title='bbox 1242 1692 1475 1773; x_wconf 75' lang='lat' dir='ltr'><strong>exemplaribus</strong></span> <span class='ocrx_word' id='word_1_158' title='bbox 1518 1693 1691 1755; x_wconf 88' lang='lat' dir='ltr'><strong>secundum</strong></span> <span class='ocrx_word' id='word_1_159' title='bbox 1720 1696 1783 1755; x_wconf 90' lang='lat' dir='ltr'><strong>He·</strong></span> 
     </span>
     <span class='ocr_line' id='line_1_16' title="bbox 76 1791 1786 1877; baseline -0.004 -20"><span class='ocrx_word' id='word_1_160' title='bbox 76 1816 130 1857; x_wconf 85' lang='lat' dir='ltr'><strong>uos</strong></span> <span class='ocrx_word' id='word_1_161' title='bbox 144 1795 186 1856; x_wconf 86' lang='lat' dir='ltr'><strong>de</strong></span> <span class='ocrx_word' id='word_1_162' title='bbox 206 1794 510 1877; x_wconf 78' lang='lat' dir='ltr'><strong>Christopradicta</strong></span> <span class='ocrx_word' id='word_1_163' title='bbox 524 1792 635 1872; x_wconf 84' lang='lat' dir='ltr'><strong>fuisse</strong></span> <span class='ocrx_word' id='word_1_164' title='bbox 649 1792 796 1871; x_wconf 87' lang='lat' dir='ltr'><strong>dicimus,</strong></span> <span class='ocrx_word' id='word_1_165' title='bbox 813 1791 906 1872; x_wconf 89' lang='lat' dir='ltr'><strong>quasi</strong></span> <span class='ocrx_word' id='word_1_166' title='bbox 920 1794 943 1860; x_wconf 87' lang='grc' dir='ltr'><strong>Β</strong></span> <span class='ocrx_word' id='word_1_167' title='bbox 958 1792 1080 1854; x_wconf 84' lang='lat' dir='ltr'><strong>brreum</strong></span> <span class='ocrx_word' id='word_1_168' title='bbox 1109 1793 1258 1854; x_wconf 91' lang='lat' dir='ltr'><strong>correctis</strong></span> <span class='ocrx_word' id='word_1_169' title='bbox 1285 1797 1318 1852; x_wconf 87' lang='lat' dir='ltr'><strong>et</strong></span> <span class='ocrx_word' id='word_1_170' title='bbox 1358 1791 1533 1852; x_wconf 88' lang='lat' dir='ltr'><strong>emendatis</strong></span> <span class='ocrx_word' id='word_1_171' title='bbox 1574 1809 1698 1871; x_wconf 88' lang='lat' dir='ltr'><strong>semper</strong></span> <span class='ocrx_word' id='word_1_172' title='bbox 1726 1791 1786 1852; x_wconf 89' lang='lat' dir='ltr'><strong>ad-</strong></span> 
     </span>
     <span class='ocr_line' id='line_1_17' title="bbox 74 1888 1785 1970; baseline -0.004 -15"><span class='ocrx_word' id='word_1_173' title='bbox 74 1893 321 1955; x_wconf 81' lang='lat' dir='ltr'><strong>onobiscsseut</strong></span> <span class='ocrx_word' id='word_1_174' title='bbox 346 1892 496 1970; x_wconf 89' lang='lat' dir='ltr'><strong>conficta,</strong></span> <span class='ocrx_word' id='word_1_175' title='bbox 524 1891 686 1952; x_wconf 79' lang='lat' dir='ltr'><strong>mittamus</strong></span> <span class='ocrx_word' id='word_1_176' title='bbox 714 1910 765 1950; x_wconf 88' lang='lat' dir='ltr'><strong>eos</strong></span> <span class='ocrx_word' id='word_1_177' title='bbox 787 1889 830 1949; x_wconf 91' lang='lat' dir='ltr'><strong>ad</strong></span> <span class='ocrx_word' id='word_1_178' title='bbox 845 1888 907 1949; x_wconf 89' lang='lat' dir='ltr'><strong>ini·</strong></span> <span class='ocrx_word' id='word_1_179' title='bbox 963 1891 1122 1967; x_wconf 81' lang='lat' dir='ltr'><strong>haeserint,</strong></span> <span class='ocrx_word' id='word_1_180' title='bbox 1153 1909 1190 1950; x_wconf 89' lang='lat' dir='ltr'><strong>ex</strong></span> <span class='ocrx_word' id='word_1_181' title='bbox 1220 1908 1257 1950; x_wconf 90' lang='lat' dir='ltr'><strong>eo</strong></span> <span class='ocrx_word' id='word_1_182' title='bbox 1298 1889 1389 1950; x_wconf 91' lang='lat' dir='ltr'><strong>nobis</strong></span> <span class='ocrx_word' id='word_1_183' title='bbox 1431 1888 1700 1950; x_wconf 87' lang='lat' dir='ltr'><strong>evidentissimum</strong></span> <span class='ocrx_word' id='word_1_184' title='bbox 1738 1889 1785 1949; x_wconf 91' lang='lat' dir='ltr'><strong>in-</strong></span> 
     </span>
     <span class='ocr_line' id='line_1_18' title="bbox 74 1984 1785 2069; baseline -0.004 -17"><span class='ocrx_word' id='word_1_185' title='bbox 74 1992 402 2064; x_wconf 79' lang='lat' dir='ltr'><strong>micosfideinostrae</strong></span> <span class='ocrx_word' id='word_1_186' title='bbox 419 1987 559 2067; x_wconf 78' lang='lat' dir='ltr'><strong>Jndnos,</strong></span> <span class='ocrx_word' id='word_1_187' title='bbox 588 1989 644 2069; x_wconf 90' lang='lat' dir='ltr'><strong>qui</strong></span> <span class='ocrx_word' id='word_1_188' title='bbox 667 1986 906 2048; x_wconf 88' lang='lat' dir='ltr'><strong>librosuostros</strong></span> <span class='ocrx_word' id='word_1_189' title='bbox 962 1988 1078 2050; x_wconf 90' lang='lat' dir='ltr'><strong>dicium</strong></span> <span class='ocrx_word' id='word_1_190' title='bbox 1107 1988 1251 2068; x_wconf 72' lang='lat' dir='ltr'><strong>praebent</strong></span> <span class='ocrx_word' id='word_1_191' title='bbox 1293 1993 1412 2066; x_wconf 87' lang='lat' dir='ltr'><strong>quanta</strong></span> <span class='ocrx_word' id='word_1_192' title='bbox 1453 1986 1547 2047; x_wconf 80' lang='lat' dir='ltr'><strong>iuer-it</strong></span> <span class='ocrx_word' id='word_1_193' title='bbox 1588 1986 1673 2065; x_wconf 87' lang='lat' dir='ltr'><strong>apud</strong></span> <span class='ocrx_word' id='word_1_194' title='bbox 1713 1984 1785 2046; x_wconf 87' lang='lat' dir='ltr'><strong>ilios</strong></span> 
     </span>
     <span class='ocr_line' id='line_1_19' title="bbox 73 2083 1784 2168; baseline -0.004 -18"><span class='ocrx_word' id='word_1_195' title='bbox 73 2091 318 2167; x_wconf 76' lang='lat' dir='ltr'><strong>circumferunt,</strong></span> <span class='ocrx_word' id='word_1_196' title='bbox 336 2088 370 2147; x_wconf 88' lang='lat' dir='ltr'><strong>iu</strong></span> <span class='ocrx_word' id='word_1_197' title='bbox 398 2085 512 2168; x_wconf 86' lang='lat' dir='ltr'><strong>quibus</strong></span> <span class='ocrx_word' id='word_1_198' title='bbox 527 2086 632 2146; x_wconf 86' lang='lat' dir='ltr'><strong>eadem</strong></span> <span class='ocrx_word' id='word_1_199' title='bbox 647 2084 812 2163; x_wconf 87' lang='lat' dir='ltr'><strong>habeatur,</strong></span> <span class='ocrx_word' id='word_1_200' title='bbox 839 2102 907 2164; x_wconf 80' lang='lat' dir='ltr'><strong>quae</strong></span> <span class='ocrx_word' id='word_1_201' title='bbox 961 2085 1099 2165; x_wconf 73' lang='lat' dir='ltr'><strong>dignitas</strong></span> <span class='ocrx_word' id='word_1_202' title='bbox 1113 2085 1317 2146; x_wconf 85' lang='lat' dir='ltr'><strong>Hebrmorum</strong></span> <span class='ocrx_word' id='word_1_203' title='bbox 1344 2083 1499 2144; x_wconf 89' lang='lat' dir='ltr'><strong>codicum.</strong></span> <span class='ocrx_word' id='word_1_204' title='bbox 1527 2083 1659 2143; x_wconf 83' lang='lat' dir='ltr'><strong>Huncin</strong></span> <span class='ocrx_word' id='word_1_205' title='bbox 1675 2089 1784 2144; x_wconf 89' lang='lat' dir='ltr'><strong>sancto</strong></span> 
     </span>
    </p>
   </div>
   <div class='ocr_carea' id='block_1_9' title="bbox 73 2180 1899 2268">
    <p class='ocr_par' dir='ltr' id='par_1_9' title="bbox 73 2180 1899 2268">
     <span class='ocr_line' id='line_1_20' title="bbox 73 2180 1899 2268; baseline -0.003 -21"><span class='ocrx_word' id='word_1_206' title='bbox 73 2186 367 2268; x_wconf 71' lang='lat' dir='ltr'><strong>norpradicamus.</strong></span> <span class='ocrx_word' id='word_1_207' title='bbox 394 2185 448 2245; x_wconf 90' lang='lat' dir='ltr'><strong>His</strong></span> <span class='ocrx_word' id='word_1_208' title='bbox 471 2189 647 2245; x_wconf 86' lang='lat' dir='ltr'><strong>consonent</strong></span> <span class='ocrx_word' id='word_1_209' title='bbox 671 2181 906 2262; x_wconf 79' lang='lat' dir='ltr'><strong>quaeleguntur</strong></span> <span class='ocrx_word' id='word_1_210' title='bbox 961 2183 1082 2245; x_wconf 86' lang='lat' dir='ltr'><strong>Hilario</strong></span> <span class='ocrx_word' id='word_1_211' title='bbox 1111 2183 1346 2244; x_wconf 83' lang='lat' dir='ltr'><strong>venerationem</strong></span> <span class='ocrx_word' id='word_1_212' title='bbox 1376 2200 1451 2260; x_wconf 80' lang='lat' dir='ltr'><strong>erga</strong></span> <span class='ocrx_word' id='word_1_213' title='bbox 1478 2183 1597 2242; x_wconf 86' lang='lat' dir='ltr'><strong>iontem</strong></span> <span class='ocrx_word' id='word_1_214' title='bbox 1617 2180 1786 2242; x_wconf 82' lang='lat' dir='ltr'><strong>Hebraeum</strong></span> <span class='ocrx_word' id='word_1_215' title='bbox 1896 2256 1899 2263; x_wconf 24' lang='grc' dir='ltr'>Ι</span> 
     </span>
    </p>
   </div>
   <div class='ocr_carea' id='block_1_10' title="bbox 70 2279 1873 3530">
    <p class='ocr_par' dir='ltr' id='par_1_10' title="bbox 70 2279 1873 3530">
     <span class='ocr_line' id='line_1_21' title="bbox 72 2279 1785 2365; baseline -0.005 -19"><span class='ocrx_word' id='word_1_216' title='bbox 72 2287 157 2365; x_wconf 83' lang='lat' dir='ltr'><strong>apud</strong></span> <span class='ocrx_word' id='word_1_217' title='bbox 184 2285 348 2347; x_wconf 81' lang='lat' dir='ltr'><strong>tustinum</strong></span> <span class='ocrx_word' id='word_1_218' title='bbox 376 2284 544 2363; x_wconf 85' lang='lat' dir='ltr'><strong>Martyrem</strong></span> <span class='ocrx_word' id='word_1_219' title='bbox 569 2282 717 2343; x_wconf 85' lang='lat' dir='ltr'><strong>Oratione</strong></span> <span class='ocrx_word' id='word_1_220' title='bbox 746 2280 905 2360; x_wconf 85' lang='lat' dir='ltr'><strong>primead</strong></span> <span class='ocrx_word' id='word_1_221' title='bbox 961 2281 1108 2343; x_wconf 87' lang='lat' dir='ltr'><strong>observat</strong></span> <span class='ocrx_word' id='word_1_222' title='bbox 1136 2284 1248 2342; x_wconf 89' lang='lat' dir='ltr'><strong>Petrus</strong></span> <span class='ocrx_word' id='word_1_223' title='bbox 1288 2285 1397 2341; x_wconf 89' lang='lat' dir='ltr'><strong>noster</strong></span> <span class='ocrx_word' id='word_1_224' title='bbox 1437 2280 1583 2349; x_wconf 80' lang='lat' dir='ltr'><strong>cautant,</strong></span> <span class='ocrx_word' id='word_1_225' title='bbox 1614 2296 1703 2340; x_wconf 88' lang='lat' dir='ltr'><strong>num.</strong></span> <span class='ocrx_word' id='word_1_226' title='bbox 1747 2279 1785 2341; x_wconf 88' lang='grc'><strong>19</strong></span> 
     </span>
     <span class='ocr_line' id='line_1_22' title="bbox 70 2374 1786 2458; baseline -0.004 -15"><span class='ocrx_word' id='word_1_227' title='bbox 70 2387 215 2454; x_wconf 81' lang='lat' dir='ltr'><strong>Graecos,</strong></span> <span class='ocrx_word' id='word_1_228' title='bbox 260 2381 315 2441; x_wconf 90' lang='lat' dir='ltr'><strong>ubi</strong></span> <span class='ocrx_word' id='word_1_229' title='bbox 367 2380 529 2458; x_wconf 82' lang='lat' dir='ltr'><strong>religionis</strong></span> <span class='ocrx_word' id='word_1_230' title='bbox 570 2378 756 2440; x_wconf 83' lang='lat' dir='ltr'><strong>Christianae</strong></span> <span class='ocrx_word' id='word_1_231' title='bbox 808 2377 905 2439; x_wconf 91' lang='lat' dir='ltr'><strong>libros</strong></span> <span class='ocrx_word' id='word_1_232' title='bbox 961 2381 1055 2453; x_wconf 73' lang='lat' dir='ltr'><strong>etto,</strong></span> <span class='ocrx_word' id='word_1_233' title='bbox 1088 2378 1312 2440; x_wconf 84' lang='lat' dir='ltr'><strong>admonitionis</strong></span> <span class='ocrx_word' id='word_1_234' title='bbox 1341 2377 1372 2438; x_wconf 91' lang='lat' dir='ltr'><strong>iu</strong></span> <span class='ocrx_word' id='word_1_235' title='bbox 1402 2376 1669 2438; x_wconf 83' lang='lat' dir='ltr'><strong>Commentarium</strong></span> <span class='ocrx_word' id='word_1_236' title='bbox 1694 2374 1786 2437; x_wconf 87' lang='lat' dir='ltr'><strong>Psal-</strong></span> 
     </span>
     <span class='ocr_line' id='line_1_23' title="bbox 72 2473 1873 2556; baseline -0.003 -17"><span class='ocrx_word' id='word_1_237' title='bbox 72 2484 332 2539; x_wconf 82' lang='lat' dir='ltr'><strong>esserretosesse</strong></span> <span class='ocrx_word' id='word_1_238' title='bbox 361 2480 547 2556; x_wconf 87' lang='lat' dir='ltr'><strong>pronuntiet</strong></span> <span class='ocrx_word' id='word_1_239' title='bbox 575 2493 647 2537; x_wconf 92' lang='lat' dir='ltr'><strong>cum</strong></span> <span class='ocrx_word' id='word_1_240' title='bbox 666 2473 905 2536; x_wconf 82' lang='lat' dir='ltr'><strong>secrisludaeo-</strong></span> <span class='ocrx_word' id='word_1_241' title='bbox 960 2494 1096 2550; x_wconf 90' lang='lat' dir='ltr'><strong>morum,</strong></span> <span class='ocrx_word' id='word_1_242' title='bbox 1113 2475 1178 2536; x_wconf 86' lang='lat' dir='ltr'><strong>sire</strong></span> <span class='ocrx_word' id='word_1_243' title='bbox 1207 2476 1238 2535; x_wconf 92' lang='lat' dir='ltr'><strong>in</strong></span> <span class='ocrx_word' id='word_1_244' title='bbox 1266 2481 1420 2536; x_wconf 88' lang='lat' dir='ltr'><strong>tractatus</strong></span> <span class='ocrx_word' id='word_1_245' title='bbox 1448 2473 1559 2535; x_wconf 87' lang='lat' dir='ltr'><strong>Hilarii</strong></span> <span class='ocrx_word' id='word_1_246' title='bbox 1587 2492 1681 2553; x_wconf 88' lang='lat' dir='ltr'><strong>super</strong></span> <span class='ocrx_word' id='word_1_247' title='bbox 1700 2473 1789 2534; x_wconf 86' lang='lat' dir='ltr'><strong>Psat-</strong></span> <span class='ocrx_word' id='word_1_248' title='bbox 1868 2508 1873 2517; x_wconf 48' lang='grc' dir='ltr'><em>ι</em></span> 
     </span>
     <span class='ocr_line' id='line_1_24' title="bbox 71 2570 1785 2653; baseline -0.004 -16"><span class='ocrx_word' id='word_1_249' title='bbox 71 2594 143 2637; x_wconf 90' lang='lat' dir='ltr'><strong>rum</strong></span> <span class='ocrx_word' id='word_1_250' title='bbox 173 2573 431 2653; x_wconf 85' lang='lat' dir='ltr'><strong>exemplaribus:</strong></span> <span class='ocrx_word' id='word_1_251' title='bbox 462 2591 520 2634; x_wconf 90' lang='lat' dir='ltr'><strong>nec</strong></span> <span class='ocrx_word' id='word_1_252' title='bbox 547 2573 580 2633; x_wconf 92' lang='lat' dir='ltr'><strong>id</strong></span> <span class='ocrx_word' id='word_1_253' title='bbox 609 2571 736 2653; x_wconf 89' lang='lat' dir='ltr'><strong>quidem</strong></span> <span class='ocrx_word' id='word_1_254' title='bbox 761 2572 903 2646; x_wconf 80' lang='lat' dir='ltr'><strong>fortuito,</strong></span> <span class='ocrx_word' id='word_1_255' title='bbox 962 2593 1040 2635; x_wconf 88' lang='lat' dir='ltr'><strong>mos.</strong></span> <span class='ocrx_word' id='word_1_256' title='bbox 1057 2575 1086 2634; x_wconf 89' lang='lat' dir='ltr'><strong>ls</strong></span> <span class='ocrx_word' id='word_1_257' title='bbox 1111 2573 1236 2634; x_wconf 88' lang='lat' dir='ltr'><strong>temetsi</strong></span> <span class='ocrx_word' id='word_1_258' title='bbox 1265 2579 1372 2634; x_wconf 87' lang='lat' dir='ltr'><strong>netem</strong></span> <span class='ocrx_word' id='word_1_259' title='bbox 1400 2572 1439 2632; x_wconf 92' lang='lat' dir='ltr'><strong>de</strong></span> <span class='ocrx_word' id='word_1_260' title='bbox 1469 2570 1578 2633; x_wconf 91' lang='lat' dir='ltr'><strong>mundi</strong></span> <span class='ocrx_word' id='word_1_261' title='bbox 1603 2577 1785 2633; x_wconf 80' lang='lat' dir='ltr'><strong>aetatecon·</strong></span> 
     </span>
     <span class='ocr_line' id='line_1_25' title="bbox 72 2669 1788 2751; baseline -0.003 -16"><span class='ocrx_word' id='word_1_262' title='bbox 72 2675 127 2735; x_wconf 86' lang='lat' dir='ltr'><strong>sed</strong></span> <span class='ocrx_word' id='word_1_263' title='bbox 158 2692 198 2733; x_wconf 86' lang='lat' dir='ltr'><strong>ex</strong></span> <span class='ocrx_word' id='word_1_264' title='bbox 229 2672 346 2732; x_wconf 84' lang='lat' dir='ltr'><strong>dirinae</strong></span> <span class='ocrx_word' id='word_1_265' title='bbox 376 2670 582 2751; x_wconf 73' lang='lat' dir='ltr'><strong>providentia</strong></span> <span class='ocrx_word' id='word_1_266' title='bbox 608 2669 740 2732; x_wconf 90' lang='lat' dir='ltr'><strong>consitio</strong></span> <span class='ocrx_word' id='word_1_267' title='bbox 765 2669 904 2731; x_wconf 83' lang='lat' dir='ltr'><strong>admira·</strong></span> <span class='ocrx_word' id='word_1_268' title='bbox 961 2672 1146 2733; x_wconf 82' lang='lat' dir='ltr'><strong>troversiam</strong></span> <span class='ocrx_word' id='word_1_269' title='bbox 1162 2670 1285 2749; x_wconf 80' lang='lat' dir='ltr'><strong>ingredi</strong></span> <span class='ocrx_word' id='word_1_270' title='bbox 1311 2671 1391 2731; x_wconf 86' lang='lat' dir='ltr'><strong>torte</strong></span> <span class='ocrx_word' id='word_1_271' title='bbox 1420 2669 1541 2742; x_wconf 90' lang='lat' dir='ltr'><strong>nolens,</strong></span> <span class='ocrx_word' id='word_1_272' title='bbox 1570 2687 1695 2731; x_wconf 91' lang='lat' dir='ltr'><strong>omnem</strong></span> <span class='ocrx_word' id='word_1_273' title='bbox 1720 2686 1788 2730; x_wconf 91' lang='lat' dir='ltr'><strong>ese</strong></span> 
     </span>
     <span class='ocr_line' id='line_1_26' title="bbox 74 2765 1786 2849; baseline -0.002 -18"><span class='ocrx_word' id='word_1_274' title='bbox 74 2771 154 2831; x_wconf 86' lang='lat' dir='ltr'><strong>biti:</strong></span> <span class='ocrx_word' id='word_1_275' title='bbox 186 2768 273 2830; x_wconf 88' lang='lat' dir='ltr'><strong>Nam</strong></span> <span class='ocrx_word' id='word_1_276' title='bbox 301 2768 386 2848; x_wconf 89' lang='lat' dir='ltr'><strong>quod</strong></span> <span class='ocrx_word' id='word_1_277' title='bbox 424 2768 517 2828; x_wconf 89' lang='lat' dir='ltr'><strong>ctiam</strong></span> <span class='ocrx_word' id='word_1_278' title='bbox 546 2787 629 2828; x_wconf 87' lang='lat' dir='ltr'><strong>nunc</strong></span> <span class='ocrx_word' id='word_1_279' title='bbox 656 2767 741 2849; x_wconf 86' lang='lat' dir='ltr'><strong>apud</strong></span> <span class='ocrx_word' id='word_1_280' title='bbox 780 2765 904 2834; x_wconf 82' lang='lat' dir='ltr'><strong>ludaeos</strong></span> <span class='ocrx_word' id='word_1_281' title='bbox 963 2775 1103 2832; x_wconf 76' lang='lat' dir='ltr'><strong>removet</strong></span> <span class='ocrx_word' id='word_1_282' title='bbox 1130 2769 1339 2848; x_wconf 88' lang='lat' dir='ltr'><strong>suspicionem</strong></span> <span class='ocrx_word' id='word_1_283' title='bbox 1369 2767 1528 2847; x_wconf 88' lang='lat' dir='ltr'><strong>opinionis</strong></span> <span class='ocrx_word' id='word_1_284' title='bbox 1570 2766 1786 2845; x_wconf 79' lang='lat' dir='ltr'><strong>praejudicatur</strong></span> 
     </span>
     <span class='ocr_line' id='line_1_27' title="bbox 71 2862 1785 2947; baseline -0.003 -21"><span class='ocrx_word' id='word_1_285' title='bbox 71 2865 205 2947; x_wconf 85' lang='lat' dir='ltr'><strong>pietatis</strong></span> <span class='ocrx_word' id='word_1_286' title='bbox 234 2869 347 2925; x_wconf 75' lang='lat' dir='ltr'><strong>nostra</strong></span> <span class='ocrx_word' id='word_1_287' title='bbox 374 2862 454 2925; x_wconf 82' lang='lat' dir='ltr'><strong>libri</strong></span> <span class='ocrx_word' id='word_1_288' title='bbox 479 2868 692 2941; x_wconf 84' lang='lat' dir='ltr'><strong>asservantur,</strong></span> <span class='ocrx_word' id='word_1_289' title='bbox 722 2862 838 2924; x_wconf 73' lang='lat' dir='ltr'><strong>diuinae</strong></span> <span class='ocrx_word' id='word_1_290' title='bbox 867 2863 903 2923; x_wconf 88' lang='lat' dir='ltr'><strong>id</strong></span> <span class='ocrx_word' id='word_1_291' title='bbox 960 2867 1142 2947; x_wconf 81' lang='lat' dir='ltr'><strong>ingratiam</strong></span> <span class='ocrx_word' id='word_1_292' title='bbox 1175 2866 1376 2927; x_wconf 65' lang='lat' dir='ltr'><strong>Hebraeorum</strong></span> <span class='ocrx_word' id='word_1_293' title='bbox 1405 2864 1613 2938; x_wconf 81' lang='lat' dir='ltr'><strong>rolunrinum,</strong></span> <span class='ocrx_word' id='word_1_294' title='bbox 1635 2863 1785 2943; x_wconf 88' lang='lat' dir='ltr'><strong>testisque</strong></span> 
     </span>
     <span class='ocr_line' id='line_1_28' title="bbox 74 2960 1785 3044; baseline -0.001 -21"><span class='ocrx_word' id='word_1_295' title='bbox 74 2964 112 3023; x_wconf 84' lang='lat' dir='ltr'><strong>de</strong></span> <span class='ocrx_word' id='word_1_296' title='bbox 139 2962 234 3024; x_wconf 88' lang='lat' dir='ltr'><strong>nobis</strong></span> <span class='ocrx_word' id='word_1_297' title='bbox 262 2970 339 3044; x_wconf 89' lang='lat' dir='ltr'><strong>opus</strong></span> <span class='ocrx_word' id='word_1_298' title='bbox 366 2966 414 3022; x_wconf 89' lang='lat' dir='ltr'><strong>est</strong></span> <span class='ocrx_word' id='word_1_299' title='bbox 432 2960 623 3044; x_wconf 82' lang='lat' dir='ltr'><strong>prudentia.</strong></span> <span class='ocrx_word' id='word_1_300' title='bbox 654 2960 837 3022; x_wconf 77' lang='lat' dir='ltr'><strong>Audiendus</strong></span> <span class='ocrx_word' id='word_1_301' title='bbox 864 2960 903 3021; x_wconf 92' lang='lat' dir='ltr'><strong>de</strong></span> <span class='ocrx_word' id='word_1_302' title='bbox 959 2964 1081 3025; x_wconf 88' lang='lat' dir='ltr'><strong>accedit</strong></span> <span class='ocrx_word' id='word_1_303' title='bbox 1110 2963 1249 3043; x_wconf 87' lang='lat' dir='ltr'><strong>locuples</strong></span> <span class='ocrx_word' id='word_1_304' title='bbox 1278 2963 1318 3024; x_wconf 88' lang='lat' dir='ltr'><strong>ad</strong></span> <span class='ocrx_word' id='word_1_305' title='bbox 1347 2961 1592 3023; x_wconf 83' lang='lat' dir='ltr'><strong>declaratione-m</strong></span> <span class='ocrx_word' id='word_1_306' title='bbox 1622 2960 1785 3022; x_wconf 70' lang='lat' dir='ltr'><strong>sententia</strong></span> 
     </span>
     <span class='ocr_line' id='line_1_29' title="bbox 77 3057 1787 3140; baseline -0.003 -18"><span class='ocrx_word' id='word_1_307' title='bbox 77 3062 393 3138; x_wconf 78' lang='lat' dir='ltr'><strong>eodemergumento</strong></span> <span class='ocrx_word' id='word_1_308' title='bbox 421 3059 646 3132; x_wconf 84' lang='lat' dir='ltr'><strong>Tertullianus,</strong></span> <span class='ocrx_word' id='word_1_309' title='bbox 671 3057 902 3138; x_wconf 89' lang='lat' dir='ltr'><strong>quiapertissi·</strong></span> <span class='ocrx_word' id='word_1_310' title='bbox 957 3062 1061 3124; x_wconf 86' lang='lat' dir='ltr'><strong>saneti</strong></span> <span class='ocrx_word' id='word_1_311' title='bbox 1090 3060 1216 3140; x_wconf 83' lang='lat' dir='ltr'><strong>Hilarii,</strong></span> <span class='ocrx_word' id='word_1_312' title='bbox 1246 3077 1339 3139; x_wconf 88' lang='lat' dir='ltr'><strong>quem</strong></span> <span class='ocrx_word' id='word_1_313' title='bbox 1369 3059 1460 3120; x_wconf 84' lang='lat' dir='ltr'><strong>nobie</strong></span> <span class='ocrx_word' id='word_1_314' title='bbox 1488 3058 1595 3120; x_wconf 88' lang='lat' dir='ltr'><strong>edidit.</strong></span> <span class='ocrx_word' id='word_1_315' title='bbox 1625 3058 1676 3119; x_wconf 89' lang='lat' dir='ltr'><strong>Sic</strong></span> <span class='ocrx_word' id='word_1_316' title='bbox 1690 3057 1787 3136; x_wconf 77' lang='lat' dir='ltr'><strong>igitur</strong></span> 
     </span>
     <span class='ocr_line' id='line_1_30' title="bbox 75 3154 1785 3237; baseline -0.002 -19"><span class='ocrx_word' id='word_1_317' title='bbox 75 3176 125 3218; x_wconf 87' lang='lat' dir='ltr'><strong>me</strong></span> <span class='ocrx_word' id='word_1_318' title='bbox 153 3159 355 3219; x_wconf 87' lang='lat' dir='ltr'><strong>demonstrat</strong></span> <span class='ocrx_word' id='word_1_319' title='bbox 382 3175 563 3236; x_wconf 86' lang='lat' dir='ltr'><strong>supremam</strong></span> <span class='ocrx_word' id='word_1_320' title='bbox 592 3155 686 3217; x_wconf 88' lang='lat' dir='ltr'><strong>tuisse</strong></span> <span class='ocrx_word' id='word_1_321' title='bbox 714 3156 746 3216; x_wconf 90' lang='lat' dir='ltr'><strong>in</strong></span> <span class='ocrx_word' id='word_1_322' title='bbox 766 3155 904 3216; x_wconf 82' lang='lat' dir='ltr'><strong>Ecclesia</strong></span> <span class='ocrx_word' id='word_1_323' title='bbox 920 3158 942 3226; x_wconf 83' lang='lat' dir='ltr'><strong>G</strong></span> <span class='ocrx_word' id='word_1_324' title='bbox 961 3159 1115 3221; x_wconf 86' lang='lat' dir='ltr'><strong>nonnulle</strong></span> <span class='ocrx_word' id='word_1_325' title='bbox 1144 3158 1214 3219; x_wconf 87' lang='lat' dir='ltr'><strong>ioca</strong></span> <span class='ocrx_word' id='word_1_326' title='bbox 1241 3161 1379 3237; x_wconf 89' lang='lat' dir='ltr'><strong>Operum</strong></span> <span class='ocrx_word' id='word_1_327' title='bbox 1407 3174 1426 3216; x_wconf 87' lang='lat' dir='ltr'><strong>a</strong></span> <span class='ocrx_word' id='word_1_328' title='bbox 1455 3173 1488 3216; x_wconf 92' lang='lat' dir='ltr'><strong>se</strong></span> <span class='ocrx_word' id='word_1_329' title='bbox 1504 3173 1605 3234; x_wconf 86' lang='lat' dir='ltr'><strong>nuper</strong></span> <span class='ocrx_word' id='word_1_330' title='bbox 1628 3154 1785 3215; x_wconf 87' lang='lat' dir='ltr'><strong>editorum</strong></span> 
     </span>
     <span class='ocr_line' id='line_1_31' title="bbox 73 3247 1787 3336; baseline -0.004 -20"><span class='ocrx_word' id='word_1_331' title='bbox 73 3254 190 3316; x_wconf 79' lang='lat' dir='ltr'><strong>Christi</strong></span> <span class='ocrx_word' id='word_1_332' title='bbox 218 3247 449 3315; x_wconf 84' lang='lat' dir='ltr'><strong>auctoritatem</strong></span> <span class='ocrx_word' id='word_1_333' title='bbox 470 3252 677 3315; x_wconf 70' lang='lat' dir='ltr'><strong>Hebraeorum</strong></span> <span class='ocrx_word' id='word_1_334' title='bbox 708 3252 904 3313; x_wconf 89' lang='lat' dir='ltr'><strong>voluminum</strong></span> <span class='ocrx_word' id='word_1_335' title='bbox 960 3257 1135 3336; x_wconf 83' lang='lat' dir='ltr'><strong>expendit:</strong></span> <span class='ocrx_word' id='word_1_336' title='bbox 1184 3254 1308 3334; x_wconf 85' lang='lat' dir='ltr'><strong>Quanti</strong></span> <span class='ocrx_word' id='word_1_337' title='bbox 1348 3253 1440 3314; x_wconf 89' lang='lat' dir='ltr'><strong>etiam</strong></span> <span class='ocrx_word' id='word_1_338' title='bbox 1475 3252 1594 3330; x_wconf 76' lang='lat' dir='ltr'><strong>jecerit</strong></span> <span class='ocrx_word' id='word_1_339' title='bbox 1622 3251 1787 3332; x_wconf 86' lang='lat' dir='ltr'><strong>(Hilarius)</strong></span> 
     </span>
     <span class='ocr_line' id='line_1_32' title="bbox 72 3349 1788 3434; baseline -0.001 -23"><span class='ocrx_word' id='word_1_340' title='bbox 72 3352 237 3412; x_wconf 82' lang='lat' dir='ltr'><strong>adrerum</strong></span> <span class='ocrx_word' id='word_1_341' title='bbox 262 3349 469 3411; x_wconf 80' lang='lat' dir='ltr'><strong>ineffabilium</strong></span> <span class='ocrx_word' id='word_1_342' title='bbox 498 3351 662 3413; x_wconf 86' lang='lat' dir='ltr'><strong>veritatem</strong></span> <span class='ocrx_word' id='word_1_343' title='bbox 692 3350 904 3429; x_wconf 82' lang='lat' dir='ltr'><strong>comprobari·</strong></span> <span class='ocrx_word' id='word_1_344' title='bbox 960 3353 1162 3414; x_wconf 84' lang='lat' dir='ltr'><strong>Psalmornm</strong></span> <span class='ocrx_word' id='word_1_345' title='bbox 1191 3351 1309 3414; x_wconf 89' lang='lat' dir='ltr'><strong>librum</strong></span> <span class='ocrx_word' id='word_1_346' title='bbox 1337 3352 1422 3434; x_wconf 87' lang='lat' dir='ltr'><strong>apud</strong></span> <span class='ocrx_word' id='word_1_347' title='bbox 1453 3349 1592 3429; x_wconf 80' lang='lat' dir='ltr'><strong>Graecos,</strong></span> <span class='ocrx_word' id='word_1_348' title='bbox 1616 3349 1788 3410; x_wconf 87' lang='lat' dir='ltr'><strong>secuudum</strong></span> 
     </span>
     <span class='ocr_line' id='line_1_33' title="bbox 74 3446 1787 3530; baseline -0.001 -18"><span class='ocrx_word' id='word_1_349' title='bbox 74 3449 160 3526; x_wconf 80' lang='lat' dir='ltr'><strong>dam,</strong></span> <span class='ocrx_word' id='word_1_350' title='bbox 192 3453 225 3510; x_wconf 78' lang='lat' dir='ltr'><strong>et</strong></span> <span class='ocrx_word' id='word_1_351' title='bbox 253 3447 387 3509; x_wconf 75' lang='lat' dir='ltr'><strong>ethnicis</strong></span> <span class='ocrx_word' id='word_1_352' title='bbox 415 3448 509 3507; x_wconf 81' lang='lat' dir='ltr'><strong>fldem</strong></span> <span class='ocrx_word' id='word_1_353' title='bbox 544 3447 720 3509; x_wconf 71' lang='lat' dir='ltr'><strong>faciendam</strong></span> <span class='ocrx_word' id='word_1_354' title='bbox 750 3447 789 3508; x_wconf 72' lang='lat' dir='ltr'><strong>de</strong></span> <span class='ocrx_word' id='word_1_355' title='bbox 817 3446 904 3508; x_wconf 78' lang='lat' dir='ltr'><strong>cuitu</strong></span> <span class='ocrx_word' id='word_1_356' title='bbox 959 3450 1111 3513; x_wconf 78' lang='lat' dir='ltr'><strong>Hebraea</strong></span> <span class='ocrx_word' id='word_1_357' title='bbox 1139 3452 1345 3530; x_wconf 85' lang='lat' dir='ltr'><strong>emendatum,</strong></span> <span class='ocrx_word' id='word_1_358' title='bbox 1377 3451 1471 3511; x_wconf 89' lang='lat' dir='ltr'><strong>initio</strong></span> <span class='ocrx_word' id='word_1_359' title='bbox 1508 3449 1617 3510; x_wconf 90' lang='lat' dir='ltr'><strong>littera</strong></span> <span class='ocrx_word' id='word_1_360' title='bbox 1644 3450 1675 3526; x_wconf 84' lang='lat'><strong>8,</strong></span> <span class='ocrx_word' id='word_1_361' title='bbox 1700 3446 1787 3529; x_wconf 86' lang='lat' dir='ltr'><strong>psal.</strong></span> 
     </span>
    </p>
   </div>
   <div class='ocr_carea' id='block_1_11' title="bbox 74 3544 1906 3630">
    <p class='ocr_par' dir='ltr' id='par_1_11' title="bbox 74 3544 1906 3630">
     <span class='ocr_line' id='line_1_34' title="bbox 74 3544 1906 3630; baseline -0.005 -16"><span class='ocrx_word' id='word_1_362' title='bbox 74 3544 442 3623; x_wconf 68' lang='lat' dir='ltr'><strong>Chritlitnaeteiigiossit</strong></span> <span class='ocrx_word' id='word_1_363' title='bbox 471 3550 600 3609; x_wconf 72' lang='lat' dir='ltr'><strong>notirae·</strong></span> <span class='ocrx_word' id='word_1_364' title='bbox 629 3544 773 3606; x_wconf 63' lang='lat' dir='ltr'><strong>inanium</strong></span> <span class='ocrx_word' id='word_1_365' title='bbox 798 3544 905 3624; x_wconf 67' lang='lat' dir='ltr'><strong>litque</strong></span> <span class='ocrx_word' id='word_1_366' title='bbox 961 3567 1067 3630; x_wconf 80' lang='lat' dir='ltr'><strong>cxviii,</strong></span> <span class='ocrx_word' id='word_1_367' title='bbox 1098 3555 1243 3610; x_wconf 88' lang='lat' dir='ltr'><strong>testatum</strong></span> <span class='ocrx_word' id='word_1_368' title='bbox 1272 3549 1427 3630; x_wconf 87' lang='lat' dir='ltr'><strong>reliquit:</strong></span> <span class='ocrx_word' id='word_1_369' title='bbox 1458 3546 1512 3608; x_wconf 92' lang='lat' dir='ltr'><strong>ubi</strong></span> <span class='ocrx_word' id='word_1_370' title='bbox 1538 3567 1557 3606; x_wconf 92' lang='lat' dir='ltr'><strong>a</strong></span> <span class='ocrx_word' id='word_1_371' title='bbox 1577 3550 1799 3628; x_wconf 77' lang='lat' dir='ltr'><strong>pracanccpta</strong></span> <span class='ocrx_word' id='word_1_372' title='bbox 1901 3602 1906 3611; x_wconf 86' lang='grc'><em>,</em></span> 
     </span>
    </p>
   </div>
   <div class='ocr_carea' id='block_1_12' title="bbox 73 3641 1789 4023">
    <p class='ocr_par' dir='ltr' id='par_1_12' title="bbox 73 3641 1789 4023">
     <span class='ocr_line' id='line_1_35' title="bbox 73 3641 1788 3729; baseline 0 -27"><span class='ocrx_word' id='word_1_373' title='bbox 73 3644 209 3704; x_wconf 83' lang='lat' dir='ltr'><strong>deorum</strong></span> <span class='ocrx_word' id='word_1_374' title='bbox 253 3642 390 3703; x_wconf 88' lang='lat' dir='ltr'><strong>cultores</strong></span> <span class='ocrx_word' id='word_1_375' title='bbox 433 3641 493 3703; x_wconf 87' lang='lat' dir='ltr'><strong>hoc</strong></span> <span class='ocrx_word' id='word_1_376' title='bbox 536 3642 630 3703; x_wconf 90' lang='lat' dir='ltr'><strong>modo</strong></span> <span class='ocrx_word' id='word_1_377' title='bbox 671 3642 834 3722; x_wconf 88' lang='lat' dir='ltr'><strong>compellit</strong></span> <span class='ocrx_word' id='word_1_378' title='bbox 874 3648 906 3703; x_wconf 87' lang='lat' dir='ltr'><strong>et</strong></span> <span class='ocrx_word' id='word_1_379' title='bbox 961 3649 1126 3725; x_wconf 88' lang='lat' dir='ltr'><strong>sententia,</strong></span> <span class='ocrx_word' id='word_1_380' title='bbox 1157 3668 1249 3729; x_wconf 90' lang='lat' dir='ltr'><strong>quam</strong></span> <span class='ocrx_word' id='word_1_381' title='bbox 1278 3647 1386 3708; x_wconf 86' lang='lat' dir='ltr'><strong>Latini</strong></span> <span class='ocrx_word' id='word_1_382' title='bbox 1404 3642 1788 3722; x_wconf 82' lang='lat' dir='ltr'><strong>codicescoufirmabaut,</strong></span> 
     </span>
     <span class='ocr_line' id='line_1_36' title="bbox 74 3737 1789 3825; baseline 0 -25"><span class='ocrx_word' id='word_1_383' title='bbox 74 3739 272 3819; x_wconf 86' lang='lat' dir='ltr'><strong>interpellat.</strong></span> <span class='ocrx_word' id='word_1_384' title='bbox 289 3739 457 3819; x_wconf 77' lang='lat' dir='ltr'><strong>Apologet.</strong></span> <span class='ocrx_word' id='word_1_385' title='bbox 487 3757 558 3819; x_wconf 85' lang='lat' dir='ltr'><strong>cap.</strong></span> <span class='ocrx_word' id='word_1_386' title='bbox 589 3743 626 3803; x_wconf 89' lang='lat'><strong>18</strong></span> <span class='ocrx_word' id='word_1_387' title='bbox 654 3746 685 3799; x_wconf 84' lang='lat' dir='ltr'><strong>et</strong></span> <span class='ocrx_word' id='word_1_388' title='bbox 709 3743 766 3802; x_wconf 79' lang='lat' dir='ltr'><strong>ta:</strong></span> <span class='ocrx_word' id='word_1_389' title='bbox 783 3737 906 3800; x_wconf 79' lang='lat' dir='ltr'><strong>Haecet</strong></span> <span class='ocrx_word' id='word_1_390' title='bbox 961 3767 997 3806; x_wconf 88' lang='lat' dir='ltr'><strong>ae</strong></span> <span class='ocrx_word' id='word_1_391' title='bbox 1012 3745 1163 3808; x_wconf 88' lang='lat' dir='ltr'><strong>nonnulli</strong></span> <span class='ocrx_word' id='word_1_392' title='bbox 1181 3744 1297 3825; x_wconf 74' lang='lat' dir='ltr'><strong>Greci,</strong></span> <span class='ocrx_word' id='word_1_393' title='bbox 1315 3744 1351 3805; x_wconf 92' lang='lat' dir='ltr'><strong>ob</strong></span> <span class='ocrx_word' id='word_1_394' title='bbox 1379 3765 1471 3805; x_wconf 82' lang='lat' dir='ltr'><strong>renam</strong></span> <span class='ocrx_word' id='word_1_395' title='bbox 1497 3743 1589 3804; x_wconf 87' lang='lat' dir='ltr'><strong>illins</strong></span> <span class='ocrx_word' id='word_1_396' title='bbox 1615 3741 1789 3802; x_wconf 88' lang='lat' dir='ltr'><strong>auctorita-</strong></span> 
     </span>
     <span class='ocr_line' id='line_1_37' title="bbox 74 3836 1788 3922; baseline -0.004 -19"><span class='ocrx_word' id='word_1_397' title='bbox 74 3858 131 3898; x_wconf 77' lang='lat' dir='ltr'><strong>nos</strong></span> <span class='ocrx_word' id='word_1_398' title='bbox 159 3837 297 3897; x_wconf 74' lang='lat' dir='ltr'><strong>risimus</strong></span> <span class='ocrx_word' id='word_1_399' title='bbox 323 3836 507 3918; x_wconf 77' lang='lat' dir='ltr'><strong>aliquando·</strong></span> <span class='ocrx_word' id='word_1_400' title='bbox 537 3836 588 3899; x_wconf 78' lang='lat' dir='ltr'><strong>De</strong></span> <span class='ocrx_word' id='word_1_401' title='bbox 616 3836 729 3898; x_wconf 79' lang='lat' dir='ltr'><strong>vestris</strong></span> <span class='ocrx_word' id='word_1_402' title='bbox 748 3837 903 3912; x_wconf 75' lang='lat' dir='ltr'><strong>fuimus-¹</strong></span> <span class='ocrx_word' id='word_1_403' title='bbox 961 3849 1018 3904; x_wconf 88' lang='lat' dir='ltr'><strong>tem</strong></span> <span class='ocrx_word' id='word_1_404' title='bbox 1047 3843 1195 3904; x_wconf 83' lang='lat' dir='ltr'><strong>discedit.</strong></span> <span class='ocrx_word' id='word_1_405' title='bbox 1226 3842 1265 3903; x_wconf 89' lang='lat' dir='ltr'><strong>In</strong></span> <span class='ocrx_word' id='word_1_406' title='bbox 1293 3842 1432 3922; x_wconf 83' lang='lat' dir='ltr'><strong>ejrrsdem</strong></span> <span class='ocrx_word' id='word_1_407' title='bbox 1460 3840 1539 3902; x_wconf 83' lang='lat' dir='ltr'><strong>libri</strong></span> <span class='ocrx_word' id='word_1_408' title='bbox 1564 3837 1788 3916; x_wconf 85' lang='lat' dir='ltr'><strong>emendatione,</strong></span> 
     </span>
     <span class='ocr_line' id='line_1_38' title="bbox 74 3932 1789 4023; baseline -0.005 -21"><span class='ocrx_word' id='word_1_409' title='bbox 74 3937 172 4011; x_wconf 75' lang='lat' dir='ltr'><strong>fiunt,</strong></span> <span class='ocrx_word' id='word_1_410' title='bbox 191 3939 445 3995; x_wconf 86' lang='lat' dir='ltr'><strong>nonnascuntur</strong></span> <span class='ocrx_word' id='word_1_411' title='bbox 476 3932 671 3995; x_wconf 72' lang='lat' dir='ltr'><strong>Christiani·</strong></span> <span class='ocrx_word' id='word_1_412' title='bbox 707 3933 804 4012; x_wconf 80' lang='lat' dir='ltr'><strong>Quod</strong></span> <span class='ocrx_word' id='word_1_413' title='bbox 817 3933 906 3994; x_wconf 72' lang='lat' dir='ltr'><strong>dlxi·</strong></span> <span class='ocrx_word' id='word_1_414' title='bbox 961 3942 1048 4003; x_wconf 91' lang='lat' dir='ltr'><strong>utin</strong></span> <span class='ocrx_word' id='word_1_415' title='bbox 1077 3941 1175 4002; x_wconf 86' lang='lat' dir='ltr'><strong>totins</strong></span> <span class='ocrx_word' id='word_1_416' title='bbox 1194 3940 1318 4023; x_wconf 82' lang='lat' dir='ltr'><strong>psalmi</strong></span> <span class='ocrx_word' id='word_1_417' title='bbox 1344 3955 1435 4001; x_wconf 80' lang='lat' dir='ltr'><strong>extus</strong></span> <span class='ocrx_word' id='word_1_418' title='bbox 1462 3936 1689 4018; x_wconf 80' lang='lat' dir='ltr'><strong>explanatione,</strong></span> <span class='ocrx_word' id='word_1_419' title='bbox 1719 3952 1789 3994; x_wconf 90' lang='lat' dir='ltr'><strong>cou-</strong></span> 
     </span>
    </p>
   </div>
   <div class='ocr_carea' id='block_1_13' title="bbox 73 4024 1911 4116">
    <p class='ocr_par' dir='ltr' id='par_1_13' title="bbox 73 4024 1911 4116">
     <span class='ocr_line' id='line_1_39' title="bbox 73 4024 1911 4116; baseline -0.002 -21"><span class='ocrx_word' id='word_1_420' title='bbox 73 4054 141 4095; x_wconf 83' lang='lat' dir='ltr'><strong>mus</strong></span> <span class='ocrx_word' id='word_1_421' title='bbox 163 4033 404 4116; x_wconf 64' lang='lat' dir='ltr'><strong>predicatores,</strong></span> <span class='ocrx_word' id='word_1_422' title='bbox 428 4032 587 4115; x_wconf 79' lang='lat' dir='ltr'><strong>propheta</strong></span> <span class='ocrx_word' id='word_1_423' title='bbox 619 4034 658 4094; x_wconf 89' lang='lat' dir='ltr'><strong>de</strong></span> <span class='ocrx_word' id='word_1_424' title='bbox 686 4034 797 4112; x_wconf 74' lang='lat' dir='ltr'><strong>officio</strong></span> <span class='ocrx_word' id='word_1_425' title='bbox 820 4041 906 4115; x_wconf 76' lang='lat' dir='ltr'><strong>pras·</strong></span> <span class='ocrx_word' id='word_1_426' title='bbox 960 4040 1059 4100; x_wconf 89' lang='lat' dir='ltr'><strong>sensit</strong></span> <span class='ocrx_word' id='word_1_427' title='bbox 1073 4038 1264 4101; x_wconf 83' lang='lat' dir='ltr'><strong>Ambrosius</strong></span> <span class='ocrx_word' id='word_1_428' title='bbox 1280 4038 1312 4098; x_wconf 92' lang='lat' dir='ltr'><strong>in</strong></span> <span class='ocrx_word' id='word_1_429' title='bbox 1328 4037 1465 4097; x_wconf 85' lang='lat' dir='ltr'><strong>cumdem</strong></span> <span class='ocrx_word' id='word_1_430' title='bbox 1481 4035 1594 4096; x_wconf 88' lang='lat' dir='ltr'><strong>locum.</strong></span> <span class='ocrx_word' id='word_1_431' title='bbox 1615 4031 1789 4113; x_wconf 83' lang='lat' dir='ltr'><strong>Utriusque</strong></span> <span class='ocrx_word' id='word_1_432' title='bbox 1908 4024 1911 4031; x_wconf 71' lang='grc'><strong>’</strong></span> 
     </span>
    </p>
   </div>
   <div class='ocr_carea' id='block_1_14' title="bbox 65 4129 1792 5387">
    <p class='ocr_par' dir='ltr' id='par_1_14' title="bbox 65 4129 1792 4697">
     <span class='ocr_line' id='line_1_40' title="bbox 65 4129 1788 4212; baseline -0.008 -20"><span class='ocrx_word' id='word_1_433' title='bbox 65 4132 170 4209; x_wconf 84' lang='lat' dir='ltr'><strong>sandi</strong></span> <span class='ocrx_word' id='word_1_434' title='bbox 199 4136 362 4191; x_wconf 86' lang='lat' dir='ltr'><strong>uocantur.</strong></span> <span class='ocrx_word' id='word_1_435' title='bbox 401 4129 495 4193; x_wconf 88' lang='lat' dir='ltr'><strong>Voces</strong></span> <span class='ocrx_word' id='word_1_436' title='bbox 530 4151 647 4210; x_wconf 89' lang='lat' dir='ltr'><strong>eornm,</strong></span> <span class='ocrx_word' id='word_1_437' title='bbox 682 4130 813 4211; x_wconf 83' lang='lat' dir='ltr'><strong>itemque</strong></span> <span class='ocrx_word' id='word_1_438' title='bbox 840 4129 905 4190; x_wconf 88' lang='lat' dir='ltr'><strong>uir·</strong></span> <span class='ocrx_word' id='word_1_439' title='bbox 960 4137 1052 4198; x_wconf 70' lang='lat' dir='ltr'><strong>verba</strong></span> <span class='ocrx_word' id='word_1_440' title='bbox 1079 4136 1117 4196; x_wconf 78' lang='lat' dir='ltr'><strong>ab</strong></span> <span class='ocrx_word' id='word_1_441' title='bbox 1146 4136 1233 4197; x_wconf 75' lang='lat' dir='ltr'><strong>illud</strong></span> <span class='ocrx_word' id='word_1_442' title='bbox 1260 4134 1394 4196; x_wconf 68' lang='lat' dir='ltr'><strong>luciani</strong></span> <span class='ocrx_word' id='word_1_443' title='bbox 1421 4132 1571 4205; x_wconf 72' lang='lat' dir='ltr'><strong>martyris</strong></span> <span class='ocrx_word' id='word_1_444' title='bbox 1599 4139 1676 4212; x_wconf 73' lang='lat' dir='ltr'><strong>opus</strong></span> <span class='ocrx_word' id='word_1_445' title='bbox 1703 4150 1788 4191; x_wconf 70' lang='lat' dir='ltr'><strong>com.</strong></span> 
     </span>
     <span class='ocr_line' id='line_1_41' title="bbox 73 4218 1786 4313; baseline -0.001 -24"><span class='ocrx_word' id='word_1_446' title='bbox 73 4236 168 4299; x_wconf 83' lang='lat' dir='ltr'><strong>tutes,</strong></span> <span class='ocrx_word' id='word_1_447' title='bbox 200 4249 282 4309; x_wconf 85' lang='lat' dir='ltr'><strong>qnos</strong></span> <span class='ocrx_word' id='word_1_448' title='bbox 309 4229 353 4289; x_wconf 91' lang='lat' dir='ltr'><strong>ad</strong></span> <span class='ocrx_word' id='word_1_449' title='bbox 370 4229 476 4307; x_wconf 76' lang='lat' dir='ltr'><strong>fidem</strong></span> <span class='ocrx_word' id='word_1_450' title='bbox 505 4228 688 4290; x_wconf 86' lang='lat' dir='ltr'><strong>divinitatis</strong></span> <span class='ocrx_word' id='word_1_451' title='bbox 712 4227 853 4307; x_wconf 86' lang='lat' dir='ltr'><strong>edebant,</strong></span> <span class='ocrx_word' id='word_1_452' title='bbox 872 4227 906 4288; x_wconf 87' lang='lat' dir='ltr'><strong>in</strong></span> <span class='ocrx_word' id='word_1_453' title='bbox 960 4218 1049 4295; x_wconf 87' lang='lat' dir='ltr'><strong>urode</strong></span> <span class='ocrx_word' id='word_1_454' title='bbox 1076 4237 1202 4311; x_wconf 83' lang='lat' dir='ltr'><strong>referes,</strong></span> <span class='ocrx_word' id='word_1_455' title='bbox 1232 4232 1271 4292; x_wconf 93' lang='lat' dir='ltr'><strong>dc</strong></span> <span class='ocrx_word' id='word_1_456' title='bbox 1306 4251 1367 4313; x_wconf 90' lang='lat' dir='ltr'><strong>qno</strong></span> <span class='ocrx_word' id='word_1_457' title='bbox 1407 4229 1598 4306; x_wconf 78' lang='lat' dir='ltr'><strong>Euthymios</strong></span> <span class='ocrx_word' id='word_1_458' title='bbox 1627 4232 1786 4289; x_wconf 88' lang='lat' dir='ltr'><strong>testatur:</strong></span> 
     </span>
     <span class='ocr_line' id='line_1_42' title="bbox 74 4323 1791 4403; baseline 0.002 -19"><span class='ocrx_word' id='word_1_459' title='bbox 74 4324 239 4385; x_wconf 78' lang='lat' dir='ltr'><strong>thesauris</strong></span> <span class='ocrx_word' id='word_1_460' title='bbox 267 4323 448 4384; x_wconf 90' lang='lat' dir='ltr'><strong>litterarum</strong></span> <span class='ocrx_word' id='word_1_461' title='bbox 477 4330 613 4403; x_wconf 89' lang='lat' dir='ltr'><strong>manent,</strong></span> <span class='ocrx_word' id='word_1_462' title='bbox 652 4344 707 4385; x_wconf 86' lang='lat' dir='ltr'><strong>nec</strong></span> <span class='ocrx_word' id='word_1_463' title='bbox 735 4324 795 4384; x_wconf 91' lang='lat' dir='ltr'><strong>iste</strong></span> <span class='ocrx_word' id='word_1_464' title='bbox 824 4344 906 4385; x_wconf 89' lang='lat' dir='ltr'><strong>nunc</strong></span> <span class='ocrx_word' id='word_1_465' title='bbox 961 4331 1107 4393; x_wconf 83' lang='lat' dir='ltr'><strong>omnibus</strong></span> <span class='ocrx_word' id='word_1_466' title='bbox 1144 4329 1335 4391; x_wconf 85' lang='lat' dir='ltr'><strong>editionibus</strong></span> <span class='ocrx_word' id='word_1_467' title='bbox 1361 4328 1446 4400; x_wconf 83' lang='lat' dir='ltr'><strong>risis,</strong></span> <span class='ocrx_word' id='word_1_468' title='bbox 1478 4334 1510 4387; x_wconf 88' lang='lat' dir='ltr'><strong>et</strong></span> <span class='ocrx_word' id='word_1_469' title='bbox 1537 4345 1609 4387; x_wconf 90' lang='lat' dir='ltr'><strong>cum</strong></span> <span class='ocrx_word' id='word_1_470' title='bbox 1635 4325 1791 4388; x_wconf 77' lang='lat' dir='ltr'><strong>Hebraico</strong></span> 
     </span>
     <span class='ocr_line' id='line_1_43' title="bbox 77 4419 1790 4507; baseline 0.002 -27"><span class='ocrx_word' id='word_1_471' title='bbox 77 4421 215 4483; x_wconf 78' lang='lat' dir='ltr'><strong>latent...</strong></span> <span class='ocrx_word' id='word_1_472' title='bbox 246 4419 355 4481; x_wconf 86' lang='lat' dir='ltr'><strong>Hodie</strong></span> <span class='ocrx_word' id='word_1_473' title='bbox 396 4420 481 4502; x_wconf 90' lang='lat' dir='ltr'><strong>apud</strong></span> <span class='ocrx_word' id='word_1_474' title='bbox 519 4420 697 4504; x_wconf 89' lang='lat' dir='ltr'><strong>Serapeum,</strong></span> <span class='ocrx_word' id='word_1_475' title='bbox 740 4420 907 4482; x_wconf 79' lang='lat' dir='ltr'><strong>Ptolomai</strong></span> <span class='ocrx_word' id='word_1_476' title='bbox 962 4428 1094 4489; x_wconf 82' lang='lat' dir='ltr'><strong>veritate</strong></span> <span class='ocrx_word' id='word_1_477' title='bbox 1109 4427 1347 4507; x_wconf 79' lang='lat' dir='ltr'><strong>diligentissime</strong></span> <span class='ocrx_word' id='word_1_478' title='bbox 1374 4425 1510 4498; x_wconf 86' lang='lat' dir='ltr'><strong>collatis,</strong></span> <span class='ocrx_word' id='word_1_479' title='bbox 1540 4423 1701 4504; x_wconf 90' lang='lat' dir='ltr'><strong>propriam</strong></span> <span class='ocrx_word' id='word_1_480' title='bbox 1722 4422 1790 4485; x_wconf 90' lang='lat' dir='ltr'><strong>edi·</strong></span> 
     </span>
     <span class='ocr_line' id='line_1_44' title="bbox 78 4515 1792 4600; baseline -0.006 -21"><span class='ocrx_word' id='word_1_481' title='bbox 78 4516 275 4580; x_wconf 72' lang='lat' dir='ltr'><strong>bibliolltecae</strong></span> <span class='ocrx_word' id='word_1_482' title='bbox 290 4537 358 4577; x_wconf 83' lang='lat' dir='ltr'><strong>cum</strong></span> <span class='ocrx_word' id='word_1_483' title='bbox 375 4517 454 4598; x_wconf 73' lang='lat' dir='ltr'><strong>ipsis</strong></span> <span class='ocrx_word' id='word_1_484' title='bbox 483 4515 654 4579; x_wconf 72' lang='lat' dir='ltr'><strong>Hebraicis</strong></span> <span class='ocrx_word' id='word_1_485' title='bbox 682 4517 801 4579; x_wconf 77' lang='lat' dir='ltr'><strong>llilerls</strong></span> <span class='ocrx_word' id='word_1_486' title='bbox 820 4516 1092 4596; x_wconf 61' lang='lat' dir='ltr'><strong>exhi-DiioneQ</strong></span> <span class='ocrx_word' id='word_1_487' title='bbox 1110 4524 1189 4586; x_wconf 83' lang='lat' dir='ltr'><strong>nihil</strong></span> <span class='ocrx_word' id='word_1_488' title='bbox 1206 4543 1365 4598; x_wconf 59' lang='lat' dir='ltr'><strong>{mnrium¹</strong></span> <span class='ocrx_word' id='word_1_489' title='bbox 1397 4523 1476 4584; x_wconf 81' lang='lat' dir='ltr'><strong>nihil</strong></span> <span class='ocrx_word' id='word_1_490' title='bbox 1493 4521 1662 4583; x_wconf 69' lang='lat' dir='ltr'><strong>habentem</strong></span> <span class='ocrx_word' id='word_1_491' title='bbox 1678 4538 1792 4600; x_wconf 67' lang='lat' dir='ltr'><strong>super.</strong></span> 
     </span>
     <span class='ocr_line' id='line_1_45' title="bbox 78 4613 1508 4697; baseline 0.003 -21"><span class='ocrx_word' id='word_1_492' title='bbox 78 4616 201 4677; x_wconf 79' lang='lat' dir='ltr'><strong>beatur.</strong></span> <span class='ocrx_word' id='word_1_493' title='bbox 216 4614 325 4676; x_wconf 86' lang='lat' dir='ltr'><strong>Sedet</strong></span> <span class='ocrx_word' id='word_1_494' title='bbox 344 4613 454 4684; x_wconf 80' lang='lat' dir='ltr'><strong>Judui</strong></span> <span class='ocrx_word' id='word_1_495' title='bbox 475 4614 585 4697; x_wconf 88' lang='lat' dir='ltr'><strong>palam</strong></span> <span class='ocrx_word' id='word_1_496' title='bbox 614 4615 767 4676; x_wconf 89' lang='lat' dir='ltr'><strong>lectitant.</strong></span> <span class='ocrx_word' id='word_1_497' title='bbox 805 4614 905 4678; x_wconf 88' lang='lat' dir='ltr'><strong>Vecti-</strong></span> <span class='ocrx_word' id='word_1_498' title='bbox 962 4625 1073 4694; x_wconf 78' lang='lat' dir='ltr'><strong>fluum,</strong></span> <span class='ocrx_word' id='word_1_499' title='bbox 1091 4623 1430 4696; x_wconf 76' lang='lat' dir='ltr'><strong>Christianistrndidit,</strong></span> <span class='ocrx_word' id='word_1_500' title='bbox 1448 4630 1508 4685; x_wconf 88' lang='lat' dir='ltr'><strong>ete.</strong></span> 
     </span>
    </p>

    <p class='ocr_par' dir='ltr' id='par_1_15' title="bbox 76 4710 1792 5387">
     <span class='ocr_line' id='line_1_46' title="bbox 79 4710 1790 4802; baseline 0.001 -30"><span class='ocrx_word' id='word_1_501' title='bbox 79 4713 169 4794; x_wconf 73' lang='lat' dir='ltr'><strong>galis</strong></span> <span class='ocrx_word' id='word_1_502' title='bbox 185 4711 318 4773; x_wconf 86' lang='lat' dir='ltr'><strong>libertas</strong></span> <span class='ocrx_word' id='word_1_503' title='bbox 347 4710 444 4791; x_wconf 68' lang='lat' dir='ltr'><strong>uulgo</strong></span> <span class='ocrx_word' id='word_1_504' title='bbox 459 4712 569 4773; x_wconf 88' lang='lat' dir='ltr'><strong>aditur</strong></span> <span class='ocrx_word' id='word_1_505' title='bbox 595 4711 735 4773; x_wconf 89' lang='lat' dir='ltr'><strong>sabbatis</strong></span> <span class='ocrx_word' id='word_1_506' title='bbox 750 4711 904 4773; x_wconf 90' lang='lat' dir='ltr'><strong>amnibus.</strong></span> <span class='ocrx_word' id='word_1_507' title='bbox 1000 4721 1061 4782; x_wconf 70' lang='lat' dir='ltr'><strong>Illa</strong></span> <span class='ocrx_word' id='word_1_508' title='bbox 1075 4742 1143 4782; x_wconf 71' lang='lat' dir='ltr'><strong>cum</strong></span> <span class='ocrx_word' id='word_1_509' title='bbox 1159 4741 1195 4781; x_wconf 76' lang='lat' dir='ltr'><strong>ex</strong></span> <span class='ocrx_word' id='word_1_510' title='bbox 1210 4719 1267 4781; x_wconf 79' lang='lat' dir='ltr'><strong>hoc</strong></span> <span class='ocrx_word' id='word_1_511' title='bbox 1291 4720 1369 4800; x_wconf 74' lang='lat' dir='ltr'><strong>loco,</strong></span> <span class='ocrx_word' id='word_1_512' title='bbox 1395 4741 1455 4802; x_wconf 79' lang='lat' dir='ltr'><strong>quo</strong></span> <span class='ocrx_word' id='word_1_513' title='bbox 1482 4718 1598 4780; x_wconf 85' lang='lat' dir='ltr'><strong>librum</strong></span> <span class='ocrx_word' id='word_1_514' title='bbox 1615 4715 1790 4779; x_wconf 83' lang='lat' dir='ltr'><strong>secundum</strong></span> 
     </span>
     <span class='ocr_line' id='line_1_47' title="bbox 81 4812 1792 4896; baseline 0 -22"><span class='ocrx_word' id='word_1_515' title='bbox 81 4813 151 4892; x_wconf 84' lang='lat' dir='ltr'><strong>Qui</strong></span> <span class='ocrx_word' id='word_1_516' title='bbox 165 4812 319 4890; x_wconf 88' lang='lat' dir='ltr'><strong>audierit,</strong></span> <span class='ocrx_word' id='word_1_517' title='bbox 337 4812 472 4873; x_wconf 86' lang='lat' dir='ltr'><strong>inueniet</strong></span> <span class='ocrx_word' id='word_1_518' title='bbox 499 4812 622 4874; x_wconf 87' lang='lat' dir='ltr'><strong>Deum:</strong></span> <span class='ocrx_word' id='word_1_519' title='bbox 651 4814 907 4896; x_wconf 88' lang='lat' dir='ltr'><strong>quiuutemstu-</strong></span> <span class='ocrx_word' id='word_1_520' title='bbox 961 4820 1111 4881; x_wconf 69' lang='lat' dir='ltr'><strong>Hebraeos</strong></span> <span class='ocrx_word' id='word_1_521' title='bbox 1157 4818 1352 4879; x_wconf 78' lang='lat' dir='ltr'><strong>emendatum</strong></span> <span class='ocrx_word' id='word_1_522' title='bbox 1394 4817 1476 4879; x_wconf 85' lang='lat' dir='ltr'><strong>tanti</strong></span> <span class='ocrx_word' id='word_1_523' title='bbox 1517 4818 1617 4894; x_wconf 78' lang='lat' dir='ltr'><strong>deecit,</strong></span> <span class='ocrx_word' id='word_1_524' title='bbox 1660 4820 1725 4876; x_wconf 89' lang='lat' dir='ltr'><strong>tum</strong></span> <span class='ocrx_word' id='word_1_525' title='bbox 1755 4832 1792 4873; x_wconf 81' lang='lat' dir='ltr'><strong>ex</strong></span> 
     </span>
     <span class='ocr_line' id='line_1_48' title="bbox 77 4911 1790 4998; baseline -0.002 -24"><span class='ocrx_word' id='word_1_526' title='bbox 77 4914 188 4974; x_wconf 81' lang='lat' dir='ltr'><strong>luerit</strong></span> <span class='ocrx_word' id='word_1_527' title='bbox 201 4911 396 4993; x_wconf 79' lang='lat' dir='ltr'><strong>intelligere,</strong></span> <span class='ocrx_word' id='word_1_528' title='bbox 420 4918 552 4989; x_wconf 62' lang='lat' dir='ltr'><strong>cauetur</strong></span> <span class='ocrx_word' id='word_1_529' title='bbox 565 4919 595 4972; x_wconf 89' lang='lat' dir='ltr'><strong>ct</strong></span> <span class='ocrx_word' id='word_1_530' title='bbox 612 4914 746 4975; x_wconf 86' lang='lat' dir='ltr'><strong>credere.</strong></span> <span class='ocrx_word' id='word_1_531' title='bbox 764 4913 907 4975; x_wconf 91' lang='lat' dir='ltr'><strong>Primam</strong></span> <span class='ocrx_word' id='word_1_532' title='bbox 961 4917 1073 4996; x_wconf 83' lang='lat' dir='ltr'><strong>altero,</strong></span> <span class='ocrx_word' id='word_1_533' title='bbox 1089 4937 1149 4998; x_wconf 91' lang='lat' dir='ltr'><strong>quo</strong></span> <span class='ocrx_word' id='word_1_534' title='bbox 1168 4915 1293 4978; x_wconf 72' lang='lat' dir='ltr'><strong>Graecis</strong></span> <span class='ocrx_word' id='word_1_535' title='bbox 1315 4915 1488 4994; x_wconf 86' lang='lat' dir='ltr'><strong>codicibus,</strong></span> <span class='ocrx_word' id='word_1_536' title='bbox 1510 4915 1585 4996; x_wconf 89' lang='lat' dir='ltr'><strong>quia</strong></span> <span class='ocrx_word' id='word_1_537' title='bbox 1601 4933 1639 4974; x_wconf 87' lang='lat' dir='ltr'><strong>ex</strong></span> <span class='ocrx_word' id='word_1_538' title='bbox 1657 4912 1790 4975; x_wconf 82' lang='lat' dir='ltr'><strong>Hebraeo</strong></span> 
     </span>
     <span class='ocr_line' id='line_1_49' title="bbox 78 5010 1791 5095; baseline -0.001 -25"><span class='ocrx_word' id='word_1_539' title='bbox 78 5011 302 5072; x_wconf 81' lang='lat' dir='ltr'><strong>instrumentis</strong></span> <span class='ocrx_word' id='word_1_540' title='bbox 319 5011 392 5070; x_wconf 89' lang='lat' dir='ltr'><strong>istis</strong></span> <span class='ocrx_word' id='word_1_541' title='bbox 405 5010 622 5072; x_wconf 87' lang='lat' dir='ltr'><strong>auctoritatem</strong></span> <span class='ocrx_word' id='word_1_542' title='bbox 637 5031 758 5072; x_wconf 90' lang='lat' dir='ltr'><strong>summa</strong></span> <span class='ocrx_word' id='word_1_543' title='bbox 773 5011 909 5093; x_wconf 77' lang='lat' dir='ltr'><strong>certiqui·</strong></span> <span class='ocrx_word' id='word_1_544' title='bbox 963 5016 1049 5076; x_wconf 85' lang='lat' dir='ltr'><strong>fonte</strong></span> <span class='ocrx_word' id='word_1_545' title='bbox 1084 5015 1219 5094; x_wconf 85' lang='lat' dir='ltr'><strong>proximi</strong></span> <span class='ocrx_word' id='word_1_546' title='bbox 1255 5023 1340 5086; x_wconf 85' lang='lat' dir='ltr'><strong>srrnt,</strong></span> <span class='ocrx_word' id='word_1_547' title='bbox 1382 5013 1547 5095; x_wconf 89' lang='lat' dir='ltr'><strong>aliquanto</strong></span> <span class='ocrx_word' id='word_1_548' title='bbox 1583 5010 1661 5094; x_wconf 79' lang='lat' dir='ltr'><strong>ptus</strong></span> <span class='ocrx_word' id='word_1_549' title='bbox 1698 5028 1791 5090; x_wconf 89' lang='lat' dir='ltr'><strong>quam</strong></span> 
     </span>
     <span class='ocr_line' id='line_1_50' title="bbox 76 5103 1790 5192; baseline -0.002 -24"><span class='ocrx_word' id='word_1_550' title='bbox 76 5116 125 5170; x_wconf 85' lang='lat' dir='ltr'><strong>tos</strong></span> <span class='ocrx_word' id='word_1_551' title='bbox 155 5109 302 5168; x_wconf 86' lang='lat' dir='ltr'><strong>uindicat</strong></span> <span class='ocrx_word' id='word_1_552' title='bbox 327 5128 333 5169; x_wconf 95' lang='lat'><strong>:</strong></span> <span class='ocrx_word' id='word_1_553' title='bbox 363 5107 437 5169; x_wconf 89' lang='lat' dir='ltr'><strong>deos</strong></span> <span class='ocrx_word' id='word_1_554' title='bbox 465 5115 594 5184; x_wconf 87' lang='lat' dir='ltr'><strong>cestros,</strong></span> <span class='ocrx_word' id='word_1_555' title='bbox 633 5110 700 5192; x_wconf 89' lang='lat' dir='ltr'><strong>ipsa</strong></span> <span class='ocrx_word' id='word_1_556' title='bbox 728 5109 851 5191; x_wconf 83' lang='lat' dir='ltr'><strong>templa,</strong></span> <span class='ocrx_word' id='word_1_557' title='bbox 880 5114 910 5169; x_wconf 89' lang='lat' dir='ltr'><strong>ct</strong></span> <span class='ocrx_word' id='word_1_558' title='bbox 963 5112 1087 5173; x_wconf 87' lang='lat' dir='ltr'><strong>Latinis</strong></span> <span class='ocrx_word' id='word_1_559' title='bbox 1122 5112 1322 5172; x_wconf 74' lang='lat' dir='ltr'><strong>arietaritatis</strong></span> <span class='ocrx_word' id='word_1_560' title='bbox 1366 5132 1432 5172; x_wconf 86' lang='lat' dir='ltr'><strong>csse</strong></span> <span class='ocrx_word' id='word_1_561' title='bbox 1473 5111 1589 5183; x_wconf 88' lang='lat' dir='ltr'><strong>innuit,</strong></span> <span class='ocrx_word' id='word_1_562' title='bbox 1627 5127 1715 5168; x_wconf 81' lang='lat' dir='ltr'><strong>seram</strong></span> <span class='ocrx_word' id='word_1_563' title='bbox 1751 5103 1790 5166; x_wconf 88' lang='lat' dir='ltr'><strong>dc</strong></span> 
     </span>
     <span class='ocr_line' id='line_1_51' title="bbox 76 5201 1791 5288; baseline -0.003 -21"><span class='ocrx_word' id='word_1_564' title='bbox 76 5206 222 5283; x_wconf 86' lang='lat' dir='ltr'><strong>oracula,</strong></span> <span class='ocrx_word' id='word_1_565' title='bbox 238 5211 269 5264; x_wconf 91' lang='lat' dir='ltr'><strong>et</strong></span> <span class='ocrx_word' id='word_1_566' title='bbox 282 5224 384 5278; x_wconf 85' lang='lat' dir='ltr'><strong>sacro,</strong></span> <span class='ocrx_word' id='word_1_567' title='bbox 402 5206 496 5266; x_wconf 89' lang='lat' dir='ltr'><strong>unius</strong></span> <span class='ocrx_word' id='word_1_568' title='bbox 518 5207 643 5267; x_wconf 87' lang='lat' dir='ltr'><strong>interim</strong></span> <span class='ocrx_word' id='word_1_569' title='bbox 655 5206 812 5288; x_wconf 81' lang='lat' dir='ltr'><strong>propheta</strong></span> <span class='ocrx_word' id='word_1_570' title='bbox 826 5207 909 5267; x_wconf 88' lang='lat' dir='ltr'><strong>scri·</strong></span> <span class='ocrx_word' id='word_1_571' title='bbox 963 5209 1096 5271; x_wconf 82' lang='lat' dir='ltr'><strong>Hebrmo</strong></span> <span class='ocrx_word' id='word_1_572' title='bbox 1131 5215 1214 5269; x_wconf 87' lang='lat' dir='ltr'><strong>textu</strong></span> <span class='ocrx_word' id='word_1_573' title='bbox 1249 5210 1434 5270; x_wconf 88' lang='lat' dir='ltr'><strong>sententiam</strong></span> <span class='ocrx_word' id='word_1_574' title='bbox 1471 5209 1668 5279; x_wconf 79' lang='lat' dir='ltr'><strong>manifestum</strong></span> <span class='ocrx_word' id='word_1_575' title='bbox 1695 5201 1791 5279; x_wconf 80' lang='lat' dir='ltr'><strong>fecit.</strong></span> 
     </span>
     <span class='ocr_line' id='line_1_52' title="bbox 78 5298 1790 5387; baseline -0.004 -23"><span class='ocrx_word' id='word_1_576' title='bbox 78 5307 166 5366; x_wconf 84' lang='lat' dir='ltr'><strong>aium</strong></span> <span class='ocrx_word' id='word_1_577' title='bbox 182 5301 311 5364; x_wconf 66' lang='lat' dir='ltr'><strong>seculis</strong></span> <span class='ocrx_word' id='word_1_578' title='bbox 326 5302 434 5382; x_wconf 85' lang='lat' dir='ltr'><strong>vincit,</strong></span> <span class='ocrx_word' id='word_1_579' title='bbox 454 5303 487 5363; x_wconf 92' lang='lat' dir='ltr'><strong>in</strong></span> <span class='ocrx_word' id='word_1_580' title='bbox 516 5324 576 5385; x_wconf 88' lang='lat' dir='ltr'><strong>qua</strong></span> <span class='ocrx_word' id='word_1_581' title='bbox 602 5304 728 5364; x_wconf 83' lang='lat' dir='ltr'><strong>videtur</strong></span> <span class='ocrx_word' id='word_1_582' title='bbox 742 5303 910 5365; x_wconf 85' lang='lat' dir='ltr'><strong>thesaurus</strong></span> <span class='ocrx_word' id='word_1_583' title='bbox 965 5308 1073 5387; x_wconf 84' lang='lat' dir='ltr'><strong>Neque</strong></span> <span class='ocrx_word' id='word_1_584' title='bbox 1088 5328 1158 5367; x_wconf 85' lang='lat' dir='ltr'><strong>cero</strong></span> <span class='ocrx_word' id='word_1_585' title='bbox 1173 5313 1272 5368; x_wconf 81' lang='lat' dir='ltr'><strong>textus</strong></span> <span class='ocrx_word' id='word_1_586' title='bbox 1301 5307 1397 5387; x_wconf 89' lang='lat' dir='ltr'><strong>hujus</strong></span> <span class='ocrx_word' id='word_1_587' title='bbox 1426 5308 1636 5368; x_wconf 88' lang='lat' dir='ltr'><strong>sinceritatem</strong></span> <span class='ocrx_word' id='word_1_588' title='bbox 1666 5298 1790 5380; x_wconf 80' lang='lat' dir='ltr'><strong>arguit,</strong></span> 
     </span>
    </p>
   </div>
   <div class='ocr_carea' id='block_1_15' title="bbox 78 5395 1794 5683">
    <p class='ocr_par' dir='ltr' id='par_1_16' title="bbox 78 5395 1794 5683">
     <span class='ocr_line' id='line_1_53' title="bbox 78 5395 1791 5488; baseline -0.004 -24"><span class='ocrx_word' id='word_1_589' title='bbox 78 5402 257 5464; x_wconf 81' lang='lat' dir='ltr'><strong>collocatus</strong></span> <span class='ocrx_word' id='word_1_590' title='bbox 284 5398 382 5460; x_wconf 90' lang='lat' dir='ltr'><strong>totius</strong></span> <span class='ocrx_word' id='word_1_591' title='bbox 410 5399 538 5468; x_wconf 85' lang='lat' dir='ltr'><strong>Iudaici</strong></span> <span class='ocrx_word' id='word_1_592' title='bbox 565 5403 765 5475; x_wconf 88' lang='lat' dir='ltr'><strong>sacramenti,</strong></span> <span class='ocrx_word' id='word_1_593' title='bbox 793 5408 824 5462; x_wconf 88' lang='lat' dir='ltr'><strong>et</strong></span> <span class='ocrx_word' id='word_1_594' title='bbox 838 5403 912 5463; x_wconf 86' lang='lat' dir='ltr'><strong>inde</strong></span> <span class='ocrx_word' id='word_1_595' title='bbox 966 5406 1021 5466; x_wconf 88' lang='lat' dir='ltr'><strong>sed</strong></span> <span class='ocrx_word' id='word_1_596' title='bbox 1037 5410 1157 5465; x_wconf 90' lang='lat' dir='ltr'><strong>tantum</strong></span> <span class='ocrx_word' id='word_1_597' title='bbox 1173 5404 1211 5466; x_wconf 91' lang='lat' dir='ltr'><strong>ab</strong></span> <span class='ocrx_word' id='word_1_598' title='bbox 1226 5405 1295 5484; x_wconf 85' lang='lat' dir='ltr'><strong>ejus</strong></span> <span class='ocrx_word' id='word_1_599' title='bbox 1323 5395 1791 5488; x_wconf 74' lang='lat' dir='ltr'><strong>ambiguitatesibicavendum</strong></span> 
     </span>
     <span class='ocr_line' id='line_1_54' title="bbox 80 5497 1793 5582; baseline -0.002 -23"><span class='ocrx_word' id='word_1_600' title='bbox 80 5503 176 5561; x_wconf 86' lang='lat' dir='ltr'><strong>etiam</strong></span> <span class='ocrx_word' id='word_1_601' title='bbox 192 5497 309 5560; x_wconf 84' lang='lat' dir='ltr'><strong>nostri.</strong></span> <span class='ocrx_word' id='word_1_602' title='bbox 337 5500 382 5560; x_wconf 90' lang='lat' dir='ltr'><strong>De</strong></span> <span class='ocrx_word' id='word_1_603' title='bbox 411 5499 550 5561; x_wconf 85' lang='lat' dir='ltr'><strong>Hebroeis</strong></span> <span class='ocrx_word' id='word_1_604' title='bbox 582 5499 795 5561; x_wconf 77' lang='lat' dir='ltr'><strong>voluminibus</strong></span> <span class='ocrx_word' id='word_1_605' title='bbox 823 5501 911 5562; x_wconf 89' lang='lat' dir='ltr'><strong>locu·</strong></span> <span class='ocrx_word' id='word_1_606' title='bbox 966 5508 1077 5566; x_wconf 88' lang='lat' dir='ltr'><strong>monet.</strong></span> <span class='ocrx_word' id='word_1_607' title='bbox 1096 5503 1163 5564; x_wconf 91' lang='lat' dir='ltr'><strong>Imo</strong></span> <span class='ocrx_word' id='word_1_608' title='bbox 1178 5503 1209 5563; x_wconf 89' lang='lat' dir='ltr'><strong>si</strong></span> <span class='ocrx_word' id='word_1_609' title='bbox 1223 5502 1314 5564; x_wconf 85' lang='lat' dir='ltr'><strong>acrba</strong></span> <span class='ocrx_word' id='word_1_610' title='bbox 1343 5504 1436 5565; x_wconf 89' lang='lat' dir='ltr'><strong>illius</strong></span> <span class='ocrx_word' id='word_1_611' title='bbox 1462 5497 1793 5582; x_wconf 85' lang='lat' dir='ltr'><strong>iupsal.11,num.3,</strong></span> 
     </span>
     <span class='ocr_line' id='line_1_55' title="bbox 81 5593 1794 5683; baseline -0.004 -21"><span class='ocrx_word' id='word_1_612' title='bbox 81 5609 151 5662; x_wconf 87' lang='lat' dir='ltr'><strong>tum</strong></span> <span class='ocrx_word' id='word_1_613' title='bbox 195 5598 294 5659; x_wconf 85' lang='lat' dir='ltr'><strong>tuisse</strong></span> <span class='ocrx_word' id='word_1_614' title='bbox 333 5596 563 5660; x_wconf 81' lang='lat' dir='ltr'><strong>&#39;tertullianum</strong></span> <span class='ocrx_word' id='word_1_615' title='bbox 612 5597 673 5660; x_wconf 87' lang='lat' dir='ltr'><strong>hoc</strong></span> <span class='ocrx_word' id='word_1_616' title='bbox 714 5599 913 5680; x_wconf 77' lang='lat' dir='ltr'><strong>Apologetici</strong></span> <span class='ocrx_word' id='word_1_617' title='bbox 967 5601 1175 5683; x_wconf 80' lang='lat' dir='ltr'><strong>assequimur,</strong></span> <span class='ocrx_word' id='word_1_618' title='bbox 1207 5602 1286 5663; x_wconf 88' lang='lat' dir='ltr'><strong>libri</strong></span> <span class='ocrx_word' id='word_1_619' title='bbox 1298 5600 1429 5663; x_wconf 84' lang='lat' dir='ltr'><strong>Hebraei</strong></span> <span class='ocrx_word' id='word_1_620' title='bbox 1456 5595 1554 5660; x_wconf 89' lang='lat' dir='ltr'><strong>siruul</strong></span> <span class='ocrx_word' id='word_1_621' title='bbox 1573 5593 1700 5660; x_wconf 91' lang='lat' dir='ltr'><strong>cumiis</strong></span> <span class='ocrx_word' id='word_1_622' title='bbox 1716 5614 1794 5676; x_wconf 87' lang='lat' dir='ltr'><strong>quos</strong></span> 
     </span>
    </p>
   </div>
   <div class='ocr_carea' id='block_1_16' title="bbox 0 0 1950 6116">
    <p class='ocr_par' dir='ltr' id='par_1_17' title="bbox 0 0 1950 6116">
     <span class='ocr_line' id='line_1_56' title="bbox 0 0 1950 6116; baseline 0 0"><span class='ocrx_word' id='word_1_623' title='bbox 0 0 1950 6116; x_wconf 95' lang='lat' dir='ltr'><strong> </strong></span> 
     </span>
    </p>
   </div>
  </div>
 </body>
</html>
