3870 6120
106 184 175 243 illd
633 191 662 241 S.
684 187 886 241 HIERONYMI
905 185 1034 241 Divitia
1051 186 1298 244 aiatiorffltca.
1465 188 1469 193 '
1671 178 1677 193 '
1748 176 1813 234 tiit

141 329 176 369 eo
189 311 267 382 quod
280 311 380 383 justus
395 310 451 366 sibi
469 309 627 365 videretur.
949 311 976 376 Α
991 308 1117 380 Spiritus
1132 309 1182 366 Dei
1198 310 1265 366 lecit
1280 326 1338 381 me,

106 385 143 441 iti
158 384 251 438 iratus
267 380 570 454 indignatusquellliu
591 387 597 419 ¹
1028 386 1055 435 ct
1070 381 1250 452 spiraculum
1266 378 1481 453 omnipotentis
1496 376 1663 434 vivificavit
1678 390 1736 432 me.

143 455 222 511 filins
239 453 377 509 Baracbol
396 453 512 508 buzites
526 454 561 508 de
577 451 721 524 cogitiono
737 451 822 520 llam,
988 453 1017 506 Si
1034 458 1126 522 potos,
1143 453 1288 524 responde
1304 451 1388 518 mihi,
1527 519 1534 533 ⁶

143 527 237 583 iratus
252 531 297 580 eat
312 531 410 579 autem
427 524 583 580 adversum
598 524 665 590 tab,
1024 531 1052 577 et
1068 524 1209 580 advorsus
1226 525 1327 580 taciem
1345 538 1438 578 meam
1451 524 1596 578 consiste.

143 614 177 653 eo
192 597 271 669 quod
282 596 398 668 justum
414 611 479 651 assa
495 611 526 651 se
540 596 649 650 diceret
661 609 760 650 coram
776 592 845 648 lieo.
989 598 1071 661 ane,
1088 600 1116 651 et
1132 611 1178 651 me
1193 595 1271 652 sicut
1286 602 1315 651 et
1330 601 1358 650 tc
1375 594 1443 650 lecit
1458 598 1548 660 Deus,

109 670 197 726 Porro
213 667 366 722 adversum
381 667 491 722 amicos
506 668 571 738 ejus
585 666 756 737 indignatus
772 669 829 729 est,
1025 672 1054 721 et
1070 667 1105 721 de
1120 668 1223 723 eodem
1236 668 1298 722 luto
1314 682 1366 739 ego
1382 681 1500 738 quoqne
1516 664 1668 721 formatus
1683 676 1762 717 suni.

145 738 272 865 eobqpod
291 756 348 795 noa
363 738 546 794 invenissent
569 738 789 811 responsionem
807 735 936 791 rationa-
989 737 1382 796 l'erumtameamiraculum
1395 753 1495 793 meum
1506 734 1653 808 (btimor
1664 733 1813 805 meusium

204 814 210 866 i
226 827 269 866 eiii
1063 814 1090 864 ta
1105 815 1213 866 terreat

148 882 200 937 sed
231 849 438 937 tan'tummodo
466 881 712 936 condemnassent
730 878 785 934 Job
801 877 843 950 (b.
860 877 937 933 unde
1026 883 1055 935 et
1068 851 1234 952 eloquentia
1251 897 1316 938 mea
1328 880 1340 914 ⁸
1351 895 1408 936 noa
1425 877 1463 934 sit
1477 879 1532 935 tibi
1547 877 1665 951 gravis.

183 954 432 1009 condemnassent
445 951 523 1020 lob).
993 950 1095 1007 Dixisti
1110 969 1178 1025 ergo
1194 953 1224 1008 iii
1241 952 1362 1008 auribus
1379 951 1462 1018 meis,

112 1024 206 1097 Igitur
221 1024 283 1078 Elin
299 1022 461 1096 expectavit
472 1023 527 1079 Job
543 1021 710 1094 loquentem
728 1036 735 1075 ε
1027 1029 1168 1079 ettonem
1185 1025 1339 1080 vorborum
1354 1026 1473 1078 tuorum
1488 1021 1500 1055 ὅ
1514 1019 1618 1076 audivi
1637 1035 1644 1074 :

147 1112 180 1152 eo
197 1096 274 1167 quod
291 1095 421 1151 seniores
434 1095 487 1149 sei
502 1100 601 1150 essent
616 1094 664 1164 qni
681 1091 887 1163 loquebantur.
992 1094 1120 1150 Mundus
1136 1112 1202 1151 sam
1217 1112 1281 1177 ego,
1299 1095 1410 1177 absque
1428 1091 1533 1148 delicto
1549 1087 1775 1161 immaculatus,

111 1166 183 1223 Cum
200 1171 297 1223 antem
312 1166 519 1237 vidissetquod
536 1173 595 1221 tres
611 1165 787 1237 respondere
803 1179 860 1218 aon
873 1177 939 1234 pos·
1026 1171 1055 1221 et
1072 1183 1128 1222 iion
1144 1173 1189 1222 est
1203 1165 1347 1238 imquitas
1363 1181 1393 1220 ia
1409 1181 1466 1220 me.

184 1238 308 1309 seat(dl
337 1237 529 1310 potuissent),
991 1237 1258 1309 Ouiaquerelasia
1276 1236 1454 1309 mereperit,
1593 1304 1599 1317 ·
1624 1304 1631 1316 ·

148 1309 243 1365 iratus
257 1313 302 1366 est
317 1309 514 1366 vehementer.
1027 1309 1091 1364 idco
1107 1311 1266 1366 arbitratus
1281 1313 1326 1365 est
1340 1323 1387 1364 aaa
1402 1306 1557 1362 inimicum
1574 1305 1645 1361 sibi.

992 1380 1093 1436 Posuit
1106 1381 1136 1435 in
1153 1397 1240 1437 nervo
1256 1381 1345 1453 pedes
1363 1394 1453 1447 meos,

146 1440 387 1488 nesrosnsrisaiia
406 1441 470 1481 rain
492 1441 586 1480 ricius
605 1438 753 1480 aiaacaai.
773 1437 901 1490 accires,
1027 1451 1186 1508 custodivit
1199 1469 1303 1508 omnes
1318 1451 1439 1508 semim
1455 1463 1547 1504 meas·

476 1513 574 1553 ΜΝ
992 1523 1246 1596 Honestargo,in
1264 1520 1657 1595 quononesjustidontus:
1732 1587 1738 1598 ι

112 1593 219 1652 iunior
232 1611 297 1650 sum
315 1598 458 1666 tempore,
1029 1597 1208 1666 respondebo
1224 1595 1289 1664 tibi,
1304 1593 1375 1666 quia
1392 1593 1485 1663 major
1506 1593 1546 1647 sit
1561 1589 1641 1646 Deus
1660 1589 1780 1644 homine.

150 1683 200 1722 iios
215 1671 314 1720 autom
330 1666 521 1738 antiquiores,
954 1677 978 1744 Β
996 1666 1141 1722 Adversus
1158 1666 1198 1734 (li.
1212 1668 1269 1722 Car
1283 1666 1436 1730 adversus}
1451 1679 1518 1719 eum
1535 1660 1706 1742 contendis.
1721 1730 1727 1741 .

150 1737 269 1806 idcirco,
286 1738 414 1794 demisso
430 1736 534 1809 capite,
551 1737 662 1792 veritus
677 1751 743 1792 sum
1030 1738 1106 1809 quod
1123 1754 1182 1793 non
1199 1739 1233 1792 ad
1251 1737 1352 1792 omnia
1365 1736 1454 1792 verba
1469 1733 1659 1806 responderit
1675 1731 1748 1787 tibi:

152 1809 282 1865 indicare
296 1809 380 1865 vobis
395 1810 448 1881 (ill.
465 1808 528 1864 add.
545 1811 609 1881 ego)
626 1823 720 1864 meam
749 1805 939 1861 sententiam.
993 1808 1087 1864 Semel
1104 1808 1235 1881 loquitur
1249 1809 1337 1874 Deus,

116 1881 276 1952 Sperabam
293 1881 369 1935 enim
388 1882 549 1953 quadratas
569 1879 708 1952 prolixior
722 1877 903 1948 loqueretur,
1030 1884 1058 1936 et
1072 1879 1201 1935 secundo
1217 1880 1347 1951 idipsum
1362 1891 1419 1935 aon
1435 1876 1551 1948 repetit.

151 1957 180 2007 et
194 1968 338 2006 annorum
356 1952 515 2007 multitudo
531 1952 647 2007 doceret
661 1950 850 2022 sapientiam.
995 1951 1048 2006 Per
1063 1951 1213 2008 somnium
1229 1952 1259 2007 iii
1275 1951 1387 2006 visione
1401 1955 1559 2015 nocturna,

115 2023 181 2089 Sed,
199 2029 231 2077 ut
246 2023 339 2092 video,
356 2023 484 2096 Spiritus
500 2023 587 2078 estin
604 2023 783 2084 hominibus,
1030 2022 1148 2094 quando
1162 2023 1248 2078 irruit
1263 2039 1351 2095 sopor
1366 2036 1456 2093 super
1468 2019 1618 2089 homines,

153 2099 183 2161 ot
196 2094 350 2164 inspiratio
365 2094 582 2166 Omnipoteatis
600 2095 648 2148 dat
662 2090 896 2163 intelligentiam.
1030 2100 1059 2150 ot
1071 2093 1222 2150 dormiunt
1236 2093 1266 2149 in
1284 2092 1400 2150 lectulo.

117 2165 180 2221 Non
196 2170 267 2220 sunt
281 2163 402 2236 longaevi
418 2165 578 2236 sapientes,
994 2169 1074 2220 Tune
1090 2167 1184 2237 aperit
1198 2181 1284 2221 aures
1299 2165 1442 2226 virorum,

153 2252 206 2292 nec
221 2250 306 2290 senas
322 2236 492 2308 intelligunt
503 2236 660 2307 judicium.
1030 2241 1058 2291 et
1072 2237 1209 2293 erudiens
1224 2253 1273 2293 eos
1288 2234 1408 2292 instruit
1423 2231 1593 2312 disciplina.

118 2307 186 2363 ldeo
200 2306 312 2362 dicam:
329 2308 438 2363 Audito
453 2324 509 2374 mo,
995 2308 1031 2364 Ut
1044 2312 1153 2364 avertat
1169 2308 1318 2364 hominem
1336 2307 1371 2364 ali
1386 2306 1433 2362 his
1448 2320 1513 2375 quia
1528 2304 1611 2370 lacit,

152 2378 308 2435 ostendam
323 2379 407 2434 vobis
422 2379 510 2435 etiam
524 2393 575 2449 ego
591 2393 686 2433 meam
717 2374 871 2433 scientiam
887 2374 939 2447 (At.
1030 2384 1059 2434 et
1072 2378 1176 2435 liberet
1189 2395 1256 2435 eum
1272 2379 1308 2434 de
1322 2375 1480 2450 superbia:

187 2449 383 2522 sapientiam).
996 2445 1586 2520 llrueasanimamejusacorruptione:
1671 2513 1677 2524 ο

115 2520 286 2592 Exspectant
302 2523 379 2576 enim
396 2536 548 2576 sormones
563 2523 687 2587 vestros,
1031 2527 1059 2576 et
1073 2523 1162 2578 vitam
1177 2521 1269 2592 illius,
1284 2526 1315 2577 ut
1331 2537 1387 2576 non
1404 2521 1536 2575 transeat
1551 2516 1582 2570 ia
1598 2514 1737 2586 gladium.

151 2591 249 2647 audivi
287 2593 452 2648 radantiam
468 2598 608 2661 vestram,
996 2594 1127 2664 Increpat
1138 2610 1253 2666 quoque
1269 2610 1320 2665 per
1333 2591 1464 2648 dolorem
1478 2589 1507 2643 in
1522 2587 1644 2657 lectulo,

150 2663 243 2718 donoc
257 2608 337 2719 disce
360 2664 496 2719 taromiai
511 2662 709 2719 sermonibus.
1031 2670 1060 2720 ct
1073 2668 1172 2720 omnia
1188 2682 1256 2721 ossa
1270 2664 1335 2735 ejus
1351 2675 1530 2718 marcescere
1546 2658 1627 2741 lacit.

119 2734 153 2790 tii
163 2734 254 2789 donoc
266 2682 403 2806 putafiam
414 2751 463 2791 i‘os
476 2734 585 2807 aliquid
598 2733 942 2797 dicere‚eonsidarabam:
997 2735 1210 2791 abhominabilis
1225 2736 1251 2792 ei
1267 2736 1299 2792 sit
1314 2733 1343 2789 in
1358 2734 1418 2790 vita
1433 2749 1488 2788 sua
1503 2746 1602 2803 panis,
1630 2799 1637 2813 ι
1654 2799 1661 2810 .

30 2810 33 2815 '
155 2804 218 2873 aed,
236 2810 268 2860 ut
280 2806 375 2873 video,
392 2823 449 2862 aon
465 2809 509 2862 est
533 2806 581 2878 qui
606 2821 729 2877 arguere
757 2806 851 2876 possit
877 2804 941 2876 lob,
1033 2812 1061 2862 at
1075 2809 1180 2862 anima
1195 2807 1276 2863 illias
1290 2805 1374 2863 cibus
1389 2810 1456 2860 ante
1469 2799 1689 2858 desiderabilis.

155 2880 184 2931 et
199 2878 375 2949 respondere
390 2895 425 2933 ox
438 2878 521 2933 vobis
536 2878 724 2932 sermonibus
736 2881 811 2946 ejus.
997 2878 1136 2934 Tabescet
1151 2896 1218 2934 caro
1233 2880 1317 2952 ajus;

120 2946 162 3003 Ne
177 2947 250 3004 torte
263 2947 370 3006 dicaris
384 2949 427 3022 (h.
442 2949 516 3006 forte
531 2948 696 3021 diceretisli
714 2948 883 3004 Invenimus
899 2963 944 3004 aa·
1034 2954 1061 3005 et
1076 2966 1154 3020 ossa,
1170 2967 1234 3021 que
1250 2955 1329 3006 reeta
1345 2947 1469 3014 luerunt,
1486 2942 1691 3009 nudabuntur,

192 3018 342 3090 pientiam,
959 3039 981 3109 c
1000 3021 1252 3147 Appropinqiliaiit
1266 3021 1276 3056 ⁸
1291 3018 1471 3146 apprruptioni
1486 3017 1587 3072 anima
1597 3015 1674 3086 eius,

1153 3109 1160 3147 i
1187 3109 1233 3149 ius
1249 3108 1313 3148 mor
1327 3108 1334 3145 i
1349 3107 1417 3146 eris.

119 3093 197 3144 Deus
212 3090 333 3214 projecit
347 3105 426 3161 eum,
442 3095 472 3146 et
486 3106 545 3146 aon
560 3090 659 3146 borno.
1037 3099 1066 3147 et
1080 3093 1139 3147 vita

120 3159 199 3214 Nihil
226 3166 329 3218 ocutus
344 3168 388 3216 est
403 3161 486 3232 milii,
999 3163 1028 3218 Si
1044 3165 1191 3236 tueritpro
1203 3180 1235 3219 eo
1247 3162 1370 3235 angelus
1384 3161 1509 3233 loquens
1524 3173 1619 3215 unum
1631 3156 1668 3212 da
1678 3148 1798 3211 millibiu‘

155 3235 184 3286 et
198 3247 251 3304 ego
269 3249 326 3288 noa
342 3234 504 3289 secundum
526 3248 678 3289 sermones
693 3237 806 3290 vestros
822 3249 944 3305 respon·
1071 3235 1111 3306 (h.
1131 3252 1207 3291 unus
1223 3235 1259 3291 de
1275 3233 1376 3315 mille),

191 3303 265 3359 debo
280 3303 333 3359 illi.
1035 3313 1068 3361 ut
1083 3307 1239 3362 annuntiet
1254 3305 1383 3362 hominis
1398 3301 1567 3374 aequitatem
1585 3315 1592 3355 ε

116 3371 332 3440 Extimueruat,
349 3391 406 3431 non
423 3375 474 3444 (dl.
491 3378 520 3430 et
534 3377 604 3442 non)
624 3375 839 3447 responderunt
854 3373 942 3445 ultra,
999 3376 1186 3432 bliserebitiir
1199 3379 1274 3449 ejus,
1288 3382 1316 3433 et
1330 3377 1425 3431 dicet:
1442 3373 1548 3428 Libera
1563 3386 1645 3436 euin,

152 3444 398 3517 abstuleruntque
412 3463 429 3501 a
443 3463 475 3501 so
490 3445 616 3517 eloquia.
1034 3453 1066 3502 ut
1079 3449 1132 3520 (Al.
1151 3449 1190 3513 etl
1207 3466 1264 3504 non
1279 3446 1439 3504 descendat
1453 3444 1483 3500 iii
1500 3441 1727 3516 corruptionem.

115 3513 257 3578 Quoniam
272 3516 364 3588 igitur
378 3517 552 3589 exspectavi,
569 3522 598 3570 et
613 3533 670 3571 non
684 3521 754 3571 sunt
772 3515 861 3571 locuti
879 3532 887 3571 ε
1032 3518 1129 3575 inveni
1146 3520 1175 3576 in
1191 3537 1249 3590 quo
1265 3520 1290 3576 ei
1306 3517 1455 3592 propitier.

151 3591 304 3657 steterunt,
322 3603 374 3642 nec
390 3588 604 3659 responderunt
618 3587 695 3643 ultra
711 3605 719 3644 r
995 3591 1175 3663 Consumpta
1191 3595 1235 3647 cst
1249 3608 1316 3646 caro
1330 3591 1395 3660 ejus
1409 3604 1427 3642 a
1440 3584 1607 3658 suppliciis.

116 3656 309 3730 Respondebo
323 3665 353 3715 et
368 3675 422 3741 ego
439 3664 551 3730 partem
569 3675 684 3730 moam3
1032 3669 1195 3718 reuertatur
1209 3664 1243 3717 ad
1260 3663 1322 3717 dios
1338 3658 1540 3716 adolescentia
1556 3673 1628 3712 suae.

150 3734 179 3784 et
193 3731 345 3786 ostendam
362 3731 513 3786 scientiam
531 3747 637 3786 meam.
994 3732 1204 3804 Deprecabitiir
1220 3735 1319 3803 lteum,
1335 3737 1364 3787 et
1380 3727 1532 3805 placabilis
1547 3729 1574 3783 ei
1589 3727 1667 3783 erit:

115 3799 224 3857 Plenus
239 3817 305 3857 sum
320 3801 398 3857 enim
414 3802 611 3866 sermonibus,
1030 3812 1059 3859 ct
1072 3805 1184 3861 videbit
1201 3805 1302 3860 taciem
1317 3805 1382 3874 ojus
1394 3803 1422 3857 in
1434 3799 1543 3872 jubilo,

152 3877 181 3927 et
195 3878 324 3929 coarctat
336 3889 382 3929 me
396 3875 519 3946 spiritus
536 3875 609 3930 nteri
623 3873 690 3928 mei.
1031 3879 1059 3931 et
1072 3878 1173 3932 reddet
1187 3876 1300 3931 homiui
1310 3873 1457 3945 Justitiam
1470 3886 1568 3927 suam.
1782 3929 1787 3942 ,

115 3943 158 3999 En
172 3949 274 4000 ventor
288 3961 372 4001 meus
388 3946 472 4018 quasi
489 3950 619 4001 mustum
645 3946 758 4016 absque
781 3943 940 4016 spiracalo,
994 3947 1140 4019 Respiciet
1156 3947 1289 4003 hominos
1312 3948 1365 4019 (dl.
1380 3944 1492 4016 homo),
1507 3946 1536 3998 et
1560 3941 1662 3997 dicet:
1691 3937 1797 3999 Proceri,

151 4017 229 4087 quod
240 4017 413 4090 lagunculas
428 4034 518 4073 noras
533 4017 704 4089 disrumpit.
1030 4026 1058 4073 et
1072 4034 1136 4074 rere
1151 4018 1273 4089 deliqui,

117 4090 231 4159 Loquar
244 4093 272 4144 et
288 4089 438 4160 respirabo
454 4089 628 4161 paulutum3
1029 4095 1057 4145 et
1072 4096 1104 4144 ut
1118 4107 1198 4145 eram
1215 4090 1334 4162 dignus,
1351 4103 1409 4142 noti
1425 4085 1532 4157 recepi.
1731 4149 1737 4160 ,

114 4159 284 4284 Naperia‘m‘
295 4158 374 4216 laliia
389 4177 462 4226 nica,
476 4166 506 4216 et
521 4159 703 4245 respondebo
994 4161 1284 4286 Libelalstdnimffm
1301 4173 1444 4283 sireis-idria
1454 4157 1593 4283 tpergerat
1610 4154 1638 4209 iii
1656 4152 1796 4214 interitum,

141 4246 252 4286 onacci
278 4248 335 4287 iam
373 4246 575 4288 ersonaniviri
1064 4249 1105 4286 sei
1131 4249 1229 4287 vivens
1258 4247 1379 4286 iicemiii
1403 4245 1475 4284 ore.

150 4306 179 4357 et
196 4249 285 4358 tioudi
302 4249 413 4359 libidini
431 4320 488 4359 nori
505 4274 635 4373 aqudbo.
993 4303 1065 4357 Ecce
1080 4304 1139 4358 liae
1155 4303 1254 4359 omnia
1268 4306 1405 4374 operatur
1419 4299 1497 4355 Deus

113 4371 218 4428 Nescio
233 4375 311 4429 enim
329 4374 458 4447 quandiu
476 4375 648 4438 subsistam,
951 4408 976 4473 D
1028 4374 1252 4430 tribusvicibus
1268 4370 1476 4446 persingulas.
1515 4440 1521 4451 Ι

149 4447 178 4496 et
193 4444 215 4497 ai
235 4450 299 4513 post
315 4445 462 4501 modicum
478 4444 561 4501 tollat
576 4462 622 4501 me
637 4444 740 4499 ructor
752 4458 846 4497 meus.
994 4445 1027 4502 Ut
1042 4451 1156 4501 revocet
1170 4447 1285 4502 animas
1299 4460 1400 4500 eorum
1416 4443 1456 4514 (li.
1474 4456 1605 4497 ammam
1631 4438 1706 4512 ejus)
1720 4454 1736 4493 a
1748 4447 1797 4488 cor·

113 4512 191 4582 (Cap.
203 4516 343 4575 XXthl.)
356 4518 429 4572 Audi
446 4518 546 4590 igitur,
562 4516 628 4581 tob,
640 4516 757 4587 eloquia
772 4529 847 4584 inea,
1063 4517 1209 4588 ruptione.

148 4586 176 4636 et
190 4600 292 4639 omnes
308 4602 457 4644 sermones
476 4605 556 4644 meas
569 4587 713 4644 ausculta.
1027 4591 1055 4640 et
1070 4588 1218 4643 illuminet
1232 4586 1324 4641 lucem
1340 4585 1512 4642 viventium.

113 4652 185 4708 Ecce
202 4655 302 4725 aperui
313 4672 346 4712 os
362 4675 470 4725 meum,
990 4659 1123 4725 attende,
1136 4660 1202 4730 lob,
1218 4665 1248 4713 et
1261 4657 1329 4713 audi
1346 4674 1392 4712 me
1408 4672 1414 4711 :

136 4723 288 4807 'loquatur
301 4726 403 4799 lingua
418 4746 484 4785 mea
499 4729 529 4785 in
546 4730 679 4786 lancibus
696 4729 780 4785 mais.
1026 4735 1055 4784 et
1068 4730 1122 4802 (itt.
1137 4734 1191 4786 too.
1208 4731 1247 4801 et)
1258 4734 1331 4794 tace,
1348 4729 1418 4784 dum
1434 4743 1488 4799 ego
1499 4724 1676 4851 loquargdl.
1687 4715 1793 4805 loquor).

114 4793 245 4867 Simplici
262 4798 348 4879 corde
364 4817 428 4857 meo
443 4817 594 4857 sormones
611 4801 679 4864 mei,
990 4802 1133 4857 Stantem
1149 4802 1239 4858 habea
1254 4800 1333 4872 quod
1349 4798 1488 4870 loquaris,
1500 4813 1606 4870 respon
1630 4795 1739 4860 eniibi,

149 4871 179 4924 et
192 4872 368 4926 sententiam
380 4873 420 4943 (b.
432 4873 596 4943 seientiam)
607 4870 687 4927 labia
701 4887 766 4927 mea
777 4886 881 4944 puram
893 4868 936 4926 lo·
1026 4872 1053 4928 ln
1078 4889 1147 4928 uere
1162 4889 1169 4928 :
1186 4874 1251 4928 voto
1267 4871 1346 4927 enim
1362 4875 1389 4928 te
1404 4886 1545 4944 apparere
1556 4871 1685 4940 justum.

186 4942 324 5012 quantur.
990 4889 1074 5010 Quod
1088 4944 1112 5001 si
1129 4961 1186 5001 noa
1202 4943 1305 5012 habes,
1320 4942 1388 4999 audi
1405 4958 1452 4998 ma
1468 4958 1475 4995 :

111 5081 935 5156 giaxarnni,qut.tobumexposuercsanciiraires,dio·
991 5093 1040 5145 tur
1054 5090 1084 5145 S.
1101 5088 1246 5160 interpres
1276 5086 1392 5142 duobus
1422 5085 1562 5142 distincte
1584 5042 1682 5140 verbis
1709 5076 1795 5150 legisse

110 5155 218 5225 gorius,
235 5153 399 5226 Philippus,
417 5154 505 5223 Bada,
522 5161 624 5213 auctor
644 5157 853 5214 Commentarii
880 5160 935 5213 siib
990 5170 1021 5223 'D
1041 5170 1107 5247 qaas,
1124 5177 1187 5233 que
1202 5158 1321 5232 quidem
1338 5174 1423 5214 voces
1445 5157 1635 5231 eloquentiam
1657 5167 1741 5210 meam
1762 5160 1795 5202 ³⁰·

109 5225 278 5298 Hieronymi
295 5226 424 5290 nomiae,
441 5231 530 5298 atque
557 5229 608 5282 alii
633 5228 782 5300 deinceps.
800 5230 829 5282 lii
846 5228 935 5283 veteri
991 5255 1073 5312 „ung
1089 5249 1150 5305 sive
1163 5249 1199 5304 ,d
1215 5248 1348 5311 verbum,
1363 5247 1514 5303 ,pompm
1529 5262 1561 5300 ω
1576 5260 1678 5301 mm,

109 5306 208 5355 tamen
227 5298 350 5371 Vulgata
365 5300 400 5353 ad
417 5299 537 5354 modam
554 5298 756 5370 inscriptionis
771 5301 934 5356 exstabant:
1026 5323 1036 5355 a
1062 5325 1225 5376 prononlen
1255 5324 1376 5384 luorum,
1408 5319 1485 5389 quod
1514 5333 1611 5390 neque
1637 5316 1668 5371 i„
1695 5310 1795 5368 pebrac

108 5369 499 5498 ΕῑὶᾳὲιιῐυεονιεηῑυενὶναΙιώς
709 5443 714 5455 .
989 5387 1739 5474 tertoadditur,rectissimaot'alatin.maignorat.
1774 5451 1778 5461 Ι

195 5443 323 5499 alatinus
352 5459 408 5499 ms.
434 5441 585 5513 Helico,et
614 5441 738 5497 Baraciel
767 5447 936 5498 constanter
1024 5463 1156 5518 ‘lterum
1173 5461 1260 5534 paulo
1276 5469 1430 5519 mmmm
1446 5461 1545 5518 sutum
1569 5460 1645 5516 ,dem
1664 5452 1798 5526 adlegit,

147 5510 310 5640 ἒρῧὲξᾶιιίωω
329 5601 359 5639 re
382 5601 449 5640 cum
478 5582 603 5652 vulgatis
632 5587 709 5638 tacet
738 5583 860 5641 Palatia.
877 5600 933 5641 ms.
989 5534 1247 5676 Aps'pogginssgaffi
1264 5619 1330 5660 eum
1355 5602 1522 5660 qopbglano
1547 5599 1699 5660 puppiensi
1725 5607 1799 5673 penei

111 5667 175 5723 ΨΜ)
192 5659 290 5711 limen
302 5656 335 5737 in
351 5656 470 5714 Hebrtw
484 5659 580 5713 ⁸⁰¹¹*st
874 5725 879 5739 ,
991 5672 1126 5734 Martiari.
1144 5692 1216 5733 unas
1230 5674 1263 5732 dc
1276 5673 1414 5733 millibus.

147 5724 313 5784 ³ttebrnus
327 5725 416 5788 habet
428 5736 523 5800 tanat,
537 5731 565 5788 et
579 5741 678 5786 manue
692 5740 773 5799 mea3
788 5727 839 5784 sed
854 5726 935 5785 vide·
