3878 6150
632 315 740 370 tisun
759 316 772 369 l
790 314 993 373 musculus.
1609 311 1665 369 tto

90 441 147 497 tate
160 437 301 507 sordis,et
314 439 345 496 in
361 439 549 512 equitatezet
565 438 668 495 leceris
682 436 783 494 ornnia
796 438 914 505 Aletes
929 439 1105 510 equilum,el
1120 441 1317 514 quodeunque
1330 438 1357 496 ei
1372 437 1484 512 placuit
1498 437 1664 497 utedilloa·

90 528 162 602 reepi
176 527 242 595 tibi,
257 532 288 586 et
300 527 434 601 legitima
449 544 514 585 mea
536 533 566 584 et
583 525 698 601 iudicia
721 541 786 583 mea
840 531 883 582 ret
897 527 928 584 in
942 528 1118 597 Jerusalem,
1135 534 1164 587 et
1179 529 1210 586 in
1235 529 1353 598 Libano,
1376 532 1406 585 et
1426 527 1459 585 in
1481 528 1563 585 omni
1584 531 1665 585 terre

90 618 132 692 is,
147 633 254 692 ponam
268 617 311 690 (b.
328 618 463 689 tirmahol
478 618 618 675 thronum
635 615 717 691 regni
740 616 784 671 tui
840 618 995 687 potestatis
1008 635 1078 676 sue.
1094 619 1137 689 (T.
1153 618 1283 692 XXVII.)
1306 617 1483 674 Universum
1506 616 1662 691 populum,

92 706 154 765 rael
169 708 200 763 in
223 705 449 780 sempiternum,
473 707 552 764 sicut
575 705 692 763 locutus
716 720 785 762 sum
839 704 890 773 qui
906 713 1089 765 remanserat
1099 710 1135 766 de
1148 707 1337 777 Amorrhais,
1349 705 1535 779 atlletthels‚
1544 709 1575 763 et
1583 705 1662 763 Pha·

90 797 142 857 stri
157 804 217 868 tuo,
228 797 330 854 diceus
346 814 353 854 ε
368 794 431 852 Non
447 796 598 854 auferetur
612 795 656 852 vir
682 795 719 851 de
733 809 784 866 ge·
839 794 939 862 reseis,
954 803 981 852 et
993 795 1098 865 ltvals,
1113 801 1143 853 et
1155 796 1309 863 Jebusrais,
1320 796 1370 869 qui
1382 811 1440 852 uon
1455 798 1527 853 snut
1539 795 1578 852 de
1591 792 1663 853 liliis

104 886 141 943 de
155 884 230 943 solio
245 878 346 942 lsrael.
362 883 392 940 Si
408 887 506 941 autem
522 883 673 940 eversione
689 881 785 939 aversi
839 885 929 941 lsrael
945 900 953 941 ι
970 885 1077 943 horum
1101 885 1191 952 lilios,
1216 886 1267 959 qui
1290 888 1495 943 remanserant
1516 883 1548 941 in
1568 887 1661 953 tarra,

90 990 141 1035 ros
155 976 184 1031 et
198 972 251 1030 lilii
263 972 363 1042 vestri,
386 990 442 1029 nou
465 976 625 1044 sequentes
649 987 706 1036 me,
730 984 784 1028 neo
838 989 913 1048 quos
924 971 1035 1031 scilicet
1046 990 1104 1031 nun
1116 973 1335 1046 potuerantlllii
1347 973 1659 1034 lsraelexterminara:

90 1067 162 1121 tutes
176 1063 316 1120 mandata
331 1078 406 1132 mea,
429 1066 458 1118 et
480 1061 669 1118 ceremoniae
692 1060 783 1132 (Vota.
838 1063 907 1120 lecit
919 1062 1092 1120 tributarius
1106 1063 1253 1134 Salomon,
1268 1063 1407 1135 usquein
1421 1063 1498 1120 diem
1514 1061 1599 1121 hanc.
1622 1067 1662 1122 De

90 1153 148 1225 rae)
163 1168 237 1226 quas
251 1151 391 1224 proposui
406 1150 555 1217 vobis‚sed
573 1151 636 1222 (ms.
650 1149 688 1223 si)
704 1150 784 1207 ubie-
838 1151 908 1209 tiliis
923 1156 1021 1210 autem
1034 1151 1123 1210 lsrael
1138 1169 1196 1211 non
1212 1152 1367 1210 constituit
1390 1150 1528 1209 Salomcn
1551 1152 1662 1210 servire

90 1241 238 1300 colueritis
253 1242 324 1298 deos
338 1239 459 1307 alienos,
472 1244 502 1296 et
515 1239 707 1297 adoraveritis
722 1253 784 1295 eos:
838 1256 1029 1314 quemquam,
1045 1241 1096 1298 sed
1111 1243 1197 1298 eraut
1217 1239 1372 1298 bellatores
1395 1238 1460 1310 viri,
1483 1241 1514 1296 et
1532 1238 1663 1297 ministri

90 1331 195 1389 ,Israel
211 1331 246 1388 de
260 1329 416 1403 superlicio
429 1332 619 1402 terre,quam
634 1328 700 1385 dedi
716 1329 759 1384 eis
775 1343 782 1385 :
838 1331 914 1402 ejus,
925 1334 955 1387 et
969 1328 1128 1403 principes,
1138 1334 1167 1387 et
1181 1328 1281 1396 duces,
1290 1333 1321 1386 et
1334 1328 1463 1402 prefecti
1477 1342 1620 1386 curruum
1634 1330 1664 1386 et

90 1419 149 1477 lum
164 1419 207 1492 (h.
222 1418 367 1490 demum),
384 1418 462 1491 quod
478 1417 656 1474 sanctificavi
673 1416 786 1474 numini
838 1435 982 1492 equorum
997 1418 1040 1489 (h.
1056 1418 1213 1492 equitum).
1227 1422 1317 1475 Sraut
1330 1421 1431 1477 autem
1446 1415 1595 1491 principes
1609 1432 1665 1475 sn·

90 1508 212 1582 ejiciam
234 1526 252 1564 a
275 1511 434 1580 conspectu
467 1523 542 1563 meo.
565 1507 610 1578 (Τ.
635 1505 786 1575 XXXVII.)
839 1524 891 1582 per
911 1508 1012 1565 omnia
1035 1523 1124 1579 opera
1146 1506 1311 1565 Salomonis
1335 1505 1485 1580 prepositi
1508 1505 1665 1581 quingenti

90 1597 182 1657 isreel
192 1598 222 1654 in
234 1597 419 1670 proverbium
435 1601 465 1653 et
478 1596 508 1652 in
525 1595 654 1653 sahulem
670 1595 786 1653 cunctis
839 1597 1065 1671 quinquaginta,
1081 1597 1132 1670 qui
1151 1595 1300 1655 habebant
1313 1596 1484 1669 subjectum
1507 1594 1663 1671 populum,

102 1688 139 1745 ut
154 1688 260 1744 domus
274 1686 336 1743 hec
349 1686 405 1743 erit
421 1685 451 1741 in
466 1685 634 1758 exemplum
658 1701 666 1743 τ
687 1684 786 1742 omnis
839 1692 869 1745 et
882 1686 1001 1743 statutis
1015 1688 1156 1759 operibus
1171 1685 1369 1758 imperabant.
1385 1684 1458 1743 Filia
1472 1689 1571 1743 autem
1587 1684 1663 1743 Pha·

91 1776 178 1835 sierit
190 1793 243 1849 per
265 1792 342 1844 earu,
368 1775 510 1847 stupebit,
537 1778 567 1832 et
591 1774 733 1842 sibilabit,
758 1778 789 1831 et
840 1776 938 1834 raonis
949 1776 1128 1833 ascanditde
1143 1776 1261 1833 civitate
1277 1774 1367 1832 David
1380 1774 1411 1832 in
1427 1775 1549 1832 domum
1564 1790 1663 1844 snam,

99 1866 196 1932 Quare
219 1865 287 1921 lecit
310 1863 453 1921 Dominus
477 1863 520 1920 sio
546 1867 632 1920 terrae
654 1863 733 1932 huic,
758 1867 788 1920 et
841 1880 930 1937 quam
952 1863 1145 1921 edificaverat
1158 1864 1289 1936 aill'otp.
1305 1863 1393 1922 addit.
1408 1862 1552 1935 Salomoni
1569 1880 1577 1920 t
1592 1867 1665 1921 tuno

90 1953 162 2011 mio?
173 1954 206 2010 lit
221 1953 462 2026 respondebunt:
478 1953 552 2020 Quia
566 1952 790 2026 dereliquerunt
840 1952 996 2011 edificavit
1008 1952 1105 2009 ldello.
1118 1953 1265 2010 Olierebat
1278 1969 1396 2027 quoqne
1420 1969 1468 2011 rex
1490 1953 1502 1990 ⁸
1526 1952 1664 2011 Salomon

90 2060 121 2101 m
135 2043 229 2101 Deum
245 2042 400 2114 suum,qui
415 2042 515 2099 eduxit
530 2042 789 2114 patreaeorum'de
840 2044 937 2100 trihus
952 2041 1065 2100 vicibus
1087 2057 1140 2115 per
1159 2058 1254 2100 anuos
1276 2041 1410 2113 singulos
1432 2041 1615 2113 holocausta,
1636 2045 1667 2100 et

90 2133 216 2208 gypti,et
226 2133 319 2189 secuti
334 2134 405 2187 sunt
419 2131 489 2187 deos
503 2130 670 2197 alienos,‘et
684 2132 789 2188 adora·
841 2132 978 2206 pacificas
993 2131 1140 2200 uictimas,
1155 2147 1245 2203 super
1258 2129 1349 2188 altare
1370 2131 1449 2204 qnod
1472 2131 1667 2188 edificaverat

90 2238 149 2291 cos,
165 2224 194 2278 et
209 2220 363 2277 coluerunt
378 2219 471 2292 (Votq.
487 2219 566 2276 addit
578 2219 640 2294 eus)
656 2236 663 2275 :
679 2219 790 2277 idcirco
843 2221 977 2289 Domino,
992 2225 1023 2278 et
1041 2220 1177 2278 adolebat
1200 2220 1364 2291 thymiama
1386 2236 1484 2277 coram
1509 2219 1633 2278 Domino

95 2310 241 2368 Dominus
256 2325 346 2380 super
360 2325 410 2365 eos
424 2324 511 2365 omne
526 2308 637 2365 malum
653 2309 716 2365 hoo.
733 2310 790 2366 iir-
843 2312 1063 2383 perlectumque
1076 2314 1122 2367 est
1137 2309 1279 2383 templum
1292 2309 1335 2380 (h.
1351 2310 1539 2383 perlectoque
1552 2312 1598 2367 est
1612 2311 1668 2366 do·

90 2405 165 2457 rtem
182 2397 390 2470 annisviginti
416 2403 572 2470 postquem
597 2397 791 2455 edificaverat
842 2402 931 2471 mus).
952 2399 995 2473 (Τ.
1019 2399 1128 2472 XXIX.)
1153 2398 1283 2457 Classem
1297 2401 1426 2473 musque
1448 2399 1516 2457 iecit
1539 2414 1590 2456 rex
1611 2399 1668 2458 Sc·

90 2489 192 2547 eduae
207 2488 323 2559 domos,
336 2487 365 2543 id
381 2491 437 2553 est,
461 2489 583 2543 domum
608 2487 736 2555 Domini,
762 2491 791 2543 et
842 2490 941 2546 lomon
956 2489 987 2544 in
1002 2488 1217 2561 Anien-Gaber,
1242 2505 1306 2561 qua
1329 2495 1375 2546 eet
1395 2491 1481 2561 juxta
1502 2488 1597 2546 Ailam
1622 2487 1666 2559 (h.

95 2576 176 2651 regie
190 2577 301 2650 (iliram
318 2592 385 2649 rege
397 2577 462 2649 Tyri
478 2575 626 2649 prebente
639 2575 789 2633 Salomoni
842 2579 938 2651 Dloth)
953 2578 984 2634 in
1000 2576 1099 2635 littore
1121 2579 1213 2634 maris
1237 2578 1341 2647 Rubri,
1366 2578 1394 2634 iu
1418 2581 1497 2635 terra
1521 2578 1665 2635 idumea.

90 2666 789 2738 iriuaetabiegna‚etaurumjuxtaomnequod
842 2667 980 2739 Misitque
1001 2667 1101 2723 Hiram
1127 2667 1157 2723 in
1181 2664 1275 2724 classe
1299 2666 1351 2724 illa
1375 2682 1472 2724 serres
1495 2682 1565 2724 suos
1586 2666 1666 2725 eires

90 2756 217 2826 buerat),
233 2758 303 2811 tune
325 2755 405 2811 dedit
428 2756 500 2811 real
524 2755 661 2812 Salomon
687 2755 788 2827 Hiram
842 2758 904 2830 (nn.
928 2761 1000 2813 tecet
1021 2755 1110 2817 virosi
1131 2756 1266 2814 nauticos
1288 2760 1318 2813 et
1340 2772 1448 2829 gnaros
1472 2756 1574 2824 maris,
1596 2771 1665 2813 cum

90 2844 195 2919 oppida
217 2845 248 2899 in
273 2850 351 2901 terra
374 2843 510 2901 Galilaia.
528 2845 790 2916 Dgressnequeest
841 2846 934 2903 servis
957 2844 1135 2902 Salomonis.
1162 2845 1216 2913 Qui
1241 2861 1308 2902 oum
1332 2845 1483 2902 venisseut
1506 2844 1537 2901 in
1561 2842 1664 2917 Ophis,

90 2935 116 2992 le
131 2934 220 3008 Tyro,
236 2938 270 2990 ut
284 2933 396 2990 videret
410 2933 518 3006 oppida
532 2950 596 3006 qua
619 2934 740 2990 dederat
762 2933 789 2990 ei
841 2938 996 3007 sumptum
1008 2933 1193 2990 iudeaurum
1206 2932 1491 3007 quadringentorum
1505 2933 1665 3007 uigintita·

90 3042 117 3095 u,
131 3030 162 3082 et
175 3039 233 3080 uon
258 3022 433 3097 placuerunt
454 3022 492 3094 ei,
515 3028 544 3081 et
567 3024 610 3081 ait
634 3041 641 3081 :
657 3023 789 3082 hinccine
841 3025 988 3081 lentorum
1002 3022 1172 3081 detulerunt
1187 3023 1222 3079 ad
1238 3039 1337 3097 regem
1351 3023 1549 3080 Salomonem.

90 3114 191 3181 itates,
208 3129 283 3185 quas
297 3113 404 3169 dedisti
422 3112 505 3185 mibi,
522 3114 612 3169 irater
630 3113 671 3187 (h.
699 3114 789 3171 frater
878 3115 917 3187 (T.
933 3113 1016 3185 XXX,
1032 3113 1099 3186 Cup.
1126 3113 1177 3185 X.)
1199 3112 1255 3169 Sed
1279 3117 1308 3169 et
1331 3113 1433 3185 regina
1454 3113 1541 3184 Saba,
1564 3111 1667 3169 audita

94 3202 131 3260 lit
146 3200 303 3276 appellavit
315 3218 365 3258 eas
380 3207 487 3258 terram
504 3202 628 3269 Chabul,
645 3219 738 3276 usque
755 3203 786 3259 in
802 3184 824 3252 C
842 3205 922 3261 lama
936 3202 1101 3260 Salomonis
1113 3202 1143 3258 in
1160 3202 1278 3260 nomine
1301 3201 1428 3272 Domini,
1451 3203 1532 3259 venit
1553 3205 1668 3260 tentare

90 3291 231 3350 mandisti
245 3305 359 3364 qunque
374 3291 473 3347 iliram
490 3292 525 3348 nd
542 3306 639 3365 regem
655 3292 789 3349 Salomo·
841 3310 909 3351 eum
926 3293 956 3348 ln
969 3291 1185 3365 enigmatibus.
1200 3291 1234 3347 Dt
1246 3292 1380 3363 ingresse
1393 3291 1557 3349 Jerusalem
1572 3291 1668 3349 multo

92 3385 195 3440 onium
210 3380 314 3453 viginti
331 3379 442 3437 talenta
456 3381 599 3437 aurillac
613 3385 658 3438 est
672 3397 790 3437 summa
841 3399 909 3439 cum
925 3383 987 3455 (ma.
1002 3385 1074 3438 tacet
1089 3381 1168 3451 cum)
1184 3381 1326 3437 comitatu
1350 3386 1380 3437 et
1399 3379 1523 3450 divitiis,
1546 3379 1667 3439 camelis

92 3488 172 3541 rum,
188 3486 277 3543 quem
293 3470 400 3527 obtulit
414 3486 465 3526 rex
479 3468 629 3528 Salomon
642 3472 678 3527 ad
703 3470 792 3527 aditi·
842 3471 1031 3546 portantibus
1045 3475 1188 3540 aromata,
1202 3475 1231 3526 et
1246 3486 1351 3526 eurum
1367 3469 1518 3527 inlinitum
1534 3469 1668 3537 uimis‚et

104 3565 227 3622 domum
243 3563 357 3620 Domini
373 3568 401 3619 et
416 3565 537 3619 domum
553 3569 681 3632 suamet
695 3563 789 3636 Mello,
842 3577 976 3635 gemmas
990 3560 1226 3635 pretiosae,veuit
1240 3559 1275 3616 ad
1290 3575 1390 3632 regem
1404 3559 1416 3595 ⁸
1428 3559 1628 3626 Salomonem,
1638 3561 1668 3614 et

90 3671 133 3711 rm
147 3652 325 3723 Jerusalem,
345 3656 373 3708 et
396 3653 468 3708 Dser
489 3653 511 3718 ⁸,
536 3657 564 3708 et
587 3653 738 3726 Mageddo,
763 3657 792 3710 et
842 3652 942 3708 locuta
955 3653 999 3706 est
1013 3650 1040 3706 ei
1056 3648 1194 3705 universa
1208 3664 1272 3721 qua
1288 3647 1417 3705 hahebat
1436 3648 1467 3705 in
1491 3650 1579 3707 corde
1600 3664 1665 3719 suo,

90 3744 197 3801 ‚²harac
212 3741 389 3815 rerAEgypti
405 3741 547 3809 escendit,
559 3750 585 3798 et
600 3743 677 3816 cepit
691 3742 792 3814 Gezer,
843 3747 873 3799 et
887 3740 987 3798 docuit
998 3755 1062 3796 eam
1080 3738 1120 3807 th.
1136 3742 1165 3793 et
1180 3737 1325 3794 nuntiavit
1345 3738 1382 3807 ei)
1406 3738 1543 3796 Salomon
1567 3738 1668 3797 omnia

90 3834 180 3905 litque
192 3849 255 3888 eam
272 3831 334 3904 igni
352 3847 359 3886 :
375 3836 404 3887 et
417 3830 626 3899 chananaeum,
643 3831 693 3903 qui
708 3831 793 3889 hebi·
843 3832 931 3888 verba
944 3845 1008 3902 que
1024 3831 1232 3900 proposuerat:
1243 3844 1301 3883 non
1318 3827 1374 3882 luit
1387 3844 1495 3897 sermo,
1505 3826 1555 3900 qui
1569 3845 1668 3902 regem

90 3943 95 3979 ι
111 3921 270 3988 civitate,et
283 3919 468 3988 interfecit,et
482 3920 563 3976 dedit
576 3937 642 3976 eam
652 3921 682 3976 in
693 3921 791 3978 dotem
846 3923 946 3994 posset
959 3918 1059 3988 latere,
1075 3920 1181 3973 utnon
1197 3916 1409 3987 respondereti
1425 3917 1462 3974 ei.
1485 3918 1595 3976 videus
1617 3936 1670 3977 eu·

90 4005 386 4067 euroriSalomonis.
401 4005 640 4079 AEdllrcavitorgo
655 4005 793 4063 Salomon
847 4017 906 4067 tem
921 4007 1023 4081 regina
1036 4005 1114 4062 Saba
1128 4020 1244 4061 omnem
1262 4005 1437 4077 sapientiam
1453 4005 1630 4076 Salomonis,
1643 4011 1673 4066 et

90 4102 115 4155 et
129 4096 291 4155 Beth-Ornn
308 4095 529 4164 inferiorem,ct
545 4094 717 4165 Delaatb‚et
731 4094 795 4152 Pel·
848 4100 969 4155 domum
995 4111 1084 4168 quam
1109 4094 1310 4162 edificaverat,
1334 4098 1363 4150 et
1386 4093 1468 4151 cibos
1491 4095 1533 4167 (h.
1559 4096 1673 4168 cibum)

92 4183 308 4261 ⁸(h.‘l'admor)
321 4185 351 4240 in
367 4190 446 4242 terre
458 4184 638 4242 solitudinis.
650 4184 797 4241 Stomues
848 4203 956 4246 mense
972 4186 1047 4259 elus,
1063 4187 1093 4240 et
1110 4182 1280 4240 habitacula
1303 4199 1466 4251 sorvorum,
1486 4188 1515 4241 et
1539 4185 1673 4245 ordinem

90 4277 130 4351 [ui
146 4276 184 4333 ad
200 4291 232 4333 se
247 4274 445 4348 pertinebant,
457 4278 484 4331 et
497 4282 579 4331 eratrt
592 4275 695 4347 ubsque
707 4289 797 4345 muro,
849 4274 1096 4340 ministrantium,
1113 4276 1267 4346 vestesque
1280 4288 1395 4342 eorum,
1415 4277 1445 4330 et
1467 4274 1623 4348 pincernas
1647 4279 1676 4333 et

102 4365 145 4439 (h.
155 4381 214 4422 non
226 4363 336 4435 habet),
346 4367 375 4419 at
386 4363 519 4422 civitates
529 4380 670 4420 curruum
684 4367 713 4420 et
726 4363 799 4420 civi·
850 4367 1102 4437 holocaustoque
1117 4360 1258 4418 ollerebat
1280 4362 1310 4418 in
1334 4362 1422 4419 domo
1446 4362 1562 4421 Domini
1585 4380 1593 4420 τ
1617 4380 1676 4422 non

90 4543 106 4584 u
121 4524 180 4582 vul
202 4524 257 4580 atis
271 4528 348 4581 tacet
366 4524 525 4580 veronens.
551 4541 608 4581 ms.
633 4541 695 4595 rec,
721 4525 798 4598 quod
856 4525 1017 4600 sperimus,
1031 4524 1134 4608 legunt
1148 4522 1226 4579 intra
1239 4526 1362 4594 textum,
1378 4536 1457 4591 iton,
1472 4525 1588 4582 Tremor
1601 4542 1611 4581 .·
1625 4525 1679 4584 sed

90 4614 133 4655 reu
147 4596 179 4653 in
219 4597 334 4652 ebraico
350 4611 429 4652 exem
452 4594 507 4652 lari
523 4602 611 4669 atque
626 4596 703 4653 aliis.
815 4561 841 4625 D
858 4599 970 4656 Ceriali
987 4610 1148 4668 marginem
1163 4594 1300 4651 exhibent
1315 4595 1422 4667 Regius
1438 4600 1467 4654 et
1488 4597 1681 4655 Oratorianus

100 4684 170 4726 vero
186 4667 296 4724 rectius
311 4683 379 4724 cum
394 4613 514 4723 Hebraeo
530 4684 636 4725 nomen
647 4667 804 4725 Solomonis
859 4686 948 4743 supra
962 4668 1083 4725 laudati.
1099 4665 1295 4723 Pelissonaens
1307 4672 1405 4724 noster
1419 4667 1494 4724 nihil
1509 4669 1598 4727 habet
1612 4686 1683 4744 pre·

90 4758 130 4799 rs.
145 4739 266 4796 omittit.
859 4749 903 4798 ter
916 4755 1021 4813 puram
1041 4738 1195 4796 lectionem
1220 4749 1296 4809 tran,
1320 4738 1446 4796 Thamar.
1472 4741 1515 4798 lta
1538 4741 1683 4815 seriptum

90 4811 200 4871 >modo
215 4809 314 4881 legunt
328 4825 402 4866 mss.
415 4812 527 4866 veteres
544 4827 551 4866 :
567 4809 609 4867 ita
623 4826 741 4883 quoque
755 4810 807 4866 ha·
860 4818 924 4870 erat
939 4813 970 4868 in
986 4811 1103 4866 ltebrose
1118 4809 1275 4881 exemplari
1291 4810 1385 4866 sancti
1401 4811 1581 4886 Hieronymi,
1606 4813 1686 4886 quod

92 4903 108 4942 r
122 4886 154 4941 in
168 4881 286 4938 Conone
301 4880 448 4937 Hebrniea
460 4881 592 4938 veritatis
614 4887 681 4939 ante
704 4898 805 4939 emen·
862 4882 1105 4942 manifestissime
1120 4882 1226 4953 probat
1240 4882 1362 4937 uerbum
1378 4883 1534 4940 Patmirom
1550 4886 1578 4941 iu
1602 4900 1687 4943 sacro

90 4971 134 5014 em
150 4953 314 5026 ejusNunc
328 4952 358 5007 in
374 4968 408 5008 eo
423 4952 567 5025 scriptum
582 4954 727 5026 reperitur
742 4957 809 5010 Aser
863 4959 1000 5013 contextu
1025 4969 1032 5008 ε
1056 4953 1173 5009 Toumar
1195 4952 1274 5009 euim
1297 4953 1453 5011 Pulmirom
1477 4956 1537 5013 sive
1559 4958 1688 5013 Pulmone

90 5025 305 5086 cunctationem
321 5023 434 5107 Hebraei
448 5028 601 5108 scrutentus
611 5042 623 5104 ;Ι
634 5042 694 5082 non
709 5029 809 5082 tamen
864 5026 1061 5099 significatui
1071 5024 1245 5081 scholiastes
1255 5024 1382 5082 Cononis
1392 5025 1503 5099 legerat
1513 5028 1543 5084 iu
1554 5028 1690 5085 Hebraeo·

90 5104 148 5156 lum
163 5112 270 5154 sonum
284 5094 463 5151 hodiernum
482 5094 586 5152 luttere
609 5107 639 5161 rt,
687 5113 730 5152 ua
754 5097 810 5153 du·
865 5113 933 5156 rum
948 5096 1211 5165 codicibustmnn,
1233 5095 1378 5164 Ttodmor,
1403 5096 1448 5154 vel
1474 5099 1587 5155 radmor
1605 5101 1691 5171 juxte

106 5168 195 5227 habet
206 5166 430 5239 aspirationem,
446 5169 475 5221 et
496 5167 665 5223 vocatorii
699 5167 741 5237 .h,
760 5170 812 5224 out
866 5169 1086 5228 adnotationem
1119 5167 1254 5238 ejusdem
1285 5168 1450 5241 appositam
1483 5171 1513 5226 iu
1546 5170 1690 5244 margine.

96 5241 253 5306 mdeunrt,
271 5236 481 5303 discremina
496 5236 606 5294 clusor.
622 5241 717 5295 Mser.
867 5243 963 5299 Maur.

90 5311 191 5367 cidite
206 5309 304 5367 medic
332 5308 424 5380 hujus
447 5309 527 5365 vocis
549 5308 658 5377 littera,
681 5308 780 5366 Dotctb
803 5325 814 5364 .·
904 5312 1001 5368 'cum
1016 5310 1136 5367 Hebron
1151 5312 1229 5366 tecet
1241 5308 1403 5368 Veronens.
1418 5327 1473 5367 ms.
1490 5327 1549 5367 rex.

90 5398 129 5438 reu
143 5382 233 5438 Sdam
248 5377 441 5436 adhibeamus
465 5379 682 5453 exemplaribus
701 5381 816 5437 Masso·
903 5382 1032 5440 ‘Denuo
1048 5381 1085 5437 sd
1109 5380 1243 5438 Hebraici
1267 5386 1365 5439 textus
1390 5383 1478 5439 iidem
1502 5385 1580 5439 tacet
1603 5381 1695 5439 Vero·

90 5468 146 5509 rum
159 5450 322 5518 hodiernis,
336 5451 387 5507 ubl
403 5450 541 5523 spatium,
579 5451 635 5507 uod
660 5453 818 5524 occuparet
871 5470 955 5511 nens.
972 5469 1027 5510 me.
1044 5467 1146 5523 repom.

90 5521 221 5590 blittera,
238 5524 268 5579 in
283 5520 372 5579 editis
386 5537 512 5577 vacuum
536 5468 724 5595 relinquitur,
749 5537 816 5578 cum
907 5524 1015 5582 ildem
1027 5539 1097 5596 ms,
1119 5527 1152 5580 St
1176 5538 1232 5579 non
1254 5521 1440 5596 responderat,
1464 5522 1520 5597 leg.
1544 5525 1697 5600 responde·

90 5593 821 5737 wtttdtttlttltntttttttdn:
874 5604 925 5654 't

161 5784 295 5847 Parnes.
316 5780 451 5847 xxvm.
1514 5786 1568 5847 aa
