3870 6120
105 208 176 266 iffi?
623 209 652 261 S.
672 206 877 263 umuuniiti
893 205 1023 262 uiuitis
1038 204 1287 261 Bffilo'mch.
1742 197 1804 256 m

141 335 209 408 ephi
225 348 342 406 quoque
356 348 408 407 per
421 332 543 389 urietsm
558 331 646 389 leciet
660 331 842 390 seoritloium
859 347 867 388 ι
942 333 970 400 Α
1019 333 1048 388 et
1061 328 1184 404 triginta
1199 328 1358 400 perlitum
1375 342 1384 383 i

106 407 146 465 De
156 407 208 477 (At.
226 413 294 461 tecet
308 404 360 477 De)
374 405 460 476 ignis
474 409 584 477 eutem,
598 403 677 461 siout
691 404 837 462 inuenerit
863 418 927 460 mu·
1022 418 1165 458 mensure
1182 401 1270 458 unius
1285 403 1413 483 quotuor
1425 401 1522 456 eruut.

179 493 235 534 uus
249 478 315 547 slus
333 490 340 531 :
985 476 1020 532 lit
1034 475 1132 547 peries
1147 488 1199 546 per
1209 473 1363 529 circuitum
1378 470 1514 527 embienu
1525 471 1662 542 nonnos
1689 467 1803 525 stricte:

144 554 172 604 et
187 547 243 604 olei
259 548 311 603 hin
327 562 380 618 per
394 545 514 618 singulo
530 547 610 619 ephi.
1021 551 1051 603 ot
1062 544 1166 601 culino
1182 543 1420 600 iubricetaeerent
1432 542 1535 600 subter
1550 539 1689 615 portiom
1705 554 1754 612 per
1764 554 1805 613 gr·

109 622 240 691 Cumque
252 619 447 691 ingressurus
460 626 506 675 est
519 619 667 692 princeps,
1059 633 1137 673 rum.

146 708 196 764 per
210 691 286 745 visin
300 687 436 745 vestibuli
452 696 542 763 portis
554 691 779 762 ingredietur,et
790 703 931 762 pereum-
985 691 1022 746 iii
1034 688 1107 746 dixit
1121 687 1156 743 ed
1172 700 1219 742 me
1235 701 1242 740 :

182 762 248 817 dem
263 761 339 817 viem
353 764 446 816 exest.
986 767 1053 819 fleo
1063 765 1108 817 est
1120 759 1228 815 domus
1237 755 1416 824 oulinerum,

111 835 146 890 ut
159 849 228 889 curn
237 832 360 889 introbit
373 833 501 904 populus
511 837 595 889 terrie
605 833 636 888 in
646 837 804 905 conspeetu
815 828 931 888 Domini
1022 834 1051 890 in
1063 847 1122 904 que
1132 846 1165 886 oo
1189 831 1262 884 nent
1275 827 1405 884 ministri
1419 827 1528 884 domus
1540 824 1734 897 Dominildt.
1745 826 1807 880 teos

165 905 195 960 in
211 904 459 975 solemnitatibus,
1057 901 1172 960 Domini
1202 899 1341 956 vieti-ue
1353 896 1465 972 populi.

145 975 196 1048 qui
211 975 376 1050 ingreditur
388 990 441 1058 per
454 979 568 1046 portum
583 975 732 1046 equilouls
745 980 778 1031 ut
792 975 903 1042 ederet,
985 977 1062 1051 (Cup.
1078 971 1169 1030 XLVI
1185 1012 1192 1026 .
1227 975 1260 1026 lit
1280 970 1422 1027 convertit
1443 969 1499 1040 (at.
1526 968 1677 1038 conuerti)
1705 982 1750 1024 ιο
1775 967 1807 1024 ed

147 1048 297 1120 egreditur
310 1062 363 1119 per
377 1062 454 1101 viem
469 1050 557 1119 porte
572 1047 762 1103 meridiane:
1058 1050 1173 1119 portem
1228 1058 1307 1113 mue,

110 1123 196 1177 Porro
212 1119 264 1246 gui
278 1118 442 1191 ingreditur
456 1120 598 1190 perviam
614 1123 705 1190 porte
720 1117 898 1187 meritisne,
1021 1123 1050 1176 et
1064 1131 1131 1173 eece
1144 1130 1227 1186 sous
1241 1113 1467 1187 egrediebsntnr‘
1479 1112 1586 1168 subter
1598 1109 1694 1167 llmeu
1709 1111 1808 1167 domus

144 1208 213 1263 egre
233 1194 310 1246 intur
325 1205 377 1262 per
390 1188 467 1244 vium
483 1201 573 1262 porte
587 1188 758 1262 equilenis:
1057 1190 1093 1246 ed
1109 1188 1251 1244 orientem
1268 1202 1276 1242 i

108 1263 342 1320 Nonrerertetur
353 1277 404 1333 per
413 1261 490 1316 rium
503 1267 603 1333 portu,
616 1277 767 1334 perquem
779 1259 932 1332 ingressus
1022 1260 1110 1317 iacies
1125 1257 1203 1315 euim
1219 1258 1325 1312 domus
1340 1254 1514 1382 resgiciebut
1533 1253 1571 1309 ed
1586 1252 1737 1337 orientem
1753 1271 1760 1310 :

180 1337 234 1390 est.
1023 1349 1105 1406 nque
1122 1333 1221 1387 eutem
1237 1327 1383 1384 descende
1403 1329 1456 1382 ent
1469 1324 1499 1380 in
1510 1324 1593 1382 letes
1616 1324 1721 1399 templi
1744 1325 1808 1380 dsi-

145 1405 223 1462 sede
238 1403 359 1475 regions
373 1403 455 1460 illius
470 1421 486 1460 e
508 1406 647 1460 redietur.
1057 1410 1137 1460 trum
1148 1401 1186 1458 ed
1202 1399 1354 1455 meridiem
1369 1397 1482 1454 ulteris.
1535 1467 1540 1479 Ι

111 1478 254 1546 Princeps
269 1479 366 1531 eutem
383 1476 413 1531 in
429 1491 458 1531 m
499 1479 527 1533 io
540 1492 643 1533 eornm
656 1492 724 1533 eum
742 1472 934 1548 ingredienti-
987 1479 1022 1535 Et
1036 1474 1137 1532 eduxit
1152 1487 1199 1528 iiis
1214 1487 1265 1544 per
1277 1470 1354 1526 viem
1369 1475 1461 1542 portes
1474 1467 1637 1539 equilonie,

183 1547 239 1603 bus
256 1547 451 1619 ingredietur,
1023 1553 1053 1605 et
1067 1543 1197 1603 converti
1213 1542 1398 1598 mendcium
1416 1540 1496 1597 lorus
1502 1544 1622 1612 portum
1631 1538 1806 1605 euteriorem,

147 1624 176 1675 et
189 1633 255 1674 oum
271 1618 490 1691 egredientibus
505 1620 681 1693 egredietur,
1024 1620 1102 1676 viem
1116 1630 1184 1688 qus
1197 1613 1374 1686 respiciebet
1387 1613 1424 1668 ud
1437 1611 1582 1668 edentem
1598 1624 1608 1666 i

113 1692 147 1746 lit
160 1691 189 1745 in
202 1691 353 1761 nundinis,
366 1696 394 1746 ot
404 1691 433 1746 in
443 1692 682 1749 solemnitetibos
692 1690 748 1746 erit
758 1688 935 1747 ssoriiicium
950 1718 974 1786 B
1025 1696 1135 1748 stocos
1149 1702 1232 1759 uque
1248 1684 1446 1767 redundantes
1456 1698 1476 1738 u
1486 1683 1578 1740 lutere
1592 1682 1709 1738 dextro.

183 1760 252 1833 ephi
267 1777 319 1833 per
332 1762 474 1830 uitulum,
989 1765 1062 1823 curn
1077 1756 1320 1832 egredemturvii·
1332 1757 1368 1813 ed
1381 1759 1536 1824 ementem,
1557 1753 1610 1826 dui
1629 1753 1754 1810 behehet
1767 1751 1805 1807 iu·

149 1838 177 1888 et
191 1831 259 1904 ephi
275 1849 325 1905 per
340 1834 461 1890 erietem
478 1852 484 1891 :
1063 1829 1195 1888 ciculum
1211 1830 1241 1884 iu
1256 1842 1347 1884 munii
1361 1841 1425 1884 suu.

111 1905 208 1987 Agnis
216 1908 313 1960 eutem
325 1907 380 1962 erit
389 1904 566 1963 sucrificium
579 1903 658 1960 sieut
675 1900 936 1959 inveneritmeuus
1026 1909 1055 1963 et
1070 1918 1193 1960 mensus
1207 1905 1253 1983 est
1266 1897 1472 1956 milisenbitns
1485 1911 1494 1952 ι

147 2051 176 2102 et
184 1991 249 2101 ogig?
262 2019 314 2100 hin
330 2063 381 2117 per
393 2045 511 2129 singule
521 2046 600 2118 ephi.
990 1974 1485 2127 Rsrtstirmtiliffeugffispgtaffllff
1500 1980 1598 2039 ”w
1613 1967 1652 2023 ‘d
1666 1966 1750 2025 mm·

113 2123 184 2174 Curii
199 2122 297 2171 eutem
315 2118 415 2173 lecerit
431 2134 566 2188 princeps
580 2122 778 2190 spoutsueum
793 2116 932 2173 holoeeu·
1025 2125 1054 2177 et
1067 2118 1235 2176 transduxit
1250 2130 1296 2171 me
1306 2126 1359 2186 per
1371 2126 1477 2184 equum
1494 2126 1590 2184 nsque
1603 2112 1641 2168 ud
1657 2126 1767 2185 genum

184 2192 275 2258 stum,
291 2192 343 2243 sut
357 2188 477 2257 pacifice
490 2189 653 2245 voluntarie
667 2189 813 2256 Domino;
990 2192 1025 2248 dt
1044 2206 1167 2247 mensus
1180 2190 1227 2244 est
1242 2185 1334 2252 mille,

148 2259 865 2388 tittttttlttttltitttilettlttttr
988 2258 1588 2392 nv‘liiliiiilniil⁰‘⁸q⁰⁸ffl⁰⁸q⁰⁸
1603 2256 1641 2314 ⁸⁶
1655 2270 1747 2314 '⁰⁰⁸⁸'

147 2403 227 2458 sicut
241 2399 304 2457 tisri
319 2402 394 2457 solet
405 2401 435 2457 iii
447 2403 494 2458 die
509 2373 624 2459 sebbe’ti
640 2421 647 2459 :
667 2348 686 2404 p
862 2371 870 2400 ’
1022 2408 1193 2469 torrentem,
1209 2416 1296 2473 quem
1307 2368 1365 2458 non
1381 2399 1463 2473 potui
1478 2403 1680 2474 pertrensire:

148 2477 176 2529 et
189 2473 364 2554 egredietur,
378 2472 589 2546 claudeturque
602 2481 685 2547 portu
695 2478 849 2547 postquem
861 2472 934 2529 exie·
1025 2476 1166 2551 quonium
1182 2475 1383 2530 intumuerunt
1397 2487 1481 2545 equis
1495 2473 1652 2545 profundus
1667 2474 1793 2540 terrentii,

185 2549 234 2598 rit.
1061 2548 1112 2621 qui
1127 2563 1185 2604 non
1202 2548 1300 2618 potest
1315 2543 1371 2617 (it.
1389 2544 1514 2617 poteret)
1529 2545 1725 2603 trensvederi.

114 2616 149 2672 Dt
163 2629 274 2739 egnum
289 2613 421 2685 ejusdem
436 2615 507 2670 enni
520 2614 575 2687 (dt.
591 2617 776 2691 unriculum)
790 2617 937 2674 immiscu-
990 2627 1023 2680 lit
1039 2620 1112 2677 dixit
1130 2619 1166 2674 ud
1183 2632 1229 2673 me
1246 2633 1253 2671 :

196 2692 278 2742 etum
294 2685 380 2741 luciet
394 2685 599 2770 holociiustum
615 2689 746 2760 qnotidie
760 2691 883 2746 Domino
900 2705 906 2744 :
1026 2687 1230 2755 &meridiem
1241 2685 1283 2743 nli
1295 2684 1436 2743 heminis.

112 2757 592 2902 Et'seundfissircffimnsssssgltegiilgffeo
607 2834 672 2888 cute
686 2831 740 2914 (dt.
767 2837 836 2889 tecet
862 2831 940 2904 estu)
991 2765 1211 2892 Etessdoffienrltii
1225 2833 1261 2888 ed
1277 2831 1373 2914 ripum
1388 2830 1538 2888 torrentis.

183 2916 270 2956 mene
285 2916 372 2956 mene
386 2907 498 2959 sextum
513 2907 626 2974 purtem
641 2902 721 2975 ophi,
992 2909 1123 2980 cumque
1138 2919 1186 2960 me
1199 2909 1421 2972 convertissem,

147 2976 176 3027 et
190 2971 226 3028 de
247 2971 309 3028 oleo
324 2972 442 3053 tertiam
458 2978 571 3045 purtem
591 2974 654 3043 hin,
680 2980 713 3030 nt
732 2975 786 3044 (dt
811 2972 852 3047 st)
881 2976 939 3032 ml·
1027 2995 1093 3037 ecce
1108 2977 1138 3032 ln
1153 2975 1218 3047 ripe
1231 2973 1369 3033 torrentis
1383 2972 1465 3047 ligus
1475 2972 1568 3030 multe
1583 2973 1675 3032 nimie
1687 2988 1719 3031 ex
1732 2978 1787 3029 utri·

183 3048 300 3099 scentur
314 3043 437 3100 similis:
657 3086 672 3111 ,
1062 3065 1117 3121 que
1132 3050 1225 3120 purte.

112 3113 296 3169 Sucriiloinm
311 3114 435 3170 Domine
451 3115 627 3188 legitimum,
951 3083 973 3151 G
992 3122 1128 3180 uictred
1143 3132 1191 3174 me
1212 3135 1220 3175 ι
1780 3181 1785 3192 ,

144 3186 216 3267 iuge
232 3188 320 3256 utque
335 3190 521 3256 perpetuum,
1026 3200 1116 3265 Aquis
1132 3190 1206 3257 istm,
1222 3204 1287 3260 qiiu
1302 3188 1545 3261 egrediunturlud
1561 3189 1694 3247 tumulos
1716 3182 1785 3246 ttttlt

113 3256 210 3311 Faciet
221 3256 275 3326 (At.
287 3257 423 3320 Fecistis)
438 3273 560 3331 egnum,
571 3260 827 3330 etseorideinm,et
837 3261 937 3320 oleum
1063 3260 1226 3329 orientalis,

187 3333 252 3382 onte
265 3327 319 3399 (Al.
338 3333 408 3384 tecet
418 3334 492 3399 estet
507 3347 593 3387 mene
609 3347 694 3389 muns
709 3348 716 3390 ι
1027 3340 1055 3394 et
1069 3332 1252 3391 descendunt
1266 3333 1302 3389 ed
1318 3333 1406 3407 plenu
1417 3333 1539 3403 deserti,

152 3396 359 3481 boloni-iustum
375 3401 600 3472 sempiternum,
1026 3406 1181 3463 intrahunt
1195 3418 1286 3474 mire,
1302 3412 1331 3461 et
1345 3406 1476 3474 exibunt,

115 3473 180 3523 timo
196 3468 267 3525 dicit
283 3470 423 3526 Dominus
439 3476 536 3528 Deus:
1027 3484 1056 3535 et
1069 3477 1256 3535 inuehuntur
1269 3490 1364 3548 sque.

114 3541 142 3594 ui
158 3540 272 3623 dederit
285 3542 422 3625 princeps
437 3543 548 3625 donum
563 3543 652 3601 alieni
666 3546 703 3603 ds
717 3544 786 3601 tiliis
800 3546 882 3603 enis:
990 3555 1024 3608 Et
1039 3549 1135 3607 omnis
1149 3546 1249 3603 enimn
1262 3546 1374 3620 vivens,
1389 3564 1453 3620 quei
1465 3546 1556 3621 serpit
1570 3555 1781 3621 quocunqueve-

150 3611 304 3667 heredites
319 3629 393 3684 epus¹
410 3611 539 3671 tiliorum
554 3633 676 3673 suorum
688 3620 754 3684 orit,
1062 3621 1139 3678 uerit
1156 3622 1282 3686 torrens,

151 3682 345 3755 possidebunt
360 3699 425 3740 siim
441 3684 633 3745 herediterie.
1026 3693 1105 3751 viret
1121 3710 1127 3747 :

114 3754 144 3810 Si
160 3760 257 3810 nutem
273 3754 387 3810 dederit
410 3756 539 3829 tegetum
563 3760 600 3816 de
618 3759 786 3816 hereditnte
808 3776 863 3817 suu
885 3759 937 3819 uni
990 3766 1025 3824 Et
1038 3770 1126 3822 erunt
1135 3762 1232 3837 pisces
1247 3759 1332 3817 multi
1347 3759 1422 3816 sutis
1429 3761 1589 3833 postquem
1599 3758 1728 3816 venennt
1737 3755 1783 3814 illic

186 3841 336 3882 servorum
352 3843 485 3896 suorum,
1062 3852 1145 3909 equs
1160 3835 1234 3902 istu,

148 3897 203 3953 erit
218 3896 299 3952 illius
311 3913 405 3970 usque
416 3900 451 3955 ud
461 3917 571 3957 ennum
582 3902 807 3976 remissionis‚et
818 3904 937 3978 {tired}
1027 3912 1055 3966 st
1069 3906 1255 3964 sanabuntur
1267 3904 1297 3958 st
1309 3899 1529 3968 virentomnis,
1553 3899 1592 3955 ed
1614 3916 1679 3973 quis
1704 3894 1784 3958 veneri

183 3973 345 4026 revertetur
357 3971 392 4026 sd
410 3971 572 4043 principem
587 3991 595 4030 ε
1063 3984 1186 4036 torrens.

147 4038 305 4096 heredites
318 4046 417 4100 eutem
429 4043 504 4114 ejus,
515 4044 584 4101 tiliis
600 4047 665 4117 ejus
680 4046 746 4103 erit.
991 4056 1025 4108 Et
1040 4052 1163 4109 stabunt
1176 4060 1266 4119 super
1278 4043 1346 4101 illus
1381 4043 1533 4110 isoetores,

111 4111 146 4167 Dt
161 4127 218 4194 nen
235 4111 360 4194 accipiet
374 4114 509 4188 princepe
525 4116 560 4172 de
577 4117 745 4175 hereditate
768 4119 871 4193 populi
886 4136 938 4195 per
1027 4124 1063 4182 uh
1079 4121 1210 4196 Dngnddi
1226 4133 1321 4190 usque
1335 4060 1378 4172 uf
1387 4113 1532 4190 Dngellim
1551 4116 1674 4177 eieeutiu
1690 4132 1784 4194 segeni·

185 4182 366 4254 violentiam,
383 4187 461 4242 etde
475 4189 663 4259 possessione
679 4205 781 4248 eorum
798 4208 805 4246 :
1063 4210 1128 4252 rum
1142 4192 1198 4251 erit
1214 4206 1221 4246 :

147 4254 198 4310 sed
216 4254 252 4337 do
267 4255 453 4326 possessione
468 4274 523 4315 uiis
536 4258 735 4318 hereditatem
758 4262 841 4320 debit
868 4263 938 4322 tiliis
993 4266 1127 4323 Plurime
1142 4260 1255 4338 species
1267 4264 1354 4318 erunt
1368 4259 1498 4333 piscium
1510 4261 1589 4331 eius,

185 4342 248 4382 ⁵⁰¹⁸
266 4342 274 4380 ἔ
1028 4339 1105 4395 sient
1139 4339 1214 4394 isoes
1230 4334 1320 4390 meris
1336 4332 1448 4404 magni,
1462 4331 1666 4391 multitudinis
1689 4334 1785 4394 nimiu:

150 4399 183 4452 ut
198 4412 255 4453 non
271 4397 458 4480 dispergetur
468 4401 906 4481 populusmeusunusquisqus
920 4424 937 4464 ii
951 4411 1023 4514 Ι)Ιιι
1038 4409 1187 4467 littoribus
1198 4410 1297 4463 nutem
1312 4405 1387 4476 ejus,
1402 4402 1471 4458 stin
1484 4402 1672 4474 palustribus
1687 4425 1740 4466 non
1756 4414 1786 4460 rt·

164 4539 170 4550 ·
186 4484 371 4540 possessione
385 4487 451 4527 sue.
1061 4481 1221 4548 nubuntur,

112 4540 148 4595 lit
163 4541 326 4598 introduxit
340 4558 386 4599 me
400 4556 452 4614 per
466 4543 645 4617 ingressum,
661 4547 711 4621 qui
722 4551 785 4605 eret
795 4549 939 4608 existere
1025 4554 1096 4626 quie
1109 4553 1139 4608 in
1149 4550 1264 4609 selinus
1280 4546 1438 4604 dabuntur.

148 4682 154 4694 ,
183 4617 285 4684 ΡΟΜ,
372 4683 377 4694 ,
989 4619 1788 4698 iitsuperiornnremorisiurinuptsejnssxutimvt

147 4699 176 4738 iii
192 4699 263 4755 gaso
286 4681 399 4766 hyliiciu
412 4689 572 4768 sunctusrii
588 4690 624 4745 ud
640 4692 819 4761 secerdotes,
1060 4702 1142 4770 parte
1156 4706 1245 4750 omne
1255 4689 1372 4764 iignum
1384 4688 1585 4763 pomiferum:

147 4769 211 4825 qus
225 4754 345 4880 §Addam
374 4760 570 4843 respiciebant
583 4761 619 4816 nd
635 4761 829 4834 aquilonem:
1025 4786 1083 4826 uon
1098 4765 1207 4824 deiluet
1220 4762 1323 4820 lolium
1339 4770 1374 4817 ex
1387 4776 1432 4828 eo,

147 4829 176 4879 et
189 4825 220 4893 (Α
237 4863 243 4878 .
316 4826 333 4895 ‚l
349 4842 416 4883 ecce
430 4833 493 4885 eret
506 4830 547 4886 ibi
564 4832 646 4889 loeus
656 4835 831 4908 vergensiid
861 4836 935 4894 octi-
1025 4846 1054 4897 et
1068 4854 1127 4896 nen
1142 4836 1258 4895 dedcist
1273 4834 1389 4888 tructus
1401 4833 1488 4903 ejus:

184 4895 314 4979 ,dgnitm-
990 4912 1043 4969 Per
1058 4910 1190 4985 singulos
1205 4920 1322 4965 menses
1337 4902 1439 4960 sileret
1453 4902 1614 4976 primitive,

113 4967 147 5023 Bi
162 4966 281 5022 dlxliad
296 4980 344 5021 ΦΒ
359 4982 366 5021 ²
421 5039 426 5050 ,
1025 4985 1125 5056 quine
1148 4996 1193 5037 uis
1206 4979 1271 5050 ejus
1286 4976 1322 5032 ds
1336 4976 1506 5031 suuetuurie
1521 4976 1731 5048 egredientur:

150 5037 209 5093 luto
223 5040 268 5093 est
283 5036 364 5092 incus
378 5038 428 5094 uhi
439 5049 563 5113 coquent
573 5049 739 5108 secerdotes
753 5062 806 5126 pro
817 5050 937 5121 doncro,
989 5057 1024 5113 lit
1037 4999 1251 5113 eruntqlructus
1263 5048 1328 5121 ejus
1341 5046 1499 5129 inoeibum,

185 5113 214 5193 ⁰ss
227 5125 279 5182 1)Ρο
296 5113 438 5192 P⁶⁰⁰⁸²⁰‚²
462 5181 469 5194 ,
1025 5131 1053 5183 st
1070 5124 1211 5197 intinctus
1225 5121 1265 5180 ud
1278 5117 1465 5188 medicinam,

150 5180 198 5238 ubi
208 5183 335 5265 coquent
344 5179 570 5254 monuerimus
582 5205 640 5246 non
652 5191 774 5250 efferent
783 5194 813 5251 ln
826 5193 934 5251 utrium
988 5202 1054 5254 Hoc
1070 5198 1142 5253 dicit
1155 5194 1305 5253 Dominus
1313 5188 1390 5246 Deus
1407 5202 1415 5245 :

185 5257 325 5334 exterius,
989 5269 1093 5326 illoest
1107 5264 1303 5332 termiensis
1333 5257 1788 5332 nupeseidehitisteiremindit·

149 5328 179 5381 et
193 5323 392 5381 sanctificetur
407 5323 543 5407 populus.
1060 5340 1154 5397 decim
1170 5276 1412 5396 trihubnstsreel
1429 5344 1436 5386 :

114 5396 148 5451 ut
162 5397 263 5452 eduxit
279 5410 325 5451 ms
340 5393 489 5477 luntrium
505 5401 644 5470 exterius,
1025 5414 1094 5484 quia
1107 5409 1218 5484 ,loseph
1233 5403 1380 5479 duplicem
1396 5399 1565 5458 funiculum
1577 5401 1678 5461 hebet.

150 5471 179 5524 et
195 5467 390 5526 circumduxit
405 5481 452 5522 uis
467 5483 518 5551 per
532 5477 659 5542 quotuor
673 5477 797 5550 ungulos
812 5477 897 5549 etril3
989 5482 1361 5538 Possidebiiisnutsmeam
1372 5471 1482 5546 singuli
1492 5478 1619 5546 equeut
1629 5476 1788 5532 immiserit

115 5537 151 5592 ut
165 5555 230 5596 ecce
245 5536 382 5596 strloium
397 5543 499 5595 eretin
515 5543 623 5612 ungulo
638 5545 715 5602 etrii.
1024 5554 1188 5627 reperiit.
1204 5551 1247 5622 iii)
1262 5558 1352 5622 quum
1366 5543 1459 5601 levesi
1473 5557 1598 5603 menum
1610 5541 1791 5619 nesmpiie

153 5611 257 5667 etrioia
271 5611 454 5692 singuleper
468 5613 592 5684 ungulos
608 5616 693 5672 atrii:
1060 5643 1121 5682 reni
1137 5625 1269 5697 putribus
1283 5614 1388 5675 vestris
1404 5629 1414 5670 r

118 5675 151 5732 In
166 5688 293 5752 quatuor
306 5680 423 5753 ungulis
438 5682 504 5737 strii
519 5684 623 5742 etriols
637 5688 792 5762 disposite,
1023 5700 1053 5751 et
1067 5698 1151 5754 cedet
1165 5701 1244 5753 terre
1255 5693 1316 5751 huc
1329 5686 1413 5745 vohis
1427 5685 1458 5741 in
1473 5689 1706 5759 possessionem.

151 5752 348 5824 quedregiutu
361 5752 529 5813 cubitorum
543 5756 738 5833 perlongum,
988 5765 1041 5823 liic
1051 5771 1096 5825 eut
1110 5761 1368 5826 communimine
1381 5760 1491 5815 lm?
