3870 6120
77 316 81 375 2
135 298 189 354 ror
651 295 682 347 s.
701 280 905 360 monentia
924 295 1051 350 arvina
1068 296 1316 351 aranroraacn.
1786 292 1838 348 ree

171 423 323 496 imposuit,
340 426 368 477 et
387 421 423 476 de
447 417 570 474 muliera
593 414 740 489 quomodo
765 416 843 472 lacte
864 417 912 487 sil,
928 420 958 472 et
971 421 998 486 Α
1012 418 1101 475 XXX.
1117 419 1157 474 De
1172 420 1249 475 IIeau
1261 419 1310 474 ubi
1321 418 1451 475 vendidit
1464 416 1658 490 prImogenita
1670 417 1836 487 euulacob,

171 511 406 586 transgressione
420 521 531 564 eorum·
1051 513 1078 564 ct
1094 510 1129 564 do
1144 509 1391 581 promissionibus
1415 506 1465 563 Dei
1480 508 1511 562 iu
1526 507 1653 574 Gerar-is,
1670 510 1698 562 et
1722 507 1772 561 uhi
1789 523 1838 562 se-

136 603 182 659 IX.
199 607 237 658 be
259 602 387 670 irrogata
409 597 440 652 in
463 611 513 651 eos
529 612 546 651 a
560 594 685 651 Domino
710 595 865 661 sententia,
881 598 910 652 et
924 595 960 651 de
1050 598 1173 653 micavit
1187 602 1216 654 et
1230 598 1341 653 invenit
1355 595 1537 668 centuplum.

172 690 293 753 tunicis,
308 692 337 742 et
351 687 386 742 de
401 684 559 741 Cherubim
575 683 712 741 flammeo
727 683 824 757 gladio
838 688 859 739 ¹.
1016 685 1113 743 XXXI.
1130 686 1170 743 De
1190 687 1385 760 promissione
1410 689 1492 743 Isaeo
1507 690 1533 741 et
1549 685 1702 753 Bersabee,
1719 684 1769 740 ubl
1792 702 1835 740 se·

137 780 171 837 X.
187 785 227 835 De
241 777 311 834 (taiu
328 781 358 832 et
377 773 459 843 Abel,
475 779 504 830 et
519 773 723 830 meledictione
737 773 788 830 Dei
814 773 842 829 iu
867 773 959 843 parri-
1051 778 1147 833 cundo
1169 777 1304 852 apparuit
1322 777 1348 832 ei
1371 776 1524 845 Dominus,
1541 780 1570 831 et
1591 775 1627 830 de
1652 779 1736 847 pacto
1762 775 1839 847 regis

172 868 263 924 oldas.
1050 865 1215 923 AbimoIeoh
1240 883 1307 924 cum
1335 866 1427 933 Isaac,
1443 866 1522 921 etde
1543 865 1619 921 Esau
1644 869 1673 920 et
1697 864 1839 919 uxoribus

135 958 181 1015 XI.
200 955 321 1013 boseth
338 955 388 1027 qui
409 955 502 1010 ade²
527 958 614 1010 natus
640 957 685 1010 est
707 969 759 1026 pro
784 952 866 1023 Abel,
882 959 911 1010 et
924 954 960 1009 ds
1051 957 1127 1026 ejus.

171 1045 358 1120 generatione
373 1044 436 1116 ejus
452 1059 546 1116 usque
561 1043 596 1098 ad
612 1042 682 1098 Noe.
1017 1045 1132 1102 XXXII.
1149 1047 1189 1101 De
1213 1046 1340 1102 omnibuis
1363 1047 1456 1112 Isaeo,
1471 1048 1501 1099 et
1515 1044 1661 1115 quomodo
1685 1058 1737 1114 pro
1761 1043 1838 1099 Esau

137 1136 198 1194 XII.
214 1136 255 1192 De
270 1133 452 1207 gigantibus,
468 1137 497 1188 et
511 1133 581 1200 Noe,
597 1135 626 1187 et
641 1147 717 1201 area,
734 1134 763 1187 et
775 1131 894 1188 diluvio.
1051 1134 1200 1190 benedixit
1213 1135 1311 1190 Iacob.

33 1242 66 1307 J
136 1226 211 1282 XIII.
229 1225 267 1280 De
283 1239 403 1296 egressu
418 1223 479 1279 Noe
505 1222 541 1277 da
565 1237 641 1288 arca,
658 1225 687 1277 et
711 1221 747 1277 de
769 1221 961 1278 aedificatione
1016 1224 1150 1280 XXXIII.
1170 1227 1206 1281 Do
1221 1226 1287 1280 edio
1304 1226 1377 1280 Esau
1403 1223 1478 1278 circa
1500 1222 1603 1291 Jacob,
1618 1224 1647 1275 et
1666 1221 1736 1293 luga
1749 1220 1839 1276 Jacob

68 1320 73 1331 '
174 1314 277 1371 altarIs
291 1314 312 1367 ³.
1052 1312 1088 1367 ad
1114 1314 1223 1380 Lubnn,
1239 1318 1268 1368 et
1283 1314 1317 1369 de
1334 1311 1449 1369 somnio
1474 1315 1502 1367 et
1525 1309 1613 1378 scala,
1630 1317 1657 1364 et
1672 1308 1796 1381 augelis,
1812 1314 1841 1364 et

136 1404 208 1462 XIV.
223 1409 264 1459 De
281 1402 414 1458 nuditate
427 1401 497 1469 Noe,
513 1405 542 1456 at
558 1398 762 1456 maledictione
776 1399 924 1457 chanaan.
1053 1401 1210 1458 Dominum
1224 1403 1298 1457 vidit
1312 1401 1478 1474 loquentem
1493 1400 1528 1455 ad
1544 1415 1585 1454 se.

137 1493 196 1551 XV.
213 1493 253 1548 De
272 1489 512 1564 generationibus
527 1489 617 1546 trium
643 1488 770 1545 tiliorum
795 1493 866 1561 Noe,
882 1494 911 1546 at
926 1491 961 1547 de
1017 1490 1135 1546 XXXIV.
1152 1495 1191 1545 De
1202 1490 1420 1546 servitioJacob
1433 1506 1484 1561 pro
1496 1487 1647 1555 uxoribus,
1657 1490 1685 1542 et
1697 1490 1840 1559 conceptu

173 1582 311 1638 Nemrod.
1053 1580 1148 1636 ovium
1173 1598 1223 1652 pro
1247 1580 1386 1636 varietate
1401 1579 1560 1650 virgarum,
1577 1583 1606 1632 et
1627 1577 1662 1632 de
1687 1576 1841 1633 nativItete

26 1666 62 1749 ,¹
138 1670 215 1729 XVI.
231 1675 270 1726 Ita
286 1670 476 1726 edificatione
491 1668 592 1724 'I'urrls
612 1672 641 1725 et
660 1668 831 1725 contusione
845 1667 961 1741 lingua·
1053 1669 1296 1726 filiorumiacob.

175 1777 253 1832 rum,
269 1763 298 1815 at
312 1760 347 1815 de
362 1758 499 1831 progenie
521 1762 589 1814 Sem
611 1759 756 1830 usquead
772 1758 918 1814 Abraham
934 1763 963 1814 et
977 1790 1002 1856 Β
1017 1759 1134 1816 XXXV.
1151 1764 1190 1816 Ite
1205 1758 1381 1831 proiectione
1401 1758 1491 1814 Jacob
1516 1757 1552 1812 de
1575 1754 1798 1827 Mesopotamia,
1813 1759 1843 1811 et

174 1853 236 1906 Lot.
1054 1849 1089 1905 de
1100 1850 1199 1922 jurgIo
1215 1851 1279 1921 rjus
1300 1865 1367 1904 cunr
1388 1848 1485 1903 Leban
1502 1850 1531 1902 et
1546 1849 1642 1917 pacto,
1655 1850 1684 1901 et
1708 1845 1743 1900 de
1766 1843 1842 1899 divi-

23 1970 29 2021 3
138 1939 221 1996 XVII.
239 1944 278 1994 De
293 1937 459 2012 egressione
482 1937 601 1993 Abrahae
617 1937 746 1993 deterre
761 1935 962 1992 chaldeorum
1054 1939 1137 1995 sione
1160 1938 1340 2011 angelorum,
1354 1943 1383 1994 et
1405 1934 1620 2004 colluctatione,
1636 1938 1664 1990 et
1689 1934 1841 2006 pacatione

175 2028 205 2084 iu
223 2030 317 2083 IIaran
335 2026 550 2098 Mesopotamiae
566 2044 633 2081 cum
650 2026 789 2081 frutribus
805 2026 878 2081 suis.
1053 2030 1144 2085 Iacob
1161 2045 1228 2085 cum
1245 2033 1331 2084 Esau.

140 2117 236 2175 XVIII.
253 2118 293 2173 De
308 2117 358 2172 Dei
375 2115 571 2189 promissione
584 2116 620 2171 ad
635 2115 792 2184 Abraham,
805 2119 833 2170 et
846 2115 881 2170 de
897 2131 963 2187 pro·
1019 2119 1147 2175 XXXVI.
1164 2122 1202 2172 De
1217 2117 1399 2173 habitatione
1411 2116 1502 2172 Jacob
1517 2116 1545 2170 in
1561 2114 1689 2183 sichem,
1699 2116 1728 2170 et
1739 2118 1842 2185 stupro

176 2208 300 2264 tectione
315 2208 379 2278 ejus
399 2206 428 2260 iu
445 2211 552 2261 terram
568 2204 717 2273 Chauaan,
732 2209 761 2260 et
782 2205 830 2259 uhi
846 2204 871 2260 ci
886 2210 964 2260 Deus
1053 2207 1082 2262 in
1100 2207 1215 2276 Dicam,
1227 2206 1464 2263 etlnterlectione
1480 2205 1575 2271 urbIs,
1586 2208 1615 2259 et
1628 2200 1761 2258 deidolis
1776 2203 1842 2257 abs-

11 2326 31 2349 .·
178 2295 308 2352 secundo
323 2295 471 2369 apperuit.
1054 2296 1181 2352 conditis
1197 2297 1252 2350 sub
1270 2294 1445 2351 terebinthe.

24 2396 27 2401 ’
143 2385 214 2441 XIX.
228 2385 268 2440 De
284 2385 419 2456 ingressu
445 2385 569 2440 abraba
584 2385 613 2439 iu
635 2384 799 2457 AEgyptum,
814 2400 847 2439 ac
869 2383 964 2439 reditu
1018 2385 1154 2442 XXXVII.
1170 2389 1208 2439 De
1223 2384 1318 2440 reditu
1334 2384 1425 2440 Jacob
1447 2383 1477 2438 iu
1500 2382 1610 2453 bethel,
1626 2381 1656 2437 ln
1672 2396 1730 2453 quo
1747 2381 1844 2436 denuo

178 2474 287 2547 clusin
305 2473 501 2541 Betbel‚etde
517 2474 649 2530 discessu
668 2477 728 2541 bot',
742 2478 770 2529 et
785 2471 964 2529 habitatione
1055 2473 1192 2546 apparuit
1212 2474 1238 2529 ei
1264 2473 1340 2529 Deus
1362 2478 1391 2528 et
1411 2473 1525 2528 vooavIt
1548 2487 1610 2528 enm
1637 2468 1737 2536 Israel,
1754 2471 1783 2524 et
1807 2469 1843 2524 de

179 2565 243 2636 ejus
258 2564 287 2618 in
302 2563 447 2620 Sodomis.
1054 2563 1181 2636 Ephrata
1205 2563 1255 2618 ubi
1280 2561 1400 2628 Rachel,
1427 2561 1505 2617 edito
1531 2560 1693 2631 benjamin,
1719 2559 1791 2614 obiit
1814 2562 1843 2613 et

27 2698 43 2719 .,
141 2652 196 2710 XX.
213 2653 253 2709 De
269 2652 317 2710 Dei
339 2652 534 2724 promissione
558 2653 644 2709 tertio
660 2653 695 2707 ad
711 2651 869 2718 Abraham,
885 2655 915 2707 et
929 2652 965 2708 de
1054 2652 1169 2726 sepulta
1184 2658 1244 2723 est;
1259 2660 1288 2707 et
1311 2652 1359 2707 ubi
1384 2651 1487 2707 Ruben
1510 2650 1544 2707 ad
1570 2648 1764 2705 concubinam
1789 2664 1841 2720 pa·

177 2743 316 2798 trecentis
331 2741 431 2797 decem
447 2747 475 2798 et
490 2746 554 2798 octo
566 2741 759 2813 vernaculisl,
771 2742 855 2797 coesIs
871 2739 964 2797 hosti·
1054 2744 1109 2799 tris
1133 2741 1180 2797 sul
1204 2742 1356 2814 ingressus
1380 2746 1439 2807 est,
1466 2745 1496 2796 et
1520 2737 1690 2795 nominibus
1716 2735 1844 2809 patriar·

177 2832 244 2899 bus,
260 2838 287 2886 et
301 2834 435 2887 revocato
450 2831 513 2886 Lot.
1055 2833 1189 2897 charum,
1210 2837 1239 2887 et
1265 2831 1301 2886 de
1329 2830 1410 2885 obitu
1434 2831 1525 2898 Isaac,
1548 2832 1575 2884 et
1604 2825 1846 2900 generationibus

141 2920 210 2978 XXI.
226 2925 265 2976 Ite
279 2920 330 2976 Dei
350 2919 545 2992 promissione
571 2923 675 2991 quarta
698 2921 733 2975 ad
759 2918 919 2988 Abraham,
934 2917 965 2973 iu
1055 2922 1142 2978 Esau.

64 3032 67 3039 ·
177 3008 306 3078 Hebron,
322 3009 401 3064 etde
416 3009 662 3080 praenuntiatione
677 3008 728 3065 Dei
743 3008 821 3080 quod
839 3008 963 3080 peregri-
1020 3010 1167 3066 XXXVIII.
1184 3015 1224 3065 De
1236 3007 1344 3081 Ioseph
1361 3012 1388 3064 et
1404 3007 1529 3064 somniis
1545 3006 1620 3078 ejus.
1635 3009 1664 3061 et
1678 3003 1849 3061 venditione

179 3102 299 3153 neretur
314 3113 413 3151 semen
430 3097 505 3169 ψη,
522 3102 549 3151 et
564 3097 600 3152 de
615 3097 767 3151 nativitate
782 3096 898 3152 Ismnol.
1057 3102 1121 3171 eJus
1138 3099 1166 3153 iu
1182 3099 1348 3172 AEgyptum,
1360 3102 1389 3153 ot
1403 3098 1440 3153 de
1454 3096 1542 3162 Iuda,
1553 3100 1582 3151 et
1592 3112 1656 3168 que
1670 3095 1706 3150 de
1720 3094 1853 3150 Thamar

142 3186 230 3242 XXIl.
247 3185 287 3241 Ite
301 3185 496 3258 promissione
509 3185 560 3241 Dei
586 3186 690 3257 quinta
714 3186 749 3240 sd
775 3185 921 3240 Abrabam
937 3160 1001 3241 etc
1059 3188 1292 3245 memorantur⁸.

180 3276 216 3331 de
238 3275 446 3331 immutatione
472 3275 624 3331 nominum
653 3273 801 3330 Abraham
825 3279 855 3330 et
879 3275 967 3332 Sorae.
1023 3278 1154 3334 XXXIX.
1174 3279 1211 3332 De
1225 3275 1332 3349 Joseph
1350 3277 1385 3331 ab
1402 3275 1537 3331 eunucho
1553 3278 1651 3346 empto
1664 3278 1693 3329 et
1707 3273 1738 3327 in
1753 3287 1855 3327 caroe-

181 3364 221 3420 De
234 3368 319 3435 pacto
334 3363 576 3420 circumcIsionis.
1061 3383 1120 3422 rem
1140 3366 1241 3432 misso,
1256 3369 1285 3420 et
1301 3365 1336 3420 de
1351 3364 1476 3419 aemulls
1492 3363 1665 3419 Pharaonis.

145 3452 241 3509 XXIII.
263 3452 304 3507 De
333 3452 456 3508 Domino
484 3453 632 3524 quomodo
655 3451 684 3507 iu
711 3452 806 3508 tribus
834 3453 971 3525 apparuit
1024 3455 1085 3513 XL.
1103 3455 1143 3511 Ite
1166 3453 1274 3527 Ioseph
1304 3454 1410 3510 educto
1437 3453 1472 3509 de
1502 3439 1674 3512 carcere.et
1702 3451 1855 3524 quomodo

180 3540 305 3597 Abrahae
325 3541 354 3596 iu
377 3540 508 3596 convalle
535 3541 675 3611 Mambre,
700 3541 750 3597 ubi
776 3541 930 3613 pollicetur
944 3543 969 3599 oi
1041 3545 1209 3601 ¹somnium
1227 3543 1286 3617 rogi
1303 3542 1449 3610 edisserit,
1460 3546 1489 3598 et
1501 3542 1639 3597 domiuus
1654 3539 1768 3613 AEgypti
1785 3555 1857 3594 con·

183 3631 265 3687 Isaac
281 3630 476 3698 nasciturum,
492 3635 521 3686 et
534 3632 569 3686 de
585 3629 822 3704 quiuquagiuta⁸
832 3631 924 3703 justis
939 3632 969 3687 in
1061 3635 1183 3690 stltutue
1199 3636 1252 3703 est,
1269 3637 1298 3687 et
1312 3631 1348 3687 de
1364 3648 1453 3687 uxore
1469 3631 1531 3701 rjus
1553 3647 1586 3684 ae
1606 3628 1723 3684 duobus
1738 3626 1855 3682 liberis.

184 3720 329 3776 Sodomis.
603 3771 604 3775 ,
1025 3722 1096 3778 XLI.
1114 3721 1153 3777 Ite
1177 3722 1315 3778 fratribus
1337 3719 1456 3791 Ioseph,
1472 3719 1620 3790 quomodo
1635 3716 1857 3772 descenderunt

145 3808 241 3866 XXIV.
263 3809 304 3865 De
328 3808 517 3866 subversione
544 3809 750 3873 Sodomorum,
775 3813 805 3864 et
828 3814 969 3882 conceptu
1062 3812 1091 3866 in
1108 3815 1274 3884 AEgyptum,
1286 3809 1360 3865 etde
1376 3808 1470 3864 reditu
1482 3823 1595 3873 eorum,
1607 3804 1706 3862 relicto
1720 3805 1858 3874 Simeon,

182 3898 312 3955 filiarum
328 3898 381 3954 Lot
395 3900 431 3954 de
445 3903 534 3972 patre.
1062 3905 1091 3954 et
1107 3900 1231 3972 paruula
1247 3903 1361 3971 reperta
1376 3899 1404 3954 in
1421 3896 1524 3954 saccis.

145 3986 224 4045 XXV.
241 3988 281 4044 Ite
292 3987 469 4063 proiectione
480 3986 771 4053 AbrahaeiuGerara,
782 3991 883 4059 etque
894 3989 971 4060 apud
1027 3989 1110 4045 XLII.
1124 3990 1163 4044 De
1180 3987 1308 4044 secunda
1324 3988 1448 4042 fratrum
1464 3984 1572 4058 Ioseph
1589 3982 1769 4057 profectione
1785 3997 1857 4038 oum

183 4093 250 4134 eum
265 4076 357 4151 gessit
373 4076 538 4132 abimelech
554 4094 603 4133 rex
618 4076 852 4132 Palestinorum.
1063 4077 1215 4149 Beniamin
1232 4077 1261 4132 in
1278 4077 1447 4149 AEgyptum,
1463 4081 1491 4130 et
1506 4075 1656 4146 agnitione
1672 4076 1786 4128 erutus.

149 4166 245 4223 XXVI.
260 4167 300 4221 De
325 4164 476 4221 netIvttate
499 4167 591 4237 Isaac,
611 4170 640 4221 et
663 4167 699 4220 de
726 4165 794 4220 ludo
818 4166 882 4237 ejus
905 4181 971 4221 cum
1028 4168 1125 4226 XLIII.
1142 4167 1181 4223 De
1196 4167 1389 4222 subventione
1405 4170 1434 4219 et
1456 4164 1628 4218 muneribus
1644 4180 1659 4216 a
1673 4158 1780 4235 loseph
1797 4159 1863 4214 Ira·

185 4254 301 4323 lamuel,
317 4255 396 4309 etde
415 4253 585 4326 expulsione
610 4257 686 4326 Agar
711 4270 776 4308 oum
801 4253 924 4325 ethaei
938 4255 974 4312 de
1065 4257 1160 4313 tribus
1177 4256 1264 4316 datis.
1281 4260 1310 4310 et
1332 4256 1368 4309 de
1392 4253 1572 4326 protectione
1586 4251 1677 4307 Jacob
1692 4265 1759 4305 curn
1776 4248 1862 4304 omui

185 4346 320 4415 pactione
335 4342 503 4398 AbImelech
521 4360 568 4398 rex
585 4342 816 4399 Palestinorum.
1066 4348 1151 4401 donro
1168 4362 1222 4399 sua
1238 4345 1268 4399 In
1284 4348 1453 4417 AEgyptum.

150 4433 263 4489 XXVII.
280 4438 319 4488 De
344 4435 425 4487 Isaac
441 4433 490 4487 nbi
511 4432 681 4488 immolatur
704 4451 720 4488 a
743 4439 836 4505 patre,
852 4440 880 4489 et
895 4435 973 4507 quod
1030 4436 1124 4492 XLIV.
1144 4441 1181 4490 Ite
1198 4434 1333 4505 ingressu
1346 4432 1436 4488 Jacob
1450 4432 1483 4485 od
1499 4430 1728 4497 Pharaonem,ot
1743 4427 1778 4482 do
1795 4442 1866 4498 pos-

186 4521 320 4578 Bathueli
334 4522 463 4577 Rebecca
479 4522 516 4576 sit
533 4528 610 4591 nata,
627 4527 705 4578 etde
722 4523 801 4579 obitu
817 4528 903 4578 Sere.
992 4530 1016 4595 D
1068 4525 1199 4581 sessione
1216 4524 1272 4578 eibi
1289 4524 1356 4576 data
1367 4522 1395 4575 in
1412 4525 1489 4575 terra
1506 4521 1623 4573 tieaaan.

152 4612 283 4667 XXVIII.
300 4612 339 4666 De
355 4613 494 4681 Rebecca,
511 4612 656 4682 quomodo
671 4612 793 4668 Abrahae
810 4629 911 4667 servus
927 4629 977 4685 pe·
1033 4615 1115 4670 XLV.
1133 4615 1172 4667 lle
1188 4611 1311 4684 callgine
1331 4609 1482 4665 oculorum
1498 4607 1597 4672 Jacob,
1614 4613 1643 4661 ct
1658 4602 1866 4660 benedictione

187 4701 256 4754 iiior
269 4702 409 4755 accedens
425 4705 571 4775 acceptam
585 4702 686 4778 jungit
700 4701 791 4755 Isaeo.
1068 4704 1097 4758 in
1124 4702 1192 4756 silita
1217 4700 1338 4772 Ioseph,
1354 4704 1383 4754 et
1398 4698 1601 4753 bencdictione
1627 4695 1753 4750 filiorum
1768 4692 1866 4747 Iacob

152 4787 251 4844 XXIX.
269 4789 309 4844 Ile
325 4789 473 4844 Abraham
485 4789 533 4844 uhi
546 4789 701 4845 Cethuram
719 4788 830 4860 accepit
846 4805 977 4855 uxorem,
1069 4792 1234 4846 duodecim.

190 4882 217 4932 et
233 4878 268 4932 de
284 4876 364 4933 obitu
380 4879 502 4933 Abrahae
519 4895 525 4932 :
543 4884 571 4932 et
585 4879 621 4932 do
637 4878 774 4949 progenie
790 4878 934 4945 lamuelis,
950 4883 979 4933 et
1032 4881 1133 4939 XLVI.
1152 4880 1191 4934 lle
1207 4878 1286 4933 obitu
1299 4878 1388 4933 Iacob
1405 4881 1432 4933 et
1445 4875 1597 4947 sepultura
1610 4873 1674 4943 ejus
1685 4872 1714 4926 in
1734 4870 1866 4937 Ilebron,

189 4967 225 5021 de
241 4972 383 5037 conceptu
398 4972 426 5021 et
442 4973 526 5037 partu
546 4966 692 5022 Itebecce.
1069 4975 1097 5026 ct
1112 4970 1147 5024 de
1162 4976 1252 5023 utorio
1267 4967 1387 5037 Ioseph.

191 5111 200 5145 ¹
217 5107 368 5163 PelatInus
384 5109 483 5179 codex,
500 5126 625 5180 quocum
653 5109 705 5163 bos
727 5109 827 5163 breves
851 5109 976 5164 contuli·
1069 5112 1214 5166 ‘Auctiue
1231 5109 1279 5165 hIc
1296 5112 1339 5164 eat
1367 5124 1425 5163 uno
1450 5105 1536 5162 verbo
1551 5119 1668 5176 perpetra
1687 5098 1747 5158 Pal.
1764 5117 1869 5157 exem-

154 5196 232 5245 mus,
247 5181 333 5234 verbu
348 5181 478 5250 {trimmeo
492 5181 589 5248 gladio
603 5180 727 5250 ignorat.
1034 5184 1108 5256 piar.

187 5253 199 5289 ¹
216 5252 296 5306 idern
312 5268 418 5306 nomeu
437 5252 503 5307 adr
518 5251 639 5323 respuit.
1069 5255 1079 5291 ⁸
1094 5254 1240 5309 Numerus
1254 5252 1454 5322 qrriuqaopinto
1471 5249 1500 5303 iu
1515 5247 1649 5303 Palatino
1666 5243 1862 5301 desideretur

188 5322 279 5377 ⁸llaec
304 5340 431 5395 quoquo,
456 5331 483 5379 et
506 5328 540 5377 ‹te
562 5325 751 5394 ‹edr'firotiorre
775 5323 885 5394 altoris,
901 5327 979 5381 tacet
1069 5327 1080 5360 ⁶
1098 5325 1225 5394 lienique
1242 5331 1270 5378 et
1286 5322 1511 5392 talamascas
1528 5320 1645 5377 Iltomor
1659 5321 1873 5373 mercarentur.

154 5392 213 5453 Pal·
230 5411 286 5451 ms.
479 5460 485 5473 ,
1034 5398 1173 5453 abeunte
1189 5393 1322 5450 Palatino
1341 5411 1398 5448 ms.
