3878 6150
605 320 714 375 ussa
731 319 838 375 lflbffl
856 318 1069 375 PBOPHMB.
1647 311 1704 368 826

103 441 212 502 sortire
227 441 371 500 Gbaldais
387 442 428 517 [b.
445 459 544 501 servos
568 442 784 518 chaldeorum]
800 460 808 501 t
824 447 849 512 Α
865 442 945 517 abin]
966 444 1044 517 regis
1057 443 1146 512 luda,
1162 458 1264 501 mensa
1289 441 1476 511 duodeoimo,
1490 439 1631 498 vicesima
1651 453 1698 496 ss·

90 533 147 591 aiu
159 539 248 602 terra,
263 537 292 590 et
316 533 422 589 servite
437 532 497 607 regi
511 533 679 604 Rabylonis,
695 538 724 588 et
737 533 812 591 bene
868 533 1124 606 ptimadis[b.non
1135 529 1694 607 babet]tneosissublevatitllvilmuro·

90 622 153 679 ibis.
178 623 298 678 l'aotum
314 627 360 678 est
384 627 493 688 autem,
509 623 539 678 in
565 639 666 680 mense
687 623 811 696 septimo
866 622 938 679 daob
951 621 1698 696 rexBabylonisannoquoregnnrsomperat,oaput

92 711 199 769 lamuel
224 710 303 766 lilius
330 711 493 780 Nathanio‚
510 711 560 767 lilii
591 711 719 768 ltlisama
747 712 809 785 [ms.
864 710 1002 769 loiaobin
1027 712 1105 785 regis
1128 710 1205 767 luda
1219 712 1255 768 de
1270 727 1396 768 narrare.
1414 711 1451 767 st
1466 709 1587 768 loeutus
1601 712 1647 766 est
1667 716 1695 771 ei

90 817 114 857 ‚a
138 799 186 873 [de
201 799 313 856 semine
328 799 419 873 regio,
440 804 469 855 et
484 800 584 857 decern
600 800 654 857 viri
669 817 736 857 oum
752 816 810 858 eo:
865 800 993 873 benigne
1013 804 1043 858 et
1067 801 1166 875 posuit
1190 800 1329 857 thronum
1351 801 1416 871 ejus
1441 815 1530 870 super
1552 797 1693 856 thronum

90 888 484 963 tseruntqueGodoltam‚qui
500 895 707 946 mortuusest:
722 891 771 946 sed
783 894 812 946 et
866 905 969 963 regum
985 889 1035 961 qui
1058 896 1142 946 erunt
1156 906 1223 946 oum
1240 905 1274 946 eo
1290 891 1319 946 iu
1343 888 1500 962 babylona.
1517 891 1551 944 lit
1566 886 1692 943 mutarit
1805 914 1812 925 ·

90 983 147 1036 set
160 977 322 1049 Chaldaeos,
338 978 390 1050 qui
404 985 486 1034 erant
501 995 568 1034 cum
585 994 618 1035 eo
633 979 664 1034 in
679 978 810 1051 Maspha.
864 984 961 1036 vestes
975 980 1129 1052 ejus,qaas
1144 979 1285 1035 babuerat
1300 979 1331 1034 in
1342 982 1505 1045 rarosre‚st
1520 976 1692 1034 eomedabat
1792 1026 1796 1031 .

90 1065 810 1141 rgsusautemomnispopulusaparvousquesd
865 1083 969 1142 punem
996 1083 1115 1141 semper
1138 1068 1166 1124 in
1192 1071 1351 1142 onuspeotu
1370 1067 1434 1140 ejas
1457 1066 1572 1123 eunetis
1587 1064 1692 1124 diebus

90 1159 178 1226 tm,et
192 1154 339 1228 principes
353 1154 494 1221 militum,
507 1160 649 1212 venerunt
660 1156 689 1212 in
705 1157 811 1230 AEgyp·
863 1157 928 1214 uita
952 1175 1022 1214 sua.
1037 1160 1191 1215 Annonam
1218 1173 1335 1230 quoque
1358 1155 1515 1213 eonstituit
1528 1159 1558 1212 st
1579 1154 1691 1228 absque

90 1248 210 1301 imantss
221 1242 507 1300 cbntdaeoeaaetum
519 1249 564 1300 est
578 1261 646 1301 uero
662 1262 740 1302 anno
757 1246 810 1303 tri·
865 1246 1095 1311 intermissione.
1111 1263 1175 1319 quo
1190 1253 1219 1302 at
1233 1247 1358 1303 dabatur
1371 1245 1398 1302 si
1412 1262 1431 1301 s
1443 1260 1511 1318 roge
1525 1246 1691 1318 parslugu·

90 1362 92 1377 ›
106 1333 231 1407 septimo
242 1333 513 1407 transmigrationis
524 1334 658 1391 loiaobin
670 1335 733 1407 [ms.
746 1335 812 1392 loa·
866 1336 910 1393 los
924 1336 988 1393 dies
1004 1336 1143 1393 omnibns
1158 1335 1341 1393 diebusvitae
1356 1351 1427 1392 sna.

591 1468 755 1543 lmplioiattt
770 1469 839 1528 libri
852 1471 909 1529 duo
923 1470 1082 1529 samatus.

235 1779 529 1868 Pllllin'l'IO
560 1779 889 1870 ttlsuotttass
915 1781 970 1869 ΙΝ
1010 1781 1234 1871 LIBRUM
1261 1778 1429 1869 IsatAE-

90 2122 184 2163 noum
202 2106 360 2179 propbetas
373 2105 508 2163 versibus
531 2106 637 2163 viderit
660 2122 725 2164 esse
737 2108 803 2164 des·
819 2110 842 2175 Β
858 2108 938 2164 enirn
962 2108 1100 2165 universa
1123 2107 1232 2167 christi
1256 2107 1448 2178 bleolesinqus
1472 2102 1610 2179 mysteria
1630 2103 1685 2177 (lt.

104 2200 197 2252 metra
214 2196 220 2230 ¹
238 2211 287 2251 aas
313 2196 441 2252 estimet
455 2197 533 2269 apud
558 2196 693 2254 Hebraos
705 2196 803 2270 ligari,
859 2197 1035 2269 ministeria}
1050 2199 1086 2255 ad
1099 2198 1247 2272 liquidum
1259 2202 1433 2270 prosecutus
1446 2197 1536 2261 estut
1547 2208 1685 2250 nonaum

90 2284 128 2342 tid
144 2283 240 2342 simile
256 2284 363 2341 babere
383 2285 419 2341 ds
444 2286 580 2356 Psalmis,
597 2287 640 2342 vel
665 2287 802 2360 oporibus
857 2288 989 2361 pulesde
1005 2288 1105 2345 lutura
1119 2285 1283 2355 vaticinari,
1299 2286 1348 2343 ssd
1366 2285 1401 2341 de
1421 2280 1576 2357 preteritis
1588 2280 1684 2339 bista-

90 2373 141 2431 ›uis
153 2392 161 2437 z
172 2377 220 2431 sod
237 2375 315 2448 quod
332 2376 361 2431 in
374 2375 571 2433 Demosthene
582 2382 611 2431 et
621 2375 717 2432 Tullio
728 2375 803 2433 solat
857 2377 931 2433 riam
948 2377 1141 2435 texere.Uuds
1155 2376 1290 2447 conjicio,
1301 2375 1433 2433 noluisse
1447 2377 1518 2429 tuno
1532 2370 1685 2445 temporis,

90 2463 801 2539 :persolvscribanturetoommata‚quiuti·
856 2467 1049 2541 Septuaginta
1064 2468 1241 2539 Interpretes
1257 2466 1323 2522 lldei
1340 2481 1400 2521 suta
1417 2464 1602 2520 sacramenta
1616 2476 1684 2534 par·
1765 2478 1804 2551 Ι·

91 2570 154 2622 osa,
171 2559 200 2609 et
224 2569 283 2609 nou
306 2553 441 2610 versibus
464 2555 726 2627 ouusoripserunt:
748 2572 802 2612 nos
856 2556 958 2628 spitus
973 2555 1101 2613 etbniuis
1123 2556 1247 2628 prodere
1260 2556 1281 2621 ⁸,
1300 2559 1488 2611 namnetum
1504 2550 1684 2614 canibus.st
1810 2566 1814 2577 ·

90 2663 93 2695 t
108 2642 227 2699 utilitati
243 2642 403 2715 legentium
419 2644 615 2717 providentes,
631 2643 802 2716 interpreta-
855 2644 1034 2718 margaritas
1050 2644 1147 2719 porois
1161 2645 1266 2701 darem
1280 2660 1287 2699 :
1303 2659 1367 2716 qus
1383 2642 1437 2714 (lt.
1450 2639 1512 2712 qui)
1527 2654 1595 2695 oum
1607 2638 1684 2696 bauo

101 2732 300 2797 notauiaovo
317 2733 465 2790 scribendi
480 2734 799 2808 generedistinximus.
855 2733 997 2791 ditionem
1012 2734 1153 2809 legeritis,
1169 2734 1206 2790 ab
1223 2732 1280 2790 illis
1306 2727 1544 2788 animadvertetis
1558 2727 1683 2785 abscon·

90 2838 164 2878 num
179 2823 215 2877 de
230 2823 308 2877 lssia
322 2820 487 2892 sciendum,
508 2824 585 2896 quod
610 2824 640 2879 ia
665 2839 801 2881 sermone
855 2823 926 2880 dita.
936 2822 994 2879 Neo
1006 2823 1110 2896 ignoro
1120 2824 1222 2895 quanti
1234 2820 1344 2878 laboris
1355 2819 1393 2875 eit
1404 2815 1682 2892 propbstssiutolli·

90 2914 175 2967 tortus
190 2911 229 2967 sit
245 2928 252 2967 :
269 2910 377 2983 quippe
391 2913 445 2968 ¹ut
459 2911 504 2966 vir
518 2912 626 2969 nobilis
641 2916 670 2968 et
680 2912 800 2968 urbana
853 2929 930 2985 gers,
947 2928 1000 2969 nae
1014 2912 1098 2969 laoils
1109 2911 1276 2985 quempiam
1293 2908 1453 2984 posssjudi
1463 2922 1530 2965 aare
1543 2907 1580 2963 da
1593 2904 1682 2963 intar-

90 2999 162 3065 ttisr‚
177 3015 230 3056 neo
246 3000 358 3056 babens
373 3000 525 3074 quidpiam
540 3002 570 3056 ia
585 3000 700 3074 eloquio
711 3001 800 3057 rusti·
854 3000 1027 3074 pretatione,
1043 3000 1100 3057 nisi
1125 2999 1301 3056 intellexerit
1315 3002 1383 3053 anta
1400 3013 1465 3069 qua
1482 2995 1587 3068 legerit
1603 3010 1611 3050 ε
1627 3011 1681 3052 uos

95 3086 268 3143 admistum.
291 3085 372 3143 Unda
398 3088 515 3159 assidit,
540 3092 572 3143 ut
596 3087 800 3160 prosatoris,
855 3082 1681 3163 quoquepateremorsibusplurimorum.qnistimulante

103 3176 249 3233 sermonis
263 3176 328 3247 ejus
344 3175 497 3233 translatio
520 3193 577 3233 non
594 3177 720 3249 potuerit
734 3194 801 3234 oon·
854 3178 976 3248 invidia,
1006 3179 1085 3251 quod
1111 3177 1251 3249 consequi
1278 3194 1336 3233 non
1365 3174 1473 3242 valent,
1501 3170 1678 3246 despioluut.

90 3283 106 3322 t.
121 3264 232 3322 Deinde
255 3267 343 3321 etiarn
368 3266 422 3322 boo
442 3265 632 3337 ejiciendum,
648 3269 726 3339 quod
742 3283 800 3323 non
854 3268 956 3325 Sciens
966 3283 1035 3341 ergo
1050 3272 1080 3324 at
1094 3266 1262 3340 prudensiu
1273 3266 1426 3323 dammam
1441 3262 1679 3320 mittomaaum:

91 3354 208 3428 opheta,
224 3371 312 3427 quam
328 3353 801 3427 evangelistadieeadussit⁸.1ta
855 3363 884 3414 et
898 3357 1091 3414 nibilominus
1105 3356 1161 3413 boo
1176 3373 1193 3412 a
1208 3353 1372 3413 fastidiosis
1391 3351 1550 3411 lectoribus
1564 3366 1677 3425 precor,

95 3497 208 3562 metris,
228 3496 422 3570 versibusque
444 3496 661 3582 scripturarum
685 3497 803 3554 abunde
818 3481 840 3549 C
858 3499 968 3574 gentis,
983 3498 1032 3585 qui
1048 3498 1150 3555 eadem
1174 3498 1238 3554 oola
1251 3512 1390 3554 vemuum
1403 3499 1433 3552 et
1445 3498 1592 3551 commata
1613 3496 1679 3550 tum

90 3567 176 3625 timus
190 3569 221 3622 in
234 3568 452 3641 Prolegornenis
469 3569 556 3642 hujus
572 3569 683 3627 llioinae
698 3570 802 3627 biblia·
854 3589 889 3629 en
902 3570 1069 3628 corbeiensi
1085 3587 1152 3638 rna,
1167 3575 1230 3625 tum
1248 3569 1337 3626 etiam
1354 3585 1389 3624 ex
1403 3564 1591 3640 S.bugustiai
1606 3568 1680 3638 Spe·

112 3640 171 3696 buo
186 3656 254 3713 ergo
279 3641 431 3697 amandari
447 3658 479 3697 se
493 3642 622 3714 patietur
636 3640 725 3697 leotor
740 3648 805 3699 stu·
854 3645 925 3710 calo,
941 3642 990 3699 ubi
1006 3641 1237 3712 Hieronymiana
1247 3641 1392 3697 versionis
1407 3653 1509 3695 tersus
1523 3637 1561 3694 ab
1571 3637 1675 3695 uuaad

90 3753 93 3775 ‚
110 3728 147 3768 ue
159 3717 188 3768 et
214 3729 267 3768 aus
282 3717 380 3768 aotutn
396 3728 520 3785 agamus
543 3715 578 3768 de
598 3713 699 3769 eodem
716 3729 803 3839 argu·
855 3716 943 3772 alis‘n
959 3716 1123 3788 pericopam
1141 3713 1304 3786 sepissime
1320 3714 1524 3774 numeruntur,
1536 3723 1678 3792 aonusape

109 3783 217 3839 iterum
245 3785 430 3841 instituentes
457 3784 698 3855 disputationem.
729 3786 750 3841 ll
765 3786 803 3841 ad
855 3786 953 3843 inutili
968 3785 1066 3842 studio
1092 3802 1125 3840 aa
1140 3784 1238 3841 labare
1254 3785 1283 3840 in
1308 3799 1361 3839 eus
1385 3782 1513 3839 editione
1534 3782 1676 3837 restituat.

90 3856 725 3985 tttttttdlltttttttlltittlitt
738 3873 805 3984 lt.
855 3860 993 3986 batti
1016 3857 1231 3984 titilius
1252 3850 1680 3999 littttldttttltbttt

90 4015 175 4073 ymus
187 3997 475 4074 utilitatilegeatium
486 3945 803 4073 provtuirisanterpie-
854 4001 988 4058 lectionis
1002 3999 1031 4055 in
1048 3970 1282 4068 commentariis,
1296 3995 1526 4054 emendatiorem
1541 3991 1630 4065 paulo
1644 4008 1679 4049 ao

90 4088 118 4127 m
135 4087 219 4127 suam
236 4088 352 4138 novam,
369 4090 441 4128 noto
458 4072 511 4128 boo
535 4072 682 4128 scribendi
697 4088 804 4144 genera
856 4073 1005 4130 meliorem
1023 4071 1126 4128 iecisse
1141 4071 1194 4126 risi
1211 4085 1327 4125 sumus.
1497 4135 1503 4146 ·

90 4147 162 4213 erat,
178 4144 264 4214 enjus
279 4145 320 4199 rei
336 4145 418 4201 testis
433 4150 478 4200 est
491 4145 548 4201 ista
564 4144 703 4215 praelatio.
713 4146 802 4200 Ciste-
889 4146 900 4182 ⁸
914 4143 1092 4200 Conoinnios
1104 4143 1135 4197 in
1160 4141 1250 4198 Putat.
1266 4158 1336 4207 ms..
1353 4140 1457 4223 Quippe
1466 4152 1519 4221 ‘uir
1531 4133 1638 4218 nobilis
1650 4142 1679 4193 et

89 4214 310 4271 lreslituendas
332 4215 501 4287 hujusmodi
525 4215 729 4271 distinctiones
751 4233 803 4288 per
854 4215 1142 4287 urbonaeeteponttae.
1158 4215 1300 4284 Perquam
1322 4212 1390 4267 buia
1405 4207 1679 4275 etmtleastQatuo·

90 4304 112 4342 a
128 4286 249 4352 divisus,
262 4303 368 4360 magno
384 4287 468 4343 nobis
483 4287 538 4343 luit
552 4288 725 4359 adjumento
740 4304 802 4343 ma·
854 4287 949 4344 tiliani
976 4285 1096 4343 effatum
1118 4286 1154 4341 de
1178 4285 1301 4341 Messala
1325 4282 1449 4341 Coruino
1465 4297 1473 4337 ε
1489 4299 1505 4331 α
1519 4277 1635 4362 Nitidus
1649 4281 1680 4336 et

90 4366 148 4415 stus
176 4361 266 4415 codex
295 4359 488 4429 Corbeieasis,
513 4361 563 4432 qui
594 4358 686 4414 diuisa
715 4359 803 4416 babet
853 4357 1274 4431 eandidusetquodammodo
1296 4350 1556 4429 praeseferentia
1580 4351 1680 4407 drosn·

90 4434 212 4486 tubnoxa
234 4446 372 4486 uersuum
398 4431 462 4488 oola
486 4434 544 4487 lero
561 4432 661 4487 omnia
685 4432 714 4485 in
733 4448 802 4501 pro·
853 4430 1087 4489 durabilitatem
1104 4446 1200 4485 susm.
1218 4450 1232 4479 a

103 4501 160 4559 Neo
175 4503 318 4558 minorem
335 4519 405 4559 sane
420 4503 543 4575 prebuit
558 4502 714 4558 utilitatem
731 4503 801 4575 Spe·
887 4503 1014 4559 ‘Tradit
1026 4507 1056 4558 et
1070 4502 1099 4558 S.
1116 4501 1299 4574 Augustinus
1314 4497 1347 4554 de
1360 4497 1443 4556 civit.
1459 4493 1510 4553 aet
1523 4492 1577 4550 lib.
1592 4508 1674 4565 satta,

102 4578 131 4629 S.
159 4574 315 4646 Augustini
330 4593 340 4630 .·
355 4592 422 4631 narn
446 4575 475 4631 in
500 4574 615 4646 egregio
640 4573 692 4629 illo
714 4590 802 4648 opere
852 4592 917 4649 oap.
932 4574 977 4642 29,
994 4575 1035 4630 ita
1063 4573 1158 4629 visum
1189 4573 1225 4628 de
1251 4570 1339 4634 lasis,
1362 4592 1376 4620 u
1394 4571 1427 4651 ut
1454 4584 1472 4624 a
1497 4566 1678 4652 quibusdam

90 4644 802 4719 temllierouymisnantsecatuslugustinusms·
852 4646 1042 4720 evangelista,
1074 4661 1163 4717 quarn
1190 4642 1332 4718 propbeta
1361 4645 1459 4711 potrus
1486 4638 1675 4695 diceretur.»

90 4716 328 4846 ”giffi‘iqufffi
342 4718 403 4845 egat
414 4735 519 4846 1vterlsus
534 4718 570 4774 ab
587 4735 645 4773 una
659 4719 694 4773 ad
712 4718 798 4846 alitutm
853 4720 936 4849 {gria
951 4718 1050 4847 mia·
1062 4713 1449 4843 rmugnmmsserhffiw'
1464 4709 1494 4766 in
1510 4709 1623 4784 praelat.
1639 4706 1677 4765 ad

90 4810 153 4843 t.
256 4806 271 4844 e
345 4807 581 4845 iuratorum
629 4806 686 4844 ou
791 4819 799 4832 ·
1027 4805 1180 4844 rtstnu
1406 4825 1413 4838 .

90 4805 800 5006 tiranninatalitii
814 4850 839 4913 ⁰
853 4936 873 4992 s
887 4805 1208 5007 illitterata
1223 4803 1678 5003 tetmaris

298 4978 305 5003 ’
854 5004 991 5080 prudenti
1005 5005 1115 5061 laetum
1127 5002 1230 5060 dieunt
1244 5016 1309 5059 esse
1319 4997 1492 5063 consilians
1502 4994 1676 5077 Ptolomeus

90 5073 297 5146 dissipalarum
314 5092 419 5148 nempe
434 5077 560 5160 gratiam
577 5075 799 5147 distinguebant
854 5078 943 5134 unius
958 5077 1008 5134 Dei
1030 5077 1126 5132 ealtor
1148 5074 1237 5132 otiam
1259 5071 1338 5145 apud
1362 5070 1499 5128 Hebraea
1524 5064 1676 5139 dupltosm

92 5146 192 5203 salim
216 5152 366 5203 oratorum
392 5153 503 5220 sortpta
527 5149 556 5204 in
583 5146 658 5215 oola,
674 5152 702 5202 et
717 5165 798 5204 eom·
852 5150 1035 5206 divinitatsm
1051 5146 1293 5219 deprehenderet.
1306 5166 1316 5194 ι
1328 5143 1369 5227 βὶ
1382 5139 1574 5228 paulopost:
1590 5158 1606 5188 u
1622 5135 1676 5193 De·

90 5222 114 5274 tt
128 5216 507 5291 sacilinsintelligereatur:
532 5236 565 5276 aa
576 5220 715 5276 dieantur
729 5221 797 5292 qui·
852 5224 941 5295 nique
952 5220 1120 5292 ubieunque
1137 5223 1286 5274 sacratum
1298 5214 1408 5287 altqurd
1420 5213 1572 5293 Sortptura
1585 5212 1674 5264 testa·

90 5291 221 5347 iamaum
237 5307 304 5347 rara
325 5291 438 5364 aliquot
450 5308 605 5364 superasse
619 5291 797 5363 exemplaria
850 5297 900 5350 tur
913 5295 949 5351 de
965 5293 1059 5356 Patre,
1075 5290 1147 5347 l'ilio
1161 5299 1186 5347 et
1212 5288 1320 5359 Spiritu
1337 5289 1449 5354 saneta,
1464 5286 1515 5339 aut
1528 5281 1614 5338 altter
1626 5278 1674 5335 in·

90 5362 129 5419 di.
146 5362 249 5443 Parem
264 5361 458 5437 Hieronymus
481 5380 599 5437 operam
616 5364 696 5420 lsaiae
711 5371 796 5421 orate·
850 5363 1001 5449 terpretati
1019 5367 1099 5427 sunt,
1122 5366 1174 5419 aut
1197 5360 1318 5417 omnino
1340 5359 1507 5419 tacuerant,
1521 5357 1555 5409 ut
1568 5354 1598 5407 st
1611 5350 1673 5424 rogi

90 5433 234 5506 tropbstts
243 5432 398 5519 impendit,
414 5453 488 5509 quos
508 5437 543 5492 de
553 5435 672 5492 llebrso
686 5436 794 5493 vertit:
850 5437 1063 5505 ssttslaoersnt‚
1085 5440 1113 5499 et
1136 5448 1278 5490 arcanum
1301 5430 1368 5486 adet
1394 5444 1452 5485 noa
1477 5424 1673 5496 vulgarent.»

90 5520 133 5562 tro
154 5511 199 5561 ter
210 5504 311 5562 moltts
326 5523 393 5563 enm
409 5509 596 5565 sommendat
605 5507 796 5565 Cassiodorus
849 5509 966 5566 Videsis
980 5512 1080 5565 umen
1108 5521 1172 5579 qua
1186 5510 1216 5562 et
1239 5520 1294 5561 uos
1308 5501 1344 5559 ad
1360 5502 1439 5560 bano
1461 5496 1559 5554 losum
1573 5495 1674 5553 obser·

163 5577 292 5635 Divinas.
308 5580 427 5637 litterar.
450 5582 668 5637 institutionem.
692 5580 745 5636 Sed
765 5584 795 5637 st
847 5597 962 5639 samus.

92 5649 212 5707 udauda
239 5665 306 5707 oum
334 5651 439 5724 primis
466 5656 512 5710 est
536 5650 695 5710 blartiausi
723 5650 794 5731 dill-
