3878 6150
125 264 180 322 615
812 263 921 319 tiene
939 264 951 316 1
969 261 1167 339 studetis,
1784 272 1838 329 616

123 389 431 465 bsu1,piscatusvoce
444 386 587 459 ionathe,
605 386 736 459 juravit:
754 384 832 442 Vivit
852 384 952 443 Domi·
967 387 995 455 Α
1010 399 1077 441 eum
1091 385 1218 460 Spiritus
1232 388 1289 458 liei,
1302 393 1331 447 st
1346 392 1519 450 ambulabat
1532 393 1711 468 ingrediens,
1725 398 1755 452 et
1769 412 1836 469 pro·

124 496 193 548 nus,
206 479 277 553 qnia
291 494 350 536 non
365 478 524 537 occidetur.
540 478 662 533 vocavit
685 475 786 549 itaque
808 473 955 532 Jonathen
1011 473 1152 546 photabat
1167 493 1260 549 usque
1274 480 1345 535 dum
1356 481 1507 539 veniretin
1519 483 1625 556 Najoth
1640 484 1671 540 in
1684 485 1787 543 Rama.
1804 487 1839 543 itt

125 562 958 639 David,etindicaviteiomniaverbahec,etintroduxit
1011 563 1839 647 exspoliavitseetiamipsevestimentissnie,etprophe·

126 658 274 715 ionatban
293 657 382 714 llsvid
407 657 444 715 ad
469 655 551 725 Saul,
567 658 595 712 et
620 654 677 711 init
698 657 766 712 aute
785 669 864 723 eum,
880 652 959 710 sicot
1012 653 1085 709 tavit
1101 671 1167 711 cum
1179 656 1291 714 ceteris
1303 658 1344 730 [h.
1358 676 1414 716 non
1428 660 1595 732 babet,oum
1607 664 1838 735 caeterieJcoram

128 744 226 804 luerat
253 746 317 804 heri
344 749 374 804 et
401 744 629 802 nudiustertius.
644 744 690 816 [T.
707 742 773 806 Li]
788 743 897 799 Motum
913 745 958 798 ast
1011 743 1158 815 Samuele,
1174 748 1201 801 et
1217 745 1345 803 cecidit·
1361 749 1459 807 nudus
1473 754 1535 807 tota
1555 752 1602 808 die
1618 752 1668 809 illa
1691 756 1720 810 et
1743 757 1837 811 nocte,

129 841 229 894 autem
244 852 351 894 rursm
364 834 486 907 beilum,
497 839 527 893 et
545 848 681 907 egressus
699 832 799 901 David,
817 830 959 905 pugnavit
1013 830 1095 888 Unde
1106 837 1134 889 et
1144 833 1232 890 exivit
1249 837 1455 908 proverbium:
1471 842 1549 896 Num
1559 843 1588 897 et
1597 841 1666 898 Saul
1682 840 1758 899 inter
1771 860 1838 916 pro·

130 921 956 998 adversusPhilletbim;peronssitqueeosplagamsgnat,
1013 920 1143 994 phetes?

131 1018 158 1071 et
172 1015 317 1088 ingerunt
332 1030 350 1070 a
364 1012 438 1071 lacie
451 1013 527 1085 elus.
540 1013 576 1068 tot
590 1012 686 1069 tectos
700 1014 744 1068 est
760 1010 887 1082 Spiritus
901 1015 958 1067 Do·
1049 1010 1129 1085 [Cap.
1143 1012 1222 1084 xli]
1239 1014 1326 1088 Fugit
1345 1018 1443 1072 aulem
1470 1017 1557 1073 David
1581 1018 1617 1074 de
1641 1018 1759 1091 Najoth‚
1775 1037 1839 1094 que

132 1102 205 1161 mini
215 1104 316 1161 mains
330 1102 361 1159 in
375 1101 456 1159 sant.
470 1101 594 1158 dedebat
604 1106 703 1158 autem
713 1100 742 1157 in
755 1100 842 1157 domo
853 1115 918 1170 sua,
929 1101 960 1155 et
1012 1102 1076 1157 erat
1090 1098 1120 1156 in
1136 1101 1239 1172 Rama,
1254 1103 1433 1177 veniensque
1446 1103 1563 1162 locutus
1578 1111 1623 1165 est
1639 1123 1736 1165 coram
1752 1108 1840 1167 Jona-

132 1190 495 1265 tanebstlanoeamzporro
504 1188 785 1263 Docidpsallebatio
798 1205 957 1245 manusna.
1012 1186 1103 1245 than:
1120 1188 1194 1254 Quid
1212 1189 1291 1248 tecit
1312 1207 1378 1264 quas
1400 1197 1444 1251 est
1467 1193 1612 1267 iniquitas
1628 1211 1703 1264 mea,
1718 1200 1746 1253 et
1761 1199 1839 1270 quod

131 1279 282 1355 llisnsqne
291 1284 338 1338 est
347 1279 415 1337 Saul
426 1278 572 1352 contigere
583 1276 685 1336 iancea
695 1277 786 1335 David
796 1277 825 1334 in
837 1277 959 1350 pariete,
1012 1280 1163 1350 peccatum
1180 1295 1280 1336 meum
1294 1280 1325 1337 in
1337 1288 1448 1355 patrem
1465 1286 1560 1355 tuum,
1572 1284 1642 1356 quis
1657 1284 1763 1358 quaerit
1777 1286 1841 1344 ani·

131 1374 154 1427 at
169 1369 334 1428 declinavit
349 1367 437 1426 David
449 1385 467 1424 a
478 1367 628 1424 iaciebant
639 1367 861 1425 :lanceeautem
876 1381 960 1425 casso
1014 1382 1092 1423 mam
1108 1367 1224 1425 meam?
1237 1369 1291 1436 Qui
1301 1369 1408 1429 dixitsi
1421 1389 1428 1428 :
1443 1372 1536 1444 Absit,
1549 1390 1607 1431 noo
1620 1375 1773 1434 moriaris:
1790 1392 1840 1433 ne·

131 1458 253 1517 vnlnere
266 1459 378 1532 pariete
391 1462 437 1516 est
452 1457 482 1514 in
498 1456 649 1530 parietem,
665 1460 694 1513 et
718 1456 809 1513 David
832 1456 917 1530 tagit,
931 1460 961 1513 et
1014 1472 1072 1529 que
1087 1458 1165 1514 enim
1183 1457 1269 1516 iaciat
1288 1465 1372 1532 pater
1392 1477 1476 1519 meus
1491 1462 1654 1536 quidquam
1670 1465 1780 1538 grande
1794 1465 1839 1523 vel

124 1548 265 1606 mestos
279 1551 324 1605 set
338 1551 423 1604 nocte
436 1546 497 1604 ille.
511 1547 555 1619 [T.
569 1543 648 1612 tvl]
659 1545 740 1603 Misit
754 1563 823 1620 orgo
835 1544 905 1603 Saul
916 1562 961 1602 sa·
1016 1561 1150 1617 parvum,
1163 1546 1218 1603 nisi
1236 1547 1318 1619 prius
1333 1548 1507 1607 indicaverit
1522 1551 1595 1608 mibi
1605 1552 1647 1625 [h.
1660 1553 1717 1610 nisi
1734 1553 1842 1612 revela·

124 1638 245 1695 tellitee
262 1654 334 1695 suos
347 1636 379 1694 in
395 1636 515 1694 domum
531 1636 673 1703 David,ut
683 1634 866 1692 custodirent
881 1651 960 1708 eum,
1015 1635 1088 1690 verit
1114 1651 1215 1691 aurem
1230 1638 1338 1710 meam]
1354 1655 1361 1693 :
1383 1638 1462 1696 bunc
1476 1656 1544 1713 ergo
1560 1640 1665 1698 celavit
1679 1660 1726 1700 me
1739 1644 1751 1680 ⁸
1765 1648 1845 1716 pater

118 1727 386 1786 etinterflceretur
395 1742 482 1783 mane
489 1725 510 1780 ¹.
523 1724 604 1790 Quod
616 1740 681 1781 cnm
691 1725 893 1781 annuntiasset
904 1729 960 1781 Da·
1016 1737 1271 1781 moussevmonem
1280 1726 1843 1801 tantummodolnequoquameritistud.

115 1819 176 1874 vid
186 1815 381 1874 Michoiuxor
392 1815 581 1882 sandicem:
594 1813 656 1871 Nisi
673 1813 830 1871 salvaveris
841 1818 869 1871 te
880 1817 963 1871 nocte
1020 1812 1172 1882 sstjuravit
1187 1829 1304 1869 rursum
1320 1813 1421 1870 David.
1436 1815 1467 1871 s:
1482 1814 1533 1872 iile
1548 1816 1589 1888 [h.
1607 1833 1662 1873 non
1679 1817 1768 1875 babet
1782 1817 1843 1891 ille]

112 1907 196 1976 hae,
214 1922 284 1963 cras
308 1904 453 1976 morieris,
469 1902 605 1975 deposuit
627 1919 694 1959 enm
719 1919 771 1976 per
797 1904 964 1960 fenestram.
1022 1898 1085 1956 ait:
1110 1901 1172 1957 Scit
1196 1903 1323 1975 protecto
1338 1907 1421 1975 pater
1436 1908 1505 1961 tuns
1520 1906 1590 1978 quia
1605 1906 1703 1964 inveni
1718 1908 1844 1980 gretiam

107 1995 222 2054 Porro
237 1994 288 2052 iile
303 1994 374 2052 abiit
397 1998 426 2051 et
438 1992 564 2068 aulugit,
574 2001 662 2064 atque
676 1991 805 2050 salvatus
820 1997 873 2049 eet.
885 1993 967 2050 'iniit
1022 1988 1052 2044 in
1076 1995 1234 2064 conspectu
1264 1994 1314 2048 tuo
1341 1989 1381 2056 [h.
1397 1992 1426 2048 in
1457 1993 1551 2051 oculis
1579 1995 1683 2066 tuie⁷]‚
1699 1998 1843 2055 ctdicet:

102 2091 231 2143 nutem
246 2083 354 2142 Michol
369 2085 542 2152 statuam,et
552 2082 721 2154 poeniteam
737 2098 826 2154 super
842 2080 965 2152 lectum,
1018 2079 1138 2136 Nesciat
1153 2079 1208 2136 hoc
1222 2080 1382 2152 Jonathan,
1399 2098 1434 2139 ne
1448 2083 1522 2139 torte
1537 2083 1676 2141 tristetur.
1693 2084 1767 2150 Quin
1784 2087 1844 2145 imo

101 2180 154 2233 ot
171 2173 288 2249 pellem
303 2171 427 2247 pilosam
455 2173 493 2246 [t.
509 2189 566 2227 noc
589 2171 684 2243 babet,
699 2170 837 2244 pilosam]
863 2188 962 2244 capru-
1017 2168 1088 2225 vivit
1104 2169 1255 2238 Dominus,
1266 2177 1293 2227 et
1305 2169 1484 2229 civitanima
1498 2176 1560 2243 tua,
1571 2173 1642 2247 quia
1656 2190 1714 2231 uno
1729 2178 1845 2234 tantum

107 2280 199 2323 rum
208 2259 962 2338 poeoitedcaputejusetoperuiteamvestimentis⁸.
1018 2257 1063 2330 (ut
1078 2256 1120 2315 ite
1134 2258 1242 2331 dicam)
1254 2258 1414 2333 gradu,ego
1431 2275 1569 2334 morsque
1584 2261 1847 2332 dividimurldtait

101 2353 214 2412 uteie
227 2356 330 2409 antem
344 2349 412 2408 Saul
428 2350 619 2424 apparitores,
635 2349 686 2423 qni
702 2354 839 2423 raperent
864 2350 963 2420 David,
1016 2346 1317 2404 ionatbanadllavid:
1333 2348 1534 2421 Quodcunque
1545 2349 1651 2406 dixerit
1663 2351 1735 2407 mihi
1746 2353 1847 2411 animo

99 2448 348 2515 etresponsnm
359 2444 404 2498 est
415 2439 492 2512 quod
504 2442 667 2513 egrotaret.
680 2442 870 2513 Romamque
882 2440 964 2496 misit
1017 2443 1080 2509 tue,
1093 2439 1198 2496 inciam
1222 2438 1286 2495 tibi.
1307 2438 1384 2496 Dixit
1398 2444 1498 2496 eutem
1513 2440 1603 2498 David
1619 2443 1654 2499 ed
1669 2444 1819 2503 Jonathan
1837 2463 1845 2504 ε

103 2530 203 2590 Saul
217 2529 352 2601 nuntios,
363 2528 515 2586 utvideret
526 2528 626 2598 David,
639 2528 760 2585 dicens:
778 2527 963 2586 Afferteeum
1017 2529 1090 2585 lione
1104 2528 1236 2585 kalende
1251 2530 1321 2583 eunt
1336 2528 1477 2601 crastino,
1492 2535 1521 2586 et
1536 2547 1589 2603 ego
1603 2548 1637 2587 ex
1649 2549 1731 2590 more
1745 2538 1847 2594 sedere

108 2623 166 2678 td
179 2636 230 2678 me
240 2620 272 2676 in
282 2617 369 2688 lecto,
380 2622 415 2675 ut
425 2617 719 2690 occidaturtlnmqne
729 2615 877 2673 venissent
887 2635 961 2674 nun·
1016 2616 1096 2674 soleo
1107 2617 1120 2688 j
1126 2622 1194 2673 uxta
1210 2632 1307 2688 regern
1318 2616 1355 2673 ad
1367 2619 1561 2675 vescendum:
1573 2620 1690 2679 dimitte
1704 2639 1774 2697 ergo
1790 2642 1846 2699 me,

108 2710 178 2780 tit,
188 2709 343 2766 inventum
353 2711 399 2765 est
408 2705 598 2764 simulacrum
615 2722 705 2779 super
718 2705 867 2776 lectum,et
877 2706 963 2779 pallis
1018 2709 1050 2761 ut
1065 2704 1347 2777 abscondarinagro
1361 2706 1501 2778 usquead
1515 2724 1664 2780 vesperam
1681 2711 1738 2768 diei
1753 2715 1846 2770 tertia

108 2813 291 2870 caprarum
307 2795 343 2854 ad
358 2801 447 2868 capnt
460 2796 535 2867 eJus.
552 2795 688 2867 Dixitque
704 2794 772 2851 Saul
789 2795 826 2851 ed
842 2795 961 2852 Michol:
1016 2794 1044 2850 Si
1075 2793 1243 2866 requisierit
1270 2793 1359 2866 [ang
1386 2794 1500 2851 addunt
1528 2796 1687 2869 respiciens]
1702 2816 1749 2857 me
1764 2806 1847 2874 pater

109 2884 679 2953 Quereeicillneistimihi,stdimieisti
690 2884 844 2941 inimicum
853 2902 962 2954 meum,
1017 2885 1097 2951 tuus,
1111 2880 1302 2955 respondebis
1313 2881 1339 2937 ei
1353 2899 1360 2938 :
1375 2881 1498 2955 Rogavit
1510 2900 1556 2940 me
1567 2886 1668 2954 David,
1681 2889 1714 2944 ut
1727 2887 1783 2946 iret
1797 2880 1852 2947 ce-¹

111 2980 169 3033 ut
181 2973 322 3049 ingeret?
335 2975 371 3031 lit
385 2974 535 3046 respondit
550 2972 655 3030 Michol
668 2972 703 3028 ad
715 2973 799 3031 Saul:
812 2973 885 3039 Quia
900 2974 963 3046 ipse
1017 2970 1154 3028 teritorio
1167 2969 1342 3027 Beth-taem
1358 2970 1504 3030 civitatem
1523 2990 1619 3046 suam,
1635 2976 1706 3048 quia
1721 2979 1847 3037 victimas

109 3064 253 3122 locutas
263 3068 307 3121 est
319 3063 403 3121 mihi:
418 3064 537 3120 Dimitte
548 3062 642 3135 me[b.
655 3059 762 3130 mitte],
773 3062 903 3136 alioquin
916 3067 962 3120 in·
1017 3060 1165 3117 solemnes
1188 3059 1228 3115 ibi
1248 3062 1319 3116 eunt
1334 3060 1481 3118 universis
1493 3063 1708 3122 contributibus
1723 3067 1797 3139 ejus.
1814 3069 1845 3126 Si

111 3152 281 3211 urficiam
296 3157 336 3210 te.
353 3153 441 3210 David
458 3156 556 3209 autem
573 3151 701 3225 lugiens,
716 3150 847 3208 salvatus
861 3157 917 3223 est,
933 3133 998 3209 etc
1016 3149 1131 3218 dixerit,
1149 3149 1243 3205 Bene:
1269 3164 1325 3220 pax
1349 3148 1405 3206 erit
1424 3165 1507 3207 servo
1521 3155 1582 3210 tuo.
1599 3152 1628 3208 si
1645 3160 1743 3213 autem
1758 3157 1847 3216 luerit

111 3242 217 3299 venit
231 3242 266 3300 ad
282 3241 400 3299 Samuel
417 3241 446 3297 in
461 3240 651 3310 Ramatha,et
662 3240 809 3297 nuntiavit
823 3241 849 3298 si
863 3243 962 3298 omnia
1015 3235 1120 3307 iratus,
1135 3238 1208 3295 scito
1227 3237 1298 3311 quie
1319 3239 1464 3311 completa
1488 3249 1532 3297 est
1555 3242 1668 3300 malitia
1692 3246 1769 3317 ejus.
1787 3250 1842 3307 Fac

118 3346 206 3403 qne
220 3331 327 3388 lecerat
341 3330 398 3389 sibi
411 3330 479 3386 Saul
492 3346 500 3386 ε
525 3333 554 3386 et
566 3329 702 3387 abierunt
715 3331 778 3402 ipse
793 3335 821 3387 et
832 3331 960 3401 Samuel,
1014 3344 1083 3402 ergo
1096 3326 1329 3383 misericordiam
1341 3327 1372 3383 in
1382 3332 1677 3404 servumtunm:quia
1688 3333 1781 3392 faedus
1792 3337 1848 3395 Do·

124 3420 282 3488 etmorati
294 3418 404 3476 suntin
414 3419 519 3491 Najoth
531 3418 774 3491 [ms.Neohjotb].
786 3420 961 3478 Nuntiatum
1017 3416 1089 3475 mini
1099 3432 1146 3472 me
1157 3414 1301 3471 samolum
1312 3418 1399 3471 tuum
1410 3420 1507 3474 tenum
1516 3418 1590 3475 inire
1601 3420 1740 3479 iecisti.Si
1748 3428 1848 3485 eutem

127 3507 607 3567 estantemfleuliadicentibue:
625 3512 695 3565 Ecce
705 3507 795 3565 David
811 3509 840 3565 in
857 3509 963 3583 NaJ'oth
1017 3511 1063 3564 eet
1077 3506 1107 3562 in
1124 3520 1171 3561 me
1185 3502 1284 3576 aliqua
1303 3503 1346 3574 [h.
1364 3521 1420 3562 non
1446 3505 1534 3563 hebet
1556 3507 1667 3581 eliqua]
1692 3510 1847 3585 iniquitas

132 3594 180 3652 in
188 3597 285 3655 Rama.
297 3598 343 3671 [T.
354 3597 449 3664 evin]
457 3597 537 3655 Misit
548 3614 617 3671 ergo
631 3597 701 3655 Saul
715 3597 831 3656 lictores
841 3599 882 3671 [h.
895 3602 966 3656 mis·
1019 3593 1254 3660 turneintartice,
1265 3596 1295 3649 et
1305 3594 1340 3650 ed
1350 3598 1463 3667 patrem
1474 3598 1778 3659 tuumneintrodncas
1789 3619 1848 3661 me.

138 3687 264 3755 nos,bic
277 3692 307 3745 et
321 3703 422 3761 supra,
437 3687 545 3758 habetl,
563 3691 596 3743 ut
621 3691 757 3760 raperent
771 3689 862 3745 David
880 3707 887 3746 ε
914 3690 965 3762 qni
1019 3685 1055 3742 iit
1068 3684 1109 3740 ait
1121 3683 1268 3740 Jonetban
1285 3699 1292 3738 :
1311 3682 1394 3740 absit
1408 3682 1464 3740 hoc
1480 3691 1539 3741 ate
1557 3702 1564 3742 ε
1581 3690 1766 3758 nequeenim
1782 3691 1846 3748 iteri

143 3787 215 3833 enm
223 3774 366 3834 vidissent
375 3791 501 3833 cuneum
512 3775 719 3849 prophetarum
731 3776 966 3848 vaticinantium,
1021 3777 1117 3848 potest
1132 3776 1174 3838 ut,
1185 3770 1210 3827 ei
1226 3775 1302 3827 certe
1318 3787 1481 3844 cognovero
1491 3773 1668 3847 completam
1680 3779 1776 3850 patris
1787 3780 1845 3837 mei

144 3865 298 3923 ettamuei
309 3869 436 3923 stantem
448 3881 537 3939 super
548 3881 609 3933 eos,
621 3865 773 3938 iactus-est
792 3882 880 3938 super
891 3884 968 3924 nun·
1020 3881 1085 3923 esse
1101 3862 1241 3919 malitiam
1258 3868 1359 3918 contra
1383 3867 1422 3933 ts,
1439 3880 1498 3921 non
1521 3866 1695 3923 annuntiem
1712 3869 1778 3928 tibi.
1794 3874 1848 3928 lie·

145 3951 966 4028 tisa⁸eaulspiritusnet,etprophetareoeperuntsttem
1022 3949 1849 4030 sponditqueDavidedJonethan:Quisnuntiabitmibi,

149 4034 214 4113 ipsi.
224 4043 305 4109 Quod
317 4042 560 4099 cumnuutiatnm
571 4045 651 4099 esset
660 4040 753 4113 Sauli,
766 4042 848 4100 misit
858 4047 886 4100 et
896 4043 969 4102 elios
1024 4041 1131 4114 siquid
1143 4040 1476 4112 tortereeponderittibi
1491 4046 1575 4114 pater
1588 4047 1658 4101 tuus
1669 4045 1741 4102 dure
1751 4046 1849 4120 [Vulg.

151 4132 283 4192 mundos:
298 4131 548 4207 prophetaverunt
562 4135 658 4188 autem
680 4135 709 4186 et
730 4130 784 4188 iili.
800 4132 835 4188 iit
851 4149 969 4190 rursum
1025 4132 1137 4189 addunt
1159 4128 1192 4185 dc
1215 4129 1295 4200 meli
1310 4128 1344 4184 Et
1356 4129 1400 4185 ait
1413 4128 1559 4187 Jonathan
1578 4133 1614 4187 ad
1630 4133 1719 4190 David
1735 4153 1742 4192 :
1766 4136 1851 4210 Veni,

155 4214 215 4276 Saul
226 4219 971 4294 mieittertiosnnntios,qoistipsiprophetaverunt.
1025 4219 1210 4292 egrediamur
1220 4217 1250 4272 in
1262 4233 1366 4290 agrum
1376 4216 1598 4292 [Vulg'addunt
1610 4223 1851 4298 formicamque

161 4308 226 4367 Abiit
238 4316 337 4369 summ
351 4311 441 4368 etiam
456 4309 520 4384 ipss
537 4309 567 4366 in
583 4308 863 4382 Rametba,etvenit
879 4327 973 4385 usque
1027 4309 1157 4368 exissent
1172 4306 1259 4363 ambo
1275 4306 1303 4362 in
1320 4322 1435 4380 agrum,
1452 4306 1493 4364 eit
1507 4308 1655 4367 Jonatben
1676 4314 1710 4370 ad
1735 4315 1826 4371 David
1843 4331 1850 4371 ε

163 4397 192 4452 sd
203 4401 357 4458 cisternam
372 4414 508 4473 magnam
526 4415 590 4470 que
606 4402 651 4455 est
665 4398 695 4454 in
710 4399 832 4467 boccho,
845 4404 874 4456 at
888 4400 974 4457 inter·
1029 4397 1152 4456 Domine
1162 4401 1238 4453 Deus
1249 4395 1348 4464 Israel,
1361 4397 1384 4452 ai
1398 4396 1607 4470 investigavero
1618 4403 1792 4460 sententiam
1805 4421 1853 4477 pa·

163 4490 269 4562 rogavit,
280 4491 401 4547 dicens:
416 4489 513 4561 inquo
521 4487 585 4545 ioco
601 4492 670 4545 sunt
684 4487 804 4546 Samuel
819 4493 848 4546 et
862 4489 973 4546 Dauidt
987 4506 1011 4572 ῃ
1025 4488 1081 4546 tris
1093 4486 1151 4542 mei
1166 4482 1348 4541 crastinovel
1361 4484 1493 4556 perindie
1505 4502 1512 4541 :
1524 4495 1551 4543 et
1561 4486 1673 4561 aliquid
1686 4491 1754 4546 boni
1765 4492 1854 4550 tuerit

167 4572 324 4650 biotnmqne
334 4581 380 4634 est
390 4576 435 4634 ei:
452 4577 523 4635 licea
533 4576 564 4633 in
574 4574 681 4649 Najoth
697 4576 808 4633 suntin
823 4580 925 4634 Reme.
939 4578 974 4633 lit
1028 4592 1119 4649 super
1133 4573 1236 4644 David,
1249 4577 1279 4630 et
1292 4589 1348 4629 non
1365 4573 1465 4630 statim
1484 4575 1591 4633 misero
1607 4579 1643 4633 ad
1658 4582 1697 4646 te,
1708 4584 1737 4635 et
1750 4587 1853 4639 notum

166 4662 222 4722 abiit
235 4666 266 4723 in
279 4665 388 4739 Najoth
402 4666 432 4722 in
448 4665 550 4734 iterna,
565 4668 595 4722 et
609 4664 704 4722 iactos
720 4669 766 4723 est
780 4665 869 4723 etiam
885 4681 975 4740 super
1027 4666 1082 4725 tibi
1096 4664 1200 4732 lacero,
1211 4661 1273 4717 beo
1288 4660 1376 4717 iaciat
1392 4662 1534 4721 Dominus
1546 4665 1574 4721 in
1586 4665 1744 4739 Jonathan,
1754 4668 1855 4729 ethec

193 4826 394 4901 rcapitnlares
416 4826 604 4895 Membrone,
628 4826 713 4898 Ptoou
744 4842 848 4897 monac
876 4828 973 4900 nimia
1028 4818 1239 4953 ptoreaSaulis
1251 4819 1433 4892 prophaetam
1449 4822 1478 4877 in
1495 4825 1635 4908 uenandis
1652 4828 1700 4883 tlei
1716 4827 1856 4886 laudibus

168 4900 208 4952 ste.
1042 4896 1121 4952 uisse
1145 4897 1271 4966 positam
1289 4909 1296 4947 :
1323 4892 1401 4947 unde
1416 4909 1497 4951 error
1511 4896 1632 4955 inolevit
1647 4906 1679 4956 ut
1694 4901 1858 4957 scriberent

192 4968 243 5026 ’ln
264 4969 376 5026 eisdem
404 4968 595 5039 Membranis,
623 4970 657 5025 Et
685 4969 872 5040 interficerent
898 4986 973 5039 eom,
1031 4964 1136 5025 decinit
1151 4963 1253 5030 nodas,
1269 4968 1324 5019 ato.
1341 4963 1447 5045 lianc..

167 5053 245 5107 naue,
261 5046 317 5098 ate„
1064 5036 1262 5101 ⁸Veronens.‚
1280 5050 1335 5090 ms.
1352 5033 1457 5091 Ceionii
1472 5053 1490 5092 c
1504 5053 1558 5108 me,
1574 5042 1785 5100 contentiosius
1803 5041 1858 5097 lor.

191 5111 332 5168 'Addunt
348 5111 456 5168 eedem
472 5109 651 5167 membranae
664 5112 734 5168 suis.
1031 5116 1111 5168 tasse
1124 5105 1213 5163 nimie
1228 5105 1265 5160 ab
1281 5107 1365 5188 ttebr.
1383 5115 1472 5191 'm‘
1543 5179 1549 5191 ι

191 5183 371 5241 ‘Proverbie
385 5182 423 5239 So
442 5199 474 5238 er
488 5183 693 5252 conticebant,
711 5198 767 5239 ms.
781 5185 890 5239 Veron.
907 5198 976 5239 com
1066 5179 1241 5237 iOccurrunt
1256 5193 1366 5248 passim
1380 5178 1550 5250 hujusmodi
1577 5182 1710 5238 minutiae
1725 5182 1755 5239 in
1770 5181 1858 5238 eoho-

166 5252 289 5329 i'nlgatis
307 5254 398 5313 babet
444 5256 502 5311 iocis
516 5253 548 5310 in
562 5255 632 5328 iltis,
649 5256 767 5312 ilebreo
784 5257 879 5310 temen
896 5259 977 5311 textu
1032 5252 1080 5310 liis
1095 5247 1310 5332 marginalibus
1325 5249 1451 5333 Canonis
1468 5253 1579 5311 nostri:
1595 5254 1645 5309 sed
1662 5269 1726 5309 mos
1742 5254 1797 5309 isto
1810 5254 1859 5309 in·

163 5323 358 5385 dissentiente.
1032 5323 1125 5381 valuit
1139 5322 1215 5394 epod
1228 5325 1409 5392 criticos,an
1419 5321 1573 5378 verborum
1587 5328 1656 5380 sunt
1666 5324 1860 5392 tenacissimi,

191 5398 270 5455 'Pro
282 5398 381 5455 mettii
394 5397 532 5454 undecim
547 5413 619 5454 mss.
636 5398 729 5455 nostri
744 5397 888 5462 scriboni,
903 5396 978 5452 ceci·
1032 5402 1066 5452 ut
1082 5394 1190 5476 Latinis
1207 5392 1494 5475 uterenturvocibue,
1505 5411 1569 5464 quac
1580 5396 1702 5467 propius
1718 5397 1861 5452 accedunt

161 5469 402 5536 sicouoavttium
413 5468 663 5539 irrepsitetiamin
674 5474 819 5526 &nonem
829 5467 992 5525 Hebraico·
1033 5467 1070 5525 ad
1086 5465 1218 5539 phrasim
1235 5466 1418 5521 flebraroam.
1436 5464 1529 5520 Mean.

159 5541 297 5611 vesuta,
309 5558 345 5599 aa
358 5539 568 5607 emendatoris,
580 5544 613 5596 ut
626 5546 655 5597 et
669 5540 838 5598 echolieetie
853 5540 980 5614 diligen·
1070 5569 1103 5580 -
1118 5540 1190 5618 Cum
1206 5535 1366 5593 scholiasta
1381 5536 1418 5593 ad
1434 5535 1563 5593 litteram
1580 5534 1740 5599 Veronens.
1756 5553 1814 5596 me.
1828 5539 1862 5597 ivs

159 5613 228 5673 tism
242 5612 356 5687 etlogit.
372 5611 547 5671 Pemnarum
569 5611 644 5670 torta
668 5612 818 5671 habebant
836 5610 882 5671 ilii
904 5612 980 5671 seri·
1032 5608 1120 5670 ocutis
1136 5611 1202 5665 tuce.
