3870 6120
103 214 162 272 aar
532 216 536 223 ·
705 222 814 277 araas
831 223 999 281 insaniae
1018 224 1228 286 raoesara.
1764 202 1820 275 Μ
1894 300 1896 305 ,

101 345 159 401 Vs
176 339 249 399 mibi
264 356 354 417 super
368 343 545 404 contritione
557 363 634 420 mea,
953 354 979 422 Α
1067 355 1100 408 ει
1115 354 1258 414 servirent
1272 354 1325 413 eie.

148 415 278 487 pessima
292 414 381 502 plaga
396 432 473 475 mea.
995 423 1111 480 lrritum
1121 419 1819 492 ieceruntdomuslsraeletdomusludapactum

106 490 171 560 Rgo
188 491 286 544 autem
304 488 384 545 dixi:
1064 513 1176 566 meum,

147 559 237 614 Plane
252 559 312 615 hec
328 558 487 619 infirmitas
502 577 568 619 mea
582 566 639 631 aet,
1026 570 1102 637 quod
1119 567 1217 695 pepigi
1233 584 1301 625 cum
1309 567 1450 696 patribus
1466 580 1578 622 eorum.

148 637 177 686 et
193 631 315 702 portabo
329 630 423 687 illanr.
992 639 1116 704 Quamo
1154 638 1292 696 rembac
1330 637 1565 696 ieitDominua:

107 701 347 760 'sabernaculum
363 719 463 761 meum
478 709 626 763 vastatum
638 710 695 774 est,
992 710 1063 767 llece
1079 727 1131 783 ego
1158 711 1298 768 inducam
1315 711 1368 784 (Al.
1385 708 1486 781 induo)
1502 724 1591 780 super
1605 723 1655 763 eos
1671 702 1762 772 mala,
1783 703 1820 759 de

146 789 250 830 omnes
266 774 389 830 funiculi
419 775 476 831 mei
491 776 617 851 disrupti
633 781 714 848 sunt,
1063 783 1173 853 quibus
1189 784 1265 840 exire
1282 800 1339 840 non
1356 787 1515 854 poteruut;

147 845 202 900 illii
219 847 276 901 mei
294 845 428 903 exierunt
443 863 460 903 a
476 864 534 918 me,
549 854 579 906 at
593 867 651 906 non
662 848 837 906 'subsistunt
854 865 860 902 :
1028 852 1199 911 clamabunt
1215 855 1250 910 ad
1268 871 1325 926 me,
1342 859 1371 911 et
1385 870 1443 910 non
1459 849 1615 909 exaudiam
1632 865 1702 906 eos:

109 921 174 973 Non
191 919 300 989 estqui
330 918 467 974 extendat
495 918 572 977 ultra
595 922 753 978 tentorium
783 922 939 989 meumst
992 924 1027 980 Ει
1050 924 1136 981 ibunt
1150 925 1384 995 civitatesluda,
1400 928 1430 981 et
1443 923 1624 980 habitatores
1639 916 1818 985 Jerusalem,

146 989 242 1062 erigat
256 988 347 1061 pelles
362 1005 453 1046 meas.
1028 1001 1056 1051 et
1071 996 1243 1054 clamabunt
1258 997 1294 1053 ad
1310 998 1380 1054 deos
1394 995 1503 1068 quihus
1517 993 1622 1050 libant.

108 1060 186 1126 Quia
200 1061 290 1117 stulte
305 1066 430 1133 egerunt
445 1065 592 1133 pastores,
1027 1073 1056 1124 et
1067 1085 1125 1124 non
1135 1067 1383 1127 salvabuntsosin
1395 1062 1817 1139 temporessalllietiouiseorum.

147 1140 175 1188 ει
191 1131 349 1189 Dominum
366 1133 616 1206 conquesierunt
631 1151 638 1191 ι
991 1138 1161 1197 Secundum
1173 1156 1331 1198 numerum
1342 1142 1421 1198 enim
1434 1139 1725 1203 civitatumtuarum‚
1735 1134 1820 1190 erant

108 1206 270 1275 Propterea
286 1219 345 1259 nen
359 1203 576 1278 intellexerunt,
1063 1212 1104 1266 dii
1122 1212 1175 1281 tui,
1191 1213 1284 1270 luda:
1769 1273 1775 1287 ,

143 1282 175 1331 ει
189 1275 287 1333 omnis
302 1291 372 1348 grex
386 1291 488 1332 eorum
502 1278 656 1351 dispersus
672 1281 726 1335 εει.
1027 1272 1819 1351 etscouudumnumerumviarumJerusalem,pesu1atl
1885 1340 1888 1345 .

105 1351 173 1404 Vox
189 1346 351 1405 auditionis
365 1362 431 1405 ecca
446 1348 533 1420 venit,
1063 1370 1129 1410 aras
1144 1354 1339 1423 confusionis,

142 1425 173 1475 ει
189 1419 350 1477 commotio
365 1435 413 1475 ma
437 1435 473 1476 na
490 1420 526 1477 de
541 1423 618 1476 terra
634 1420 783 1494 aquilonis
800 1436 807 1477 :
1028 1441 1094 1482 aras
1109 1427 1145 1481 ad
1162 1426 1316 1483 libandum
1333 1423 1454 1482 Baalim.

106 1489 145 1547 Ut
160 1495 255 1563 ponat
269 1434 496 1547 civitateeffuda
512 1492 566 1562 (lt.
582 1493 645 1549 adl.
657 1493 700 1565 in)
716 1490 918 1565 solitudinem,
991 1496 1034 1552 'l'u
1051 1513 1120 1570 ergo
1136 1498 1195 1555 noli
1211 1515 1293 1555 orare
1311 1514 1361 1570 pru
1378 1494 1486 1569 populo
1502 1494 1568 1564 hoc,
1654 1564 1660 1575 1

144 1569 177 1618 ει
192 1560 398 1618 habitaculum
412 1563 584 1620 draconum.
1028 1573 1057 1624 et
1071 1585 1108 1625 ua
1124 1585 1259 1626 assumas
1273 1587 1323 1643 pro
1339 1567 1381 1625 eia
1397 1567 1526 1634 laudem,
1543 1571 1572 1623 ει
1587 1567 1760 1622 orationem.

108 1634 188 1702 soto,
203 1635 338 1699 Domine,
354 1634 424 1706 quia
440 1651 498 1691 εοε
511 1639 558 1691 εει
571 1633 702 1693 hominis
715 1635 761 1691 via
776 1635 840 1707 ejas
857 1651 864 1690 :
992 1640 1065 1706 Quia
1093 1657 1151 1696 non
1167 1642 1320 1698 exaudium
1335 1640 1365 1697 in
1394 1648 1524 1712 tempore
1547 1636 1687 1695 clamoris
1716 1647 1818 1691 eorum

144 1721 201 1761 nec
216 1705 270 1761 viri
287 1713 331 1763 est
346 1710 380 1763 ut
394 1707 535 1776 ambulet,
551 1711 581 1764 et
595 1707 703 1781 dirigat
717 1722 838 1781 gressus
853 1722 935 1765 suos.
953 1732 977 1798 B
1064 1712 1099 1767 ad
1117 1728 1173 1768 me.

109 1778 230 1849 Corripe
245 1793 302 1846 me,
318 1777 452 1841 Domine.
1027 1781 1056 1837 iu
1071 1787 1204 1856 tempore
1215 1781 1384 1840 afflictionis
1400 1797 1513 1838 eorum.

144 1855 339 1906 veruntamen
356 1849 384 1904 in
402 1849 522 1918 iudicio,
539 1853 567 1905 et
582 1865 640 1906 uon
655 1849 686 1906 in
704 1851 800 1907 lurore
821 1853 883 1918 tuo,
992 1854 1066 1922 Quid
1091 1859 1146 1923 est,
1167 1855 1244 1927 quod
1262 1854 1388 1911 dilectus
1409 1869 1493 1910 meus
1508 1851 1538 1908 ἰε
1555 1852 1643 1908 domo
1664 1864 1732 1906 mea
1752 1845 1821 1904 feeit
1880 1914 1888 1925 Ι,
1912 1906 1918 1923 .

144 1937 184 1978 ne
201 1921 275 1976 torte
286 1919 322 1976 ad
339 1920 466 1977 nibilum
482 1921 599 1995 redigas
612 1937 668 1978 ma.
1063 1925 1174 1982 scelera
1189 1924 1307 1982 multat
1753 1989 1759 2002 .
1777 1988 1783 2001 ,

111 1991 236 2049 Effunde
250 1992 483 2065 indignationem
498 1997 582 2050 tuam
595 2010 684 2067 super
692 1997 795 2066 gentes
804 2009 868 2066 qna
879 2009 937 2049 non
1027 1997 1161 2070 nunquid
1191 2014 1296 2054 carnes
1325 2000 1436 2053 sancta
1448 1994 1583 2052 auferent
1602 2010 1620 2052 a
1645 1995 1675 2050 te
1691 1989 1819 2049 malitias

187 2068 444 2137 cognoveruutte,
992 2072 1070 2136 tuas,
1088 2068 1117 2125 iu
1155 2068 1243 2125 uibus
1257 2069 1383 2143 gloriata
1396 2066 1452 2124 eal

144 2141 175 2193 et
188 2151 279 2207 super
293 2135 461 2210 provincias
476 2151 540 2210 qua
555 2152 663 2193 nomen
675 2141 760 2193 tuum
776 2151 835 2192 non
855 2135 940 2192 inve·
991 2138 1104 2198 olivam
1121 2085 1255 2210 uberem,

186 2211 329 2264 caverunt
345 2225 352 2274 ;
1085 2209 1230 2279 ulchram,

107 2278 186 2345 Quia
201 2280 393 2336 comederunt
407 2278 510 2346 laceb,
526 2281 556 2333 ει
575 2277 788 2336 devoraverunt
802 2293 881 2347 eum,
1063 2228 1247 2340 fructiferam

144 2357 175 2406 et
191 2356 441 2434 consumpserunt
455 2350 541 2405 illum
555 2348 609 2417 tu.
626 2349 746 2422 locum).
1069 2355 1247 2426 speciosam,

144 2426 177 2478 et
192 2423 283 2479 decus
299 2438 365 2494 eJus
378 2421 609 2495 dissipaverunt.
1063 2426 1177 2483 vocavit
1191 2424 1336 2483 Dominus
1352 2438 1461 2480 nomon
1477 2425 1583 2479 tuum:
1675 2489 1682 2504 ι
1717 2489 1723 2502 .

103 2493 193 2567 (Cap.
212 2495 273 2564 lll.)
287 2493 415 2550 Verbum
431 2493 509 2566 quod
524 2492 635 2549 iactum
651 2496 730 2550 esta
751 2492 874 2551 Domino
902 2493 938 2550 ad
992 2497 1034 2554 Aa
1063 2513 1163 2555 vocem
1193 2495 1464 2569 loquelae,grandis
1483 2492 1593 2551 exarsit
1621 2491 1701 2564 ignis
1715 2504 1745 2545 ιε
1775 2504 1822 2563 ca,

182 2565 342 2622 ieremiam
357 2566 460 2623 disens
475 2582 482 2622 ε
1029 2570 1058 2624 ει
1070 2569 1225 2625 combusta
1237 2571 1308 2624 sunt
1323 2568 1430 2622 fruteta
1441 2566 1506 2649 cjus
1522 2581 1530 2621 z

104 2636 222 2693 Audite
236 2638 325 2722 verba
340 2638 416 2721 pacti
433 2637 535 2709 hujus,
993 2643 1028 2696 st
1048 2639 1192 2696 Dominus
1207 2639 1401 2705 exercituum,
1417 2655 1469 2711 qur
1483 2635 1626 2709 plantavit
1639 2637 1679 2703 te,
1705 2631 1821 2689 locutus
1926 2676 1929 2681 .

144 2707 349 2780 alloquimini
364 2710 400 2766 ad
415 2709 493 2768 viros
521 2711 609 2781 ludu,
639 2711 668 2765 ει
697 2707 731 2764 ad
760 2698 940 2766 habitatores
1065 2714 1214 2792 estsuper
1228 2717 1257 2767 te
1272 2709 1395 2776 malum,

185 2779 362 2849 Jerusalem,
1030 2799 1082 2855 pro
1099 2782 1184 2838 malie
1200 2783 1307 2840 domus
1322 2778 1412 2838 lsrael
1424 2782 1453 2834 et
1468 2779 1574 2835 domus
1588 2775 1605 2833 J
1609 2775 1677 2842 uda,
1703 2844 1709 2857 ι

148 2854 180 2907 ει
194 2851 275 2908 dices
290 2852 327 2908 ad
342 2868 411 2909 eos:
1029 2870 1093 2926 qua
1123 2854 1256 2911 iecerunt
1271 2852 1327 2911 sibi
1344 2852 1380 2909 ad
1395 2850 1572 2908 irritandum
1601 2862 1662 2915 me,
1690 2844 1818 2902 libantes

111 2922 185 2978 llaec
200 2923 274 2979 dicit
288 2923 433 2979 Dominus
448 2927 525 2979 Deus
539 2922 628 2979 lsrael
645 2939 652 2979 z
1066 2924 1187 2982 Baalim.
1799 2987 1806 3000 ‚

110 2993 294 3051 Maledictus
309 2995 363 3061 vir,
378 2995 427 3067 qui
443 3012 501 3051 non
515 2994 643 3061 audierit
652 2991 827 3066 verbapacti
837 2991 940 3063 hujus,
993 2997 1036 3052 Tu
1050 3004 1160 3066 autem,
1176 2995 1310 3063 Domine,
1322 2991 1532 3051 demonstrasti
1545 2988 1628 3060 mihi,
1640 2990 1670 3046 et
1684 3002 1833 3061 cognovi.-

150 3066 233 3139 quod
247 3067 368 3138 praecepi
386 3066 519 3135 patribus
533 3066 649 3132 vestris,
667 3065 836 3137 indiaque
854 3064 938 3120 eduxi
995 3069 1078 3124 Tunc
1093 3068 1102 3103 ¹
1119 3067 1277 3124 ostendisti
1295 3065 1366 3122 mihi
1383 3064 1481 3122 studia
1496 3079 1598 3145 eorum

187 3138 523 3211 eosdeterraAEgypti.
955 3103 1102 3213 clltego
1129 3139 1214 3212 quasi
1231 3145 1524 3211 agnusmansuctus,
1544 3151 1594 3208 qur
1623 3133 1760 3206 portatur
1784 3129 1820 3186 ad
1917 3146 1924 3155 ·

148 3209 187 3265 de
205 3209 322 3267 fornace
339 3211 441 3276 terrea,
457 3210 558 3267 dicens
577 3227 583 3265 :
1069 3211 1238 3267 victimam:

104 3280 339 3407 Auditebeocem
351 3297 460 3354 meam,
475 3287 504 3338 et
515 3283 601 3338 facita
616 3280 716 3337 omnia
730 3295 794 3352 quae
808 3278 944 3352 precipio
1033 3286 1062 3339 ει
1076 3299 1134 3409 rapu
1150 3280 1272 3410 eggnoiii
1288 3280 1358 3387 qpia
1373 3279 1575 3353 cogitaverunt
1588 3291 1678 3349 super
1692 3290 1740 3331 me
1753 3286 1825 3329 ccu-

190 3368 225 3407 vo
249 3368 274 3407 ιε
1070 3370 1150 3421 sira,
1188 3370 1296 3411 icenes
1329 3368 1336 3408 ε

149 3429 182 3479 et
195 3394 285 3480 eritis’
298 3422 370 3479 mihi
385 3422 416 3480 in
432 3422 585 3497 populum,
600 3426 629 3480 et
644 3439 697 3496 ego
724 3438 773 3479 ere
802 3421 885 3478 vobis
914 3421 943 3476 iu
999 3424 1280 3498 Mittamnslignnm
1297 3423 1326 3480 in
1343 3421 1540 3495 pauemejus,
1798 3486 1804 3499 ⁶

190 3495 285 3552 Deum
302 3510 309 3550 :
1033 3502 1062 3554 et
1076 3497 1236 3554 eradamus
1250 3497 1303 3568 (lt.
1319 3494 1519 3567 conteramus)
1533 3508 1601 3549 eum
1627 3491 1664 3548 de
1679 3492 1758 3545 terra
1778 3503 1825 3544 vr·

114 3566 156 3624 Ut
172 3566 313 3624 suscitem
327 3567 541 3639 iuramentum,
576 3567 654 3640 qnod
683 3563 780 3638 juravi
808 3563 944 3638 patribus
1069 3567 1211 3639 vantium,
1635 3631 1642 3648 ,

189 3638 307 3707 νεειείε,
1034 3643 1061 3695 ει
1079 3656 1185 3697 nomen
1202 3640 1267 3711 ejus
1282 3654 1339 3696 nun
1357 3640 1537 3695 memoretur
1552 3650 1598 3691 am
1624 3631 1692 3689 lrue.

155 3710 297 3767 daturum
314 3706 944 3778 meeistarramllucntemlacteetmelle,
997 3714 1166 3778 Tnautem,
1196 3709 1466 3778 Dominesabaoth,
1491 3706 1542 3779 qui
1554 3707 1588 3778 ju
1611 3705 1672 3761 icas
1682 3704 1777 3775 juste,
1792 3704 1821 3757 et

151 3781 233 3838 sieut
251 3784 296 3837 ast
310 3780 374 3836 dies
390 3780 462 3837 bac.
1090 3783 1177 3838 rohas
1193 3799 1277 3840 renes
1293 3787 1321 3838 et
1336 3781 1435 3847 corda,

115 3855 151 3911 ιιι
165 3852 319 3926 respondi,
336 3856 366 3907 ει
381 3851 439 3908 dixi
457 3868 465 3908 ι
1032 3800 1147 3936 uideam
1164 3853 1404 3934 ultionem'tuam
1421 3866 1456 3906 ex
1470 3848 1535 3906 eis:

151 3931 260 3988 Amen,
279 3924 410 3981 Domine.
1033 3925 1086 3981 tibi
1103 3924 1180 3981 enim
1197 3924 1319 3982 revelavi
1335 3938 1456 3980 causam
1472 3935 1578 3977 meam.

113 3996 151 4053 ιιι
167 3996 247 4053 Dixit
262 3997 401 4052 Dominus
417 3994 453 4051 ad
470 4011 516 4051 me
533 4010 540 4050 ι
996 3998 1154 4066 Propterea
1167 3996 1228 4053 hac
1244 3995 1326 4067 dicit,
1342 3993 1485 4052 Dominus
1505 3992 1540 4049 ad
1557 3990 1635 4075 uiros
1662 3983 1821 4054 Αεειεοιιε,

112 4069 284 4125 Voeiiarare
298 4066 398 4123 omnia
412 4066 500 4123 verba
515 4065 576 4121 haec
591 4064 621 4123 in
637 4064 805 4123 civitatibus
819 4063 908 4134 luda,
1033 4069 1084 4140 qui
1100 4072 1236 4142 quarunt
1250 4067 1379 4125 animam
1395 4070 1488 4135 tuam,
1500 4067 1528 4120 at
1543 4062 1661 4118 dicunt:

152 4144 183 4195 et
198 4140 270 4196 ieris
284 4136 462 4205 Jerusalem,
478 4138 599 4194 dicens:
997 4138 1060 4196 Non
1077 4139 1266 4213 prophetabis
1282 4139 1309 4195 in
1327 4134 1588 4218 dominabamini,

114 4211 223 4268 Audite
236 4210 325 4267 verba
339 4209 414 4281 pacti
431 4208 533 4279 huius,
549 4213 577 4264 ot
594 4207 679 4264 iacite
694 4207 768 4276 illa3
1033 4214 1061 4267 et
1077 4228 1134 4268 nou
1151 4210 1286 4268 morieris
1301 4212 1329 4265 in
1346 4208 1484 4266 manibus
1496 4212 1616 4264 nostrie.

151 4283 229 4410 εείᾶε
240 4284 689 4409 εοειεειάεεεθεοειεὲιειιεεαεεὲε
707 4282 943 4423 εειίεειεεεεῑεὲεοεεᾰ
997 4286 1154 4409 {ruptores
1169 4282 1316 4411 haggith
1333 4282 1474 4411 Dorneigisua
1490 4276 1670 4337 exercituum
1687 4288 1695 4331 ι

151 4369 183 4412 ιε
221 4370 247 4410 ιε
284 4368 351 4409 εεε
377 4369 489 4410 uxreoe
524 4369 613 4410 cerr
763 4392 770 4420 ,
1021 4371 1100 4412 ecee
1122 4371 1205 4411 evrsr
1259 4371 1325 4411 osu
1349 4371 1380 4411 or
1448 4394 1455 4408 .

152 4425 232 4483 diem
247 4368 334 4481 hinc.
678 4367 734 4425 ω
1028 4371 1152 4498 Juvaigies
1168 4371 1375 4483 morienturpin
1391 4422 1499 4496 gladio,

112 4498 202 4554 Mane
216 4511 343 4569 surgens
358 4498 540 4554 contestatus
554 4511 632 4563 sum,
957 4474 982 4538 Ῐ)
1033 4498 1086 4554 lilii
1100 4515 1203 4555 eornm
1218 4502 1247 4555 et
1262 4496 1329 4555 illiae
1344 4513 1445 4555 eorum
1458 4492 1624 4579 morientur
1636 4488 1665 4547 in
1681 4489 1778 4545 ieme:

152 4575 182 4625 ει
196 4569 257 4625 dixi
276 4583 282 4624 :
1033 4576 1060 4625 et
1074 4569 1203 4642 reliquia
1220 4586 1278 4626 non
1293 4575 1381 4626 arunt
1391 4584 1426 4625 ex
1440 4584 1492 4624 ers.

115 4641 225 4698 Audite
243 4655 341 4695 vocem
358 4653 453 4695 meam
471 4654 479 4693 t
995 4641 1135 4698 inducam
1152 4641 1231 4698 enim
1248 4640 1359 4698 malum
1375 4656 1465 4713 super
1477 4636 1557 4694 uiros
1576 4632 1739 4702 anathoth,

151 4718 180 4770 et
192 4729 251 4768 εοε
267 4711 435 4777 audierunt,
448 4726 501 4766 nec
516 4708 732 4765 inclinaverunt
743 4722 844 4764 aurem
856 4722 941 4763 suam
1031 4728 1142 4769 annum
1158 4711 1334 4770 unitationis
1349 4728 1462 4770 sorum,

113 4784 171 4842 Sed
188 4783 328 4909 abileruut
341 4782 549 4856 uuusquisque
564 4782 594 4837 in
609 4780 752 4853 pravitate
772 4777 870 4837 cordia
894 4778 940 4835 sni
995 4784 1283 4912 (cup.dllll.)tlus{ns
1299 4783 1417 4859 quidem
1433 4788 1465 4841 tu
1481 4798 1524 4853 es,
1541 4777 1675 4846 Domine,

188 4870 282 4911 mar:
1030 4873 1055 4910 si
1093 4872 1221 4913 rsuem
1250 4871 1354 4913 ecum:

116 4926 151 4983 ut
164 4925 372 5009 induxisuper
383 4939 433 4981 ecs
448 4923 646 4982 omnisverba
661 4922 737 4995 pacti
748 4921 849 4994 bajus,
862 4919 941 4994 quod
995 4873 1205 5013 Verumtgmen
1222 4927 1276 5012 (lt.
1300 4926 1365 4984 add.
1378 4924 1502 4998 judicia)
1514 4925 1598 4995 iusta
1610 4920 1716 4995 loquer
1731 4917 1765 4975 ad
1781 4919 1820 4973 te.

150 4996 512 5127 ..ttlltt.tttt?⁰‘⁰⁰*·
995 4998 1329 5142 littlttlltlt',
1342 5001 1652 5143 philistihim...
1665 5067 1695 5122 a
1718 5058 1820 5134 atqu

114 5141 147 5199 Di
159 5139 236 5198 dixit
247 5138 393 5197 Dominus
408 5138 444 5195 ad
461 5153 509 5195 me
524 5152 532 5193 z
1066 5145 1182 5215 agunt?

150 5215 273 5272 Inventa
287 5214 333 5269 est
346 5210 513 5282 conjuratio
526 5208 556 5264 in
571 5207 643 5266 viris
657 5207 744 5280 luda,
994 5209 1197 5286 Plantastique
1213 5229 1261 5271 eos
1289 5217 1319 5270 et
1330 5211 1460 5271 radicem
1477 5210 1633 5278 miserunt,

148 5290 179 5343 et
192 5284 225 5341 in
241 5283 419 5340 habitatores
433 5279 607 5338 Jerusalem.
854 5350 859 5362 ι
1031 5285 1199 5356 proliciunt,
1212 5291 1242 5342 et
1257 5257 1369 5342 iaciunt
1384 5286 1531 5343 iruotum:

113 5356 233 5442 Reversi
244 5354 360 5413 suntad
373 5352 546 5438 iniquitates
557 5356 674 5480 patrum
684 5366 804 5409 suorum
815 5363 940 5425 priores,
995 5359 1088 5428 Prope
1102 5374 1133 5414 es
1147 5360 1179 5414 tu
1193 5357 1235 5414 ori
1249 5374 1363 5441 eorum,

112 5425 598 5573 allbtltttlttt‘t'ttlttt
613 5440 736 5568 lit..
994 5428 1454 5574 uttfltttltlltlllll·

147 5713 275 5773 'Minue
303 5713 379 5769 hene
406 5694 516 5768 lectum
544 5708 574 5766 in
603 5708 802 5767 commentar.
830 5712 872 5767 Ta
887 5725 939 5783 pro
1031 5714 1193 5790 *Nequell
1213 5714 1309 5773 brana
1324 5716 1423 5772 textus
1436 5710 1528 5783 addit,
1546 5710 1823 5785 ahenmmeqnaia

111 5788 196 5857 iane,
211 5784 292 5861 quod
305 5786 353 5843 ast
366 5783 398 5841 ln
412 5780 540 5841 llebrao.
555 5792 609 5843 ta·
993 5786 1191 5848 commentar.
1226 5824 1235 5844 .
1249 5788 1338 5846 Pater
1352 5783 1480 5844 verbam
1493 5780 1552 5844 hoc
1565 5784 1687 5860 penult.
