3878 6150
7 328 11 335 .
134 306 174 366 ῃ
721 298 885 362 naraon
909 299 1261 366 eununrurmunun
1801 315 1844 377 se

135 441 316 504 notissima.
351 439 507 520 Quisquis
534 442 636 498 autem
665 436 699 497 in
736 455 770 495 eo
811 434 895 514 quod
922 437 998 502 exA
1015 436 1203 499 Psalterium
1231 440 1444 505 liebraioum:
1474 443 1540 505 Nec
1565 444 1623 507 lroc
1649 448 1733 525 dico,
1758 451 1846 531 quod

134 537 270 601 Hebraeo
296 537 486 599 translatum
514 541 569 615 est,
593 535 701 614 aliquo
731 532 860 594 insolito
889 540 962 613 per·
1013 535 1254 607 praedecessores
1283 559 1364 600 nreos
1390 542 1559 620 mordeam,
1587 550 1643 605 aut
1670 548 1845 628 quidquam

140 642 243 698 motus
248 636 367 715 fuerit,
393 640 423 695 et
440 633 530 713 salsi
552 632 670 693 crimen
685 630 880 702 intenderit;
910 629 962 690 nire
1015 630 1067 691 leis
1082 632 1218 694 arbitrer
1232 635 1470 718 detrolremlmu,
1491 661 1623 720 quorum
1652 645 1845 708 translatio·

131 740 188 796 aut
201 753 359 815 nunquam
373 733 417 794 ad
438 730 573 794 Heboaea
601 729 779 791 testimonia
799 726 961 809 peruenie—
1015 749 1082 790 nem
1097 731 1346 812 diligentissime
1360 739 1564 813 emendatam,
1582 741 1670 820 olim,
1687 763 1758 804 resen
1773 744 1824 806 lin

131 837 195 906 tur,
224 829 339 912 quibus
381 830 571 910 defendatur
599 826 763 907 objectum.
793 825 891 904 Quod
930 835 961 894 si
1013 829 1279 909 greaeirominibus
1299 835 1393 910 dedi,·
1421 838 1477 897 scd
1505 839 1589 918 qreod
1616 840 1710 900 aliud
1733 843 1778 902 sit
1805 843 1841 904 in

128 930 415 1013 etiamperuentum
426 928 546 1009 fuerit,
569 932 614 987 tot
640 926 774 987 Latinas
802 930 831 984 et
862 921 959 984 Grae·
1012 926 1167 989 Ecclesiis
1187 930 1320 992 Christo
1339 935 1531 996 credentium
1554 938 1697 1020 psalmos
1721 939 1840 1023 legere,

128 1047 182 1089 eas
210 1027 413 1089 auctoritates
438 1025 587 1086 damnari
628 1024 700 1105 quis
736 1020 855 1095 terat?
882 1018 959 1080 Huc
1012 1027 1106 1089 aliud
1131 1028 1250 1096 ludaeis
1278 1033 1411 1113 singula
1440 1034 1530 1096 verba
1572 1036 1841 1102 colrernniantibus

127 1124 259 1205 accedit,
279 1125 355 1207 quia
383 1123 476 1184 etiam
505 1120 644 1184 consulti
670 1118 800 1181 Hebraei
819 1123 958 1199 possunt
1012 1128 1207 1208 respondere.
1232 1133 1317 1192 Bene
1344 1132 1441 1212 igitur
1469 1136 1661 1216 Hieronymo
1691 1138 1842 1202 convenit

127 1223 221 1285 aliud
234 1223 439 1305 respondere:
457 1226 492 1281 ut
506 1225 540 1281 tu
566 1219 655 1281 solus
685 1218 880 1278 rrecessorius
907 1215 956 1276 vi·
1011 1242 1083 1285 cum
1111 1230 1288 1307 Augustino
1332 1231 1370 1293 de
1407 1232 1668 1313 interpretatione
1708 1237 1841 1318 Septua-

127 1321 247 1394 dearis,
263 1321 427 1403 quietiam
444 1321 528 1401 ipsos
541 1319 652 1397 possis
675 1317 875 1378 convincere:
900 1314 956 1376 sed
1010 1322 1098 1400 ginta
1125 1325 1291 1388 Seniorum
1320 1327 1352 1388 in
1381 1329 1528 1391 Ecclesiis
1554 1331 1669 1393 Christi
1701 1333 1837 1413 legenda

127 1424 229 1481 tamen
244 1439 305 1502 quo
312 1417 428 1499 judice
441 1417 556 1477 mirum
580 1416 611 1476 si
631 1414 773 1496 potueris
804 1412 953 1473 inuenire.
1009 1425 1042 1480 et
1056 1420 1254 1484 decantanda
1271 1434 1401 1506 pmpter
1422 1428 1617 1508 antiquiores
1646 1450 1732 1505 ugus,
1762 1434 1838 1512 qui.

127 1519 201 1581 Hac
229 1521 321 1579 erant
347 1521 547 1595 argumenta,
576 1512 691 1594 quibus
718 1516 953 1572 suoctosoooo·
1008 1516 1068 1578 hus
1096 1521 1254 1583 nascentis
1295 1523 1443 1586 Huclesiae
1481 1526 1559 1587 fides
1586 1527 1736 1590 roborata
1776 1537 1835 1592 est.

126 1621 193 1677 tum
221 1612 407 1696 impellebat
433 1612 475 1675 ad
501 1609 795 1692 interpretationem
830 1611 955 1669 Graeoo·
1009 1617 1260 1682 'translationem
1295 1641 1368 1684 vero
1411 1623 1597 1686 Hebraicam
1638 1628 1837 1706 praestantio-

125 1732 196 1776 rum
216 1713 361 1776 codicum
390 1710 610 1791 Septuaginta,
641 1707 862 1789 praetermissio
892 1709 953 1768 Ho-
1009 1735 1075 1778 rem
1105 1738 1172 1781 esse
1199 1722 1340 1783 sciebant
1360 1723 1401 1784 ad
1429 1724 1672 1805 intelligentiam
1696 1728 1836 1808 Scripto-

124 1812 284 1874 braeornm
311 1810 509 1874 voluminum
539 1807 703 1881 fontibus3
733 1806 808 1886 quis
835 1802 993 1869 Latinioss
1008 1832 1135 1890 rarum;
1152 1837 1250 1897 quare
1276 1821 1396 1882 Audaci
1425 1824 1617 1902 respondens
1640 1826 1837 1904 Augustinus

124 1911 307 1974 homiuibus
336 1909 473 1971 difficilis
497 1914 554 1971 aut
580 1906 687 1969 nullus
718 1911 786 1967 erat
812 1921 955 1967 accessus
1008 1912 1100 1992 epist.
1125 1916 1182 1978 261
1214 1923 1306 1979 vocat
1334 1936 1403 1979 eum
1433 1921 1650 1999 perfectiorem
1680 1924 1834 1985 :psalte

122 2008 164 2073 ad
176 2010 312 2072 Hebraea
338 2004 521 2096 testimonia
541 2003 790 2084 comprobanda.
815 2004 856 2063 tt
878 2002 950 2063 bre·
1006 2008 1102 2084 rium,
1118 2011 1231 2092 inquit,
1248 2035 1266 2074 a
1285 2021 1393 2075 sancto
1417 2013 1612 2086 Hieronymo
1641 2020 1833 2081 translatum

48 2176 51 2181 ,
120 2108 154 2170 vi
182 2107 350 2171 utilitatem
377 2105 509 2185 agnovit
536 2102 698 2166 Hebraioee
735 2099 951 2162 translationis
1004 2127 1041 2166 eu
1053 2107 1187 2171 Hebrao
1203 2131 1264 2172 nou
1288 2111 1394 2175 liabeo.
1424 2113 1491 2174 Nos
1514 2120 1615 2175 antem
1641 2136 1702 2177 nou
1732 2118 1834 2179 iuter-

48 2264 51 2269 .
120 2207 327 2288 Augustinus,
342 2210 475 2285 accepta
503 2202 650 2265 videlieet
677 2200 859 2282 Hieronymi
888 2218 950 2261 res·
999 2206 1118 2283 prelati
1145 2227 1265 2283 sumus,
1294 2209 1350 2269 sed
1377 2210 1518 2270 codicum
1547 2210 1730 2273 latinorum
1750 2235 1828 2275 reore-

120 2304 274 2387 pensione
288 2304 330 2366 ad
348 2303 420 2365 illas
448 2301 589 2372 obiectas
616 2298 828 2362 difficultates.
856 2298 946 2361 Unde
1004 2300 1111 2363 nullas
1127 2305 1347 2366 mendositates
1375 2327 1412 2366 ex
1444 2306 1568 2369 Graecis
1597 2311 1828 2392 exemplaribus

120 2421 211 2466 osum
227 2403 296 2483 ejus
310 2403 343 2464 in
370 2400 515 2463 Ecclesiis
542 2399 687 2480 quamvis
715 2397 844 2459 minime
873 2415 946 2477 pro·
1003 2399 1244 2463 emendavimus.
1276 2401 1366 2464 Unde
1393 2406 1543 2472 fortassis
1558 2408 1733 2484 fecerimus
1763 2410 1830 2472 ati·

117 2500 221 2578 haret,
238 2506 368 2582 propter
394 2499 556 2562 vitandam
584 2496 770 2560 christianae
799 2493 942 2557 multitu·
1005 2496 1085 2576 quid
1103 2498 1296 2560 commodius
1318 2520 1410 2581 quam
1439 2508 1517 2582 erat,
1547 2524 1608 2564 nou
1636 2511 1737 2565 tamen
1767 2507 1831 2568 tale

118 2598 201 2662 diois
228 2597 500 2681 perturbationem
526 2614 533 2657 τ
563 2597 680 2658 latetur
707 2600 814 2657 umen
845 2593 945 2675 pluri·
1004 2596 1096 2675 quale
1110 2618 1175 2659 csse
1188 2598 1326 2661 debebat.
1343 2599 1425 2662 Nam
1441 2603 1534 2663 etiam
1549 2624 1641 2684 nunc,
1667 2611 1831 2685 quaesorte

118 2698 179 2761 mia
206 2698 284 2762 loeis
311 2698 470 2760 utiliorem
504 2714 541 2758 ao
579 2694 834 2775 praestantiorem
879 2703 951 2755 esso
1003 2713 1061 2754 nos
1075 2698 1832 2780 tuncpraeterierunt,silegentesmoueriunt,col·

121 2796 301 2860 versionem
315 2795 552 2876 seripturarum
568 2812 605 2856 ex
635 2794 768 2856 Hebraeo
795 2792 852 2854 illa
879 2811 949 2871 quae
1003 2788 1080 2851 latis
1095 2793 1256 2856 codicibus
1270 2796 1477 2857 emendamus.
1491 2797 1542 2857 Ita
1556 2798 1642 2859 illud
1655 2802 1741 2880 quod
1750 2811 1828 2884 per·

120 2895 162 2956 ad
175 2899 358 2957 Graecorum
386 2893 512 2955 codices
552 2893 689 2972 primum
732 2889 817 2952 edita
851 2895 946 2951 erat:
1001 2892 1114 2957 fratrem
1129 2899 1186 2964 est,
1203 2899 1301 2954 tecum
1316 2915 1372 2956 nos
1386 2916 1506 2976 quoque
1520 2898 1721 2977 requirimus.
1753 2902 1825 2963 Cla-

118 2990 171 3054 De
185 2991 441 3074 interpretatione
455 2995 521 3063 tua,
539 2989 643 3068 inquit
657 2987 697 3050 ad
724 2987 948 3066 Hieronymum
1001 2988 1065 3049 rius
1080 2991 1184 3053 adhuc
1199 2992 1253 3053 lib.
1271 3011 1302 3055 ιν
1316 2994 1474 3056 Doctrinae
1491 2994 1676 3058 christiane
1693 3016 1763 3078 uap.
1790 3004 1822 3060 t.

120 3087 257 3171 epistola
282 3088 478 3168 octogesima
506 3086 656 3160 monada,
680 3105 753 3164 jam
782 3084 862 3146 miii
873 3093 947 3166 per·
1000 3090 1279 3160 num.1s,ubide
1308 3092 1561 3171 Hieronymianae
1590 3094 1824 3175 interpretatio·

1 3207 2 3212 ¹
121 3186 268 3266 suasisti,
298 3206 360 3267 qua
402 3184 542 3247 utilitate
583 3183 766 3266 Scripturas
811 3169 984 3243 voluerisC
1002 3184 1330 3264 oisprmstantiahaeu
1346 3189 1445 3250 iussus
1469 3189 1647 3252 iuvenitur:
1672 3191 1745 3253 Nou
1771 3215 1826 3255 au·

116 3289 291 3360 transferre
304 3285 343 3346 de
358 3282 522 3344 Hebraeis:
551 3288 586 3343 ut
613 3281 735 3343 scilicet
761 3300 807 3360 ea,
836 3300 901 3361 quae
929 3303 948 3341 a
1003 3286 1061 3342 tem
1089 3285 1257 3346 secundnm
1281 3286 1489 3367 Septuaginta
1530 3288 1730 3370 Interpretcs,
1767 3286 1825 3372 qui

117 3381 237 3451 Iudeis
256 3381 475 3465 praetermissa
501 3380 549 3442 uel
576 3383 723 3461 corrupta
751 3383 835 3452 sunt,
873 3386 948 3459 pro·
1000 3381 1093 3441 etiam
1109 3383 1172 3464 ipsi
1185 3382 1292 3444 diuino
1306 3383 1430 3466 Spiritu
1459 3386 1668 3468 interpretati.
1699 3392 1736 3448 ob
1765 3389 1824 3451 lroe

1 3467 3 3474 ’
114 3488 218 3553 terres
255 3481 289 3542 in
331 3479 506 3542 mediume.
550 3477 625 3540 Ideo
672 3483 773 3538 autem
801 3477 945 3538 desidero
999 3478 1095 3540 aliter
1108 3480 1140 3540 ui
1149 3481 1255 3541 ierrtrer
1268 3481 1421 3542 nonnulla
1436 3482 1567 3556 dixisse,
1594 3490 1629 3543 ut
1655 3485 1698 3544 ad
1725 3486 1823 3567 spiri-

115 3578 401 3664 interpretatiouem
428 3583 512 3638 tuam
541 3576 580 3637 de
604 3576 826 3659 Septuaginta,
857 3581 892 3637 ut
912 3580 942 3636 et
998 3577 1090 3638 talem
1105 3599 1229 3639 sensnm
1244 3581 1450 3641 scrutandum
1473 3582 1577 3662 magis
1601 3583 1822 3645 admoneretur

115 3676 401 3741 tentabatinorum
431 3675 648 3757 interpretum,
677 3673 733 3755 qui
760 3671 942 3753 qualescun·
995 3673 1122 3735 lectoris
1138 3677 1288 3756 intentio,
1306 3678 1388 3738 unde
1415 3679 1509 3739 etiam
1539 3678 1722 3739 obscuriora
1749 3702 1822 3742 nou-

114 3797 174 3861 que
202 3776 260 3839 lroc
286 3777 359 3838 ausi
373 3780 459 3846 sunt,
489 3779 640 3855 quantum
648 3781 832 3856 possumus,
851 3773 943 3855 impe·
994 3770 1095 3844 neella,
1112 3773 1187 3853 quia
1202 3774 1307 3855 rrragis
1318 3774 1448 3855 tropica,
1465 3781 1661 3849 sunteorum,
1674 3778 1730 3837 sed
1739 3780 1823 3839 sicut

113 3876 192 3940 ritia
206 3894 368 3937 careamus
376 3895 389 3951 ;
416 3879 445 3934 et
472 3872 508 3933 hi
535 3871 591 3953 qui
613 3892 660 3932 me
675 3871 814 3932 inuidere
825 3877 941 3952 putant
993 3889 1030 3929 ex
1055 3869 1189 3933 Hebraeo
1219 3872 1251 3932 iu
1278 3872 1424 3933 Latinum
1452 3872 1621 3954 eloquium,
1636 3875 1821 3956 presbytero

114 3976 249 4040 utilibus
268 3974 430 4038 laboribus
458 3973 537 4047 tuis,
558 3972 681 4033 tandem
709 3971 893 4052 aliquando,
909 3973 940 4033 si
992 3964 1186 4037 Hierontmo
1202 3969 1365 4049 utriusque
1381 3969 1500 4050 lingue
1531 3972 1632 4048 perito
1668 3974 1819 4054 interpre-

112 4068 189 4139 fieri
205 4072 323 4150 potest,
353 4065 549 4147 intelligant,
575 4069 737 4146 propterea
773 4082 819 4122 me
855 4062 939 4124 nolle
992 4070 1086 4144 tante,
1117 4066 1274 4127 translata
1302 4073 1386 4128 sunt.
1416 4069 1509 4130 Viles
1536 4071 1737 4131 obscurorem
1771 4091 1820 4133 es·

112 4171 199 4227 tuam
226 4187 263 4226 ex
285 4164 419 4227 Hebraeo
448 4163 732 4248 interpretationem
761 4163 795 4224 in
833 4161 938 4223 Eccle·
991 4179 1036 4235 se,
1070 4164 1248 4242 Augustino
1287 4170 1436 4240 testante,
1475 4167 1648 4229 versionem
1687 4174 1819 4248 Septua-

110 4264 173 4326 siis
188 4264 265 4347 tegi,
282 4268 441 4324 necentra
469 4262 678 4345 Septuaginta
705 4261 934 4339 erectoritatem,
990 4261 1077 4340 ginta
1093 4263 1329 4344 Interpretum;
1361 4264 1537 4346 planiorem
1553 4286 1627 4327 vero
1656 4286 1692 4327 uc
1721 4269 1814 4329 intel-

110 4367 259 4444 tanquam
285 4381 396 4423 nonum
424 4361 550 4442 aliquid
569 4364 777 4443 proferentes,
820 4381 935 4442 magno
989 4359 1127 4441 ligentioe
1181 4364 1282 4443 magis
1312 4365 1585 4426 accommodatam
1611 4364 1712 4438 illam,
1742 4386 1814 4445 quae

110 4457 603 4543 scandaloperturbemusplaces
636 4457 777 4531 Christi,
801 4479 934 4539 quarum
988 4459 1079 4520 nobis
1094 4459 1238 4523 editaest
1261 4459 1301 4521 ab
1330 4463 1535 4538 Hieronymo,
1564 4477 1724 4538 quamque
1751 4466 1818 4523 tle-

110 4576 203 4619 aures
226 4561 257 4616 et
283 4555 379 4618 eorda
404 4554 495 4616 illam
531 4554 816 4636 interpretationem
839 4536 1305 4630 audi-Doreieamvoeemus‚
1323 4576 1360 4619 eo
1385 4557 1471 4637 quod
1498 4575 1536 4619 ex
1567 4557 1697 4618 Hebraeo
1727 4559 1817 4619 tento

109 4675 144 4717 re
156 4659 393 4731 consueverunt,
417 4672 485 4736 qua
513 4653 606 4714 etiarn
637 4651 675 4713 ab
700 4650 852 4733 apostolis
879 4659 936 4732 ap·
990 4652 1132 4714 derivata
1157 4653 1208 4714 sit.
1234 4653 1304 4714 lam
1333 4654 1358 4714 si
1387 4653 1483 4714 libros
1523 4653 1739 4721 Quaestionum
1783 4655 1815 4714 in

100 4750 238 4836 probata
252 4757 310 4813 est.
325 4752 412 4813 idem
428 4750 605 4832 sensitipse
629 4750 851 4829 Hieronymus,
880 4747 936 4829 qui
990 4750 1244 4831 Heptateuchum
1273 4752 1442 4813 revolveris
1471 4750 1556 4830 apud
1580 4750 1725 4811 eumdem
1752 4756 1816 4812 Au.

107 4850 344 4932 iuopistulaad
372 4850 526 4912 sunniam
556 4854 587 4910 et
614 4847 774 4909 Fretelum
805 4864 936 4910 concors
989 4850 1164 4930 guatinum,
1202 4855 1350 4911 sexcenta
1378 4849 1436 4911 tibi
1462 4855 1630 4910 occurrent
1661 4848 1741 4921 loru,
1782 4851 1813 4910 in

106 4947 268 5013 iurauitur
294 4946 463 5027 Augustini
487 4946 556 5028 jam
586 4945 689 5006 verbis
716 4943 833 5018 allatis,
858 4944 935 5007 dum
990 4947 1294 5028 quibusversionem
1310 4966 1348 5009 ex
1368 4947 1500 5010 Hebraeo
1530 4948 1657 5026 praefert
1685 4951 1814 5027 Septua-

107 5045 168 5109 ait:
198 5042 250 5107 Eu
276 5064 337 5127 quo
357 5043 562 5127 perspicuum
590 5047 637 5103 est
663 5041 932 5125 sicpsallendnm,
989 5038 1077 5126 ginta
1102 5045 1341 5127 Interpretibus‚
1371 5046 1436 5106 sive
1464 5045 1550 5124 quod
1574 5045 1725 5124 majorem
1755 5046 1812 5105 hu·

107 5150 143 5207 ut
156 5164 213 5207 nos
224 5143 428 5226 interpretati
449 5162 569 5204 sumus.
586 5141 629 5202 Et
642 5147 743 5202 tamen
773 5141 934 5203 sciendum
989 5144 1063 5205 beat
1078 5144 1193 5219 lucem,
1211 5144 1276 5206 sive
1299 5150 1430 5225 propter
1455 5144 1613 5224 puriorem
1643 5142 1813 5221 Scriptura

105 5244 163 5326 qui
175 5241 336 5305 Hebraico
350 5241 466 5302 ueritas
494 5238 615 5302 lrabeat.
641 5239 715 5300 Hoc
741 5239 822 5301 enim
851 5240 936 5320 quod
989 5246 1185 5316 contextum,
1210 5259 1304 5321 quem
1347 5241 1556 5321 Septuaginta
1590 5239 1814 5301 additamentis

104 5340 313 5423 Septuaginta
356 5338 600 5417 transtulerunt,
626 5343 760 5420 propter
797 5343 935 5398 uetusta·
988 5339 1132 5419 pluribus
1201 5338 1443 5418 interpolarent.
1498 5337 1642 5416 Exempli
1697 5339 1811 5415 gratia,

106 5441 165 5498 tem
194 5437 227 5498 in
256 5437 414 5502 Ecclesiis
442 5437 672 5499 decantandum
700 5441 756 5509 est,
786 5441 816 5496 rt
849 5436 935 5498 illud
989 5437 1212 5518 quaestionati
1226 5436 1259 5496 iu
1272 5437 1410 5509 ludices,
1437 5454 1508 5498 cum
1539 5434 1639 5495 multa
1668 5434 1705 5495 de
1733 5435 1814 5498 Pha·

105 5532 145 5595 ab
184 5536 320 5599 eruditis
345 5535 505 5599 sciendum
525 5540 658 5617 propter
688 5534 832 5595 notitiam
851 5533 934 5595 Scri·
991 5553 1086 5596 raone
1125 5533 1281 5596 attulisset
1309 5554 1348 5596 ex
1374 5535 1453 5596 trix
1486 5531 1717 5605 'translatione
1743 5551 1812 5611 quae

102 5635 282 5714 plurarem.
308 5636 345 5697 ut
369 5636 411 5699 ad
438 5632 654 5716 sophronium
686 5632 873 5714 prestatione
900 5631 934 5696 in
988 5631 1153 5695 manifeste
1176 5631 1369 5714 interpolata
1396 5630 1636 5710 dignoscuntur,
1663 5628 1708 5689 ite
1732 5628 1811 5689 dilli-
