3870 6120
104 174 179 232 iiea
273 130 276 136 ⁴

142 300 210 374 quis
225 295 408 355 contradicet
423 294 474 352 cit

103 376 174 448 Ipse
188 370 267 429 euim
283 369 364 425 novit
379 367 533 423 hominum
549 366 728 438 vanitatem3

144 449 173 502 st
186 443 290 498 videns
302 439 503 513 iniquitatem,
519 454 617 496 nonne
632 439 801 497 considerat
814 439 828 495 ‘l

103 518 158 574 Vir
172 530 266 571 vanus
281 512 312 569 in
328 511 496 583 superbiam
509 511 645 584 erigitur,

143 590 329 660 ettanquam
345 582 460 657 pullum
486 583 589 656 onagri
619 599 650 640 se
678 581 804 640 liberum
832 586 935 640 natum

166 662 239 715 utat.

106 676 269 790 'l'upautem
284 725 408 783 firmasti
424 729 579 794 cortuum,

144 808 175 860 et
189 797 357 873 expandisti
372 798 407 854 ad
423 814 491 854 aum
508 814 613 855 manus
626 803 704 855 tuas.

109 875 141 934 Si
152 872 352 946 iniquitatem,
364 886 429 954 que
439 869 523 927 estin
535 873 684 927 manutua
692 871 713 941 ¹,
721 866 936 927 abstulerissts

146 951 175 1003 et
186 960 243 1001 non
261 945 403 999 manserit
418 941 449 997 in
462 940 651 999 tabernaculo
666 945 717 998 tuo
732 940 899 1014 injustitia:

109 1020 195 1076 Tunc
210 1016 305 1072 levare
321 1013 430 1087 poteria
446 1013 549 1069 taciem
564 1017 647 1069 tuam
668 1013 780 1085 absque
808 1012 935 1081 macula,

146 1095 176 1146 et
191 1088 250 1144 eris
265 1083 391 1153 stabilis,
406 1089 435 1141 et
451 1100 509 1141 non
525 1084 655 1141 timebis.

147 1158 271 1217 Miseria
287 1172 404 1229 quoque
420 1154 615 1240 obliviscaris²

146 1229 267 1303 etquasi
276 1230 713 1301 aquarumquepraeteriaront,
722 1226 935 1285 recordaberis.

109 1305 146 1361 Et
155 1302 240 1378 quasi
253 1298 434 1356 meridianus
443 1298 668 1372 pltmedianus)
678 1299 937 1377 lulgorconsurgat

184 1371 237 1429 tibi
253 1373 290 1429 ad
305 1387 468 1443 vesperam,
695 1411 696 1414 ,

147 1451 178 1503 et
193 1460 260 1571 casim
276 1450 305 1500 te
320 1445 530 1516 consumptum
546 1441 705 1516 putaveris,
721 1440 825 1499 orieris
841 1445 874 1498 nt
888 1440 936 1499 lu·

185 1534 209 1573 ci
225 1532 265 1572 er.

112 1591 147 1648 lit
159 1586 282 1646 babebis
298 1584 449 1651 llduciam,
465 1583 616 1657 proposita
625 1583 679 1642 tibi
695 1600 757 1658 spe,

149 1665 179 1717 et
194 1661 329 1716 defossus
344 1672 467 1714 securus
478 1656 617 1714 dormies.

113 1733 301 1805 Requiesces,
316 1737 345 1786 et
359 1745 418 1785 nau
432 1728 488 1786 erit
502 1729 553 1801 qui
568 1731 597 1785 tc
607 1731 772 1787 exterreat:

150 1808 181 1861 et
195 1801 431 1876 deprecabuntur
444 1800 548 1857 taciem
560 1804 643 1857 tuam
659 1799 790 1872 plurimi.

114 1874 199 1933 Oculi
214 1880 312 1931 autem
327 1871 487 1944 impiorum
506 1871 653 1943 deliciunt,

151 1951 181 2004 ct
195 1945 336 2018 effugium
353 1943 459 2016 peribit
473 1943 510 1998 ab
524 1943 578 2010 eis,

151 2023 181 2076 at
195 2034 263 2091 spes
277 2031 379 2072 eorum
394 2014 574 2071 abominatio
589 2013 705 2071 anima.

287 2101 469 2143 nesroaosiis
483 2101 658 2157 suasuros,
673 2101 771 2144 naxia:

114 2158 286 2237 (Capilli.)
302 2159 375 2232 Ergo
390 2174 442 2214 iios
456 2158 528 2215 estis
544 2156 600 2215 soli
617 2157 763 2227 homines,

152 2237 183 2291 ct
197 2230 350 2287 vobiscum
367 2230 509 2286 morietur
519 2230 530 2264 ²
541 2228 705 2302 sapientia:

114 2305 152 2362 Et
168 2302 243 2360 mibi
258 2306 304 2359 est
319 2317 379 2369 cor,
395 2300 472 2358 sicut
486 2304 516 2358 ct
528 2301 621 2372 robis,

153 2391 206 2432 nec
223 2373 344 2430 interior
359 2373 446 2429 vestri
462 2388 548 2428 sum:

153 2447 223 2519 quia
239 2445 318 2503 euim
334 2444 405 2516 heco,
421 2460 486 2517 qua
503 2443 592 2513 notis,
608 2441 747 2516 ignorat?

117 2522 174 2588 Qui
193 2517 343 2574 deridetur
358 2516 394 2572 ab
409 2515 503 2572 amico
518 2531 571 2572 suo
587 2513 665 2570 sicut
678 2530 741 2587 ego,

154 2588 304 2646 invocabit
317 2588 409 2644 Dauni
425 2591 454 2643 et
467 2585 604 2644 exaudiet
617 2585 672 2655 (Al.
693 2585 823 2658 exaudit)
852 2601 919 2642 aum
932 2602 940 2643 i

155 2660 306 2718 deridetur
319 2659 399 2716 enim
411 2658 484 2729 lusti
500 2656 687 2729 simplicitas.

119 2736 247 2806 Lampas
263 2734 431 2803 contempta
446 2730 524 2803 apud
540 2727 732 2802 cagitationes
746 2727 882 2796 divitum,

155 2808 260 2878 parata
275 2803 311 2860 rid
329 2810 445 2873 tempus
469 2805 615 2858 statutum
643 2798 700 2873 (ill.
724 2799 942 2872 constitutum).

117 2878 283 2936 Abundant
295 2872 485 2930 tabernacula
496 2873 676 2946 predonum,

156 2953 185 3007 et
199 2947 338 3003 audacter
354 2948 513 3018 provocant
526 2943 632 3016 Deum,

155 3019 300 3091 cumipse
315 3018 429 3074 dederit
440 3015 542 3073 omnia
555 3015 585 3071 in
601 3013 738 3072 manibus
753 3030 867 3083 aarum,

116 3093 267 3151 Nimirum
284 3089 431 3172 interroga
441 3088 587 3159 jumenta,
603 3090 633 3144 et
652 3087 800 3144 docebunt
823 3092 870 3144 tc:

155 3167 186 3219 ct
201 3159 331 3218 volatilia
344 3160 419 3231 ciali,
436 3164 465 3215 et
479 3158 655 3216 indicabunt
665 3157 730 3216 tibi.

118 3240 253 3307 Loquere
268 3237 364 3300 tarra,
379 3235 408 3289 et
422 3229 613 3304 respondebit
624 3229 698 3299 iibi;

157 3312 186 3363 et
203 3303 388 3361 narrabuat⁸
417 3301 492 3359 iaces
507 3301 610 3358 maris.

120 3378 194 3444 Quis
205 3378 321 3448 ignorat
332 3320 949 3448 quoilomuiihermanusbamintiacaiiir

122 3454 156 3509 ln
173 3450 259 3520 cujus
275 3463 363 3503 manu
380 3448 479 3503 anima
493 3444 591 3503 omnis
605 3444 739 3514 visentis,

160 3525 190 3576 et
206 3519 329 3592 spiritus
345 3518 487 3575 universe
503 3516 600 3574 carnis
612 3515 751 3573 bominis.

123 3593 228 3651 Nonne
243 3590 323 3648 auria
338 3589 425 3647 verba
439 3588 595 3661 dijudicat,

162 3667 192 3721 et
208 3663 306 3719 lauces
320 3660 512 3729 comedentis,
527 3658 687 3735 saporem?

127 3738 160 3794 lu
174 3733 305 3807 antiquis
317 3736 361 3790 est
376 3731 530 3806 sapientia,

164 3811 193 3863 st
208 3806 238 3863 in
253 3803 489 3878 iiiultatompore
505 3801 669 3877 prudentia.

126 3878 213 3952 Apud
230 3879 238 3934 i
262 3893 328 3934 sum
344 3882 430 3934 estas
443 3876 542 3960 ,lautia
555 3880 585 3959 et
598 3870 750 3958 tortitudo,

126 4021 156 4077 i
165 3893 797 4091 iiiiii.)riiliiiiiiiiiiiir·

164 4097 194 4149 et
206 4093 232 4150 si
246 4064 401 4148 incluse'rit
415 4088 576 4161 bominem,
593 4087 694 4144 nullus
704 4091 749 4143 est
763 4084 814 4157 qui
829 4082 951 4157 aperiat.

127 4163 158 4220 si
174 4162 352 4221 continuerit
365 4178 467 4235 aquas,
482 4162 582 4218 omnia
597 4159 808 4217 siccabuntur:

127 4239 157 4292 et
173 4235 197 4293 ai
213 4233 345 4292 emiserit
358 4250 422 4303 eas,
437 4233 608 4290 subvertent
622 4236 741 4288 terram.

126 4307 212 4379 Apud
229 4307 326 4380 ipsum
342 4311 388 4363 est
403 4305 543 4362 lai-titudo
558 4307 586 4360 et
601 4301 747 4376 sapientia
760 4300 771 4336 ⁸
782 4299 822 4374 (li.
839 4298 915 4373 lex):

164 4379 229 4450 ipse
245 4377 325 4435 norit
338 4382 367 4435 et
382 4377 588 4462 decipientem,

164 4456 275 4507 etcum
291 4448 342 4523 qui
361 4448 515 4522 decipitur,

125 4522 257 4578 adducit
271 4520 454 4579 consiliarios
468 4520 499 4576 in
515 4518 637 4578 stultum
654 4518 754 4588 linem,

162 4592 319 4664 at)udices
334 4593 363 4650 in
379 4598 544 4666 stuporem.

124 4664 261 4723 Balteum
278 4681 380 4739 regum
394 4663 540 4736 dissolvit,

164 4865 172 4902 ¹
191 4861 344 4921 Contraria
358 4878 448 4920 seusu
461 4878 528 4919 cum
545 4857 671 4933 negandi
687 4854 831 4931 particula
843 4854 874 4914 in
895 4858 953 4914 ite·

124 4936 202 5021 gina
219 4933 656 5009 ms.legitur,qaaeiioasilin
685 4946 769 4986 manu
799 4932 857 4986 tria.
884 4928 954 4987 Om-

123 5022 761 5161 ”¹2¹⁰1J5ss92‘2fngmbgm,Hm„mg
781 5081 866 5134 nint)
891 5071 951 5130 dls·

124 5155 343 5280 'eftlglletls‘crit
358 5219 509 5278 Palatinus
526 5235 582 5276 ms.
614 5216 676 5286 tibi,
693 5231 755 5289 qua
768 5231 823 5272 vox
838 5215 869 5273 iii
896 5215 952 5272 lle·

123 5294 205 5351 bireo
220 5310 335 5368 quoque
349 5297 431 5351 textu
446 5296 551 5350 sonat:
565 5274 613 5377 qb.

161 5381 310 5440 *Verbum
323 5376 698 5441 llebraioumntrriniliuiia
707 5373 899 5433 multifariam
908 5375 954 5432 iu·

123 5458 307 5528 terpretatur
315 5453 521 5526 Hieronymus.
537 5452 610 5509 Nam
626 5447 785 5522 aliquando
798 5446 829 5503 in
842 5447 954 5519 rapicia-

123 5525 195 5582 tiam
209 5530 239 5583 et
251 5526 282 5584 in
296 5524 475 5598 prudentiam
487 5524 586 5587 vertit,
602 5525 635 5580 at
649 5520 703 5579 boo
727 5519 792 5577 loco
818 5518 898 5586 tobi,
926 5526 954 5577 st

123 5596 203 5654 inira
217 5614 282 5670 cap.
297 5614 375 5666 xxvi,
391 5597 420 5662 d,
436 5594 480 5652 vel
496 5596 514 5652 3
528 5596 557 5652 in
571 5595 697 5668 Vulgata
712 5589 827 5648 Latina.
860 5591 956 5649 lutar-
1042 5590 1100 5647 -u

123 5668 499 5735 dumaatutemtranstulit,
516 5668 658 5736 iuratam
673 5667 702 5722 ei
719 5662 887 5737 equitatem.
903 5665 954 5720 ls-

122 5732 954 5818 persdaniqueinterpretatursuprscap.ati,ll,tulliilg.

870 173 978 231 musa
994 173 1069 230 tou.

947 309 975 377 Α
1026 303 1055 354 et
1070 297 1222 375 procingit
1236 299 1306 356 luna
1321 316 1405 359 renea
1419 318 1532 376 aarum,

991 370 1076 426 Ducit
1091 373 1257 427 sacerdotes
1269 371 1422 443 inglorios,

1024 445 1053 496 et
1067 440 1224 513 optimates
1239 444 1412 516 supplantat
1426 462 1434 501 :

988 516 1181 569 commutans
1197 513 1309 571 labium
1325 517 1484 589 veracium,

1024 588 1054 640 ct
1067 584 1232 641 doctrinam
1248 603 1352 643 senum
1369 589 1516 659 auterens,

989 655 1121 712 Ellundit
1135 655 1352 728 despectionem
1368 675 1458 732 sapor
1473 662 1630 735 principes,

1025 742 1085 796 eos,
1102 726 1153 799 qui
1168 729 1300 801 oppressi
1318 731 1443 801 luerent,
1459 732 1602 793 relevans.

989 799 1044 866 Qui
1060 797 1168 855 relavat
1183 800 1330 882 protunda
1344 803 1380 858 dc
1393 804 1534 861 tenebris.

1025 873 1054 954 at
1069 870 1204 952 producit
1218 870 1249 927 in
1264 871 1358 930 lucem
1370 875 1476 932 umbra
1491 877 1542 941 ill.
1554 877 1685 953 umbras)
1697 881 1811 939 mortis.

990 942 1044 1008 oui
1058 942 1235 1013 multiplicat
1249 949 1352 1016 gentas
1367 949 1396 1001 et
1408 946 1574 1019 perditans,

1025 1014 1209 1097 etsubvarsa
1224 1014 1253 1069 in
1270 1015 1418 1087 integrum
1433 1018 1560 1075 restituit
1581 1019 1637 1092 (ill.
1653 1023 1812 1097 restituet),

989 1088 1041 1141 cui
1055 1089 1194 1142 immutat
1208 1102 1258 1142 cor
1272 1086 1439 1161 principum
1455 1091 1557 1162 populi
1575 1097 1670 1164 terre,

1027 1159 1057 1212 et
1069 1157 1178 1229 decipit
1193 1170 1243 1214 eoa
1258 1164 1290 1214 ut
1306 1159 1416 1217 trustra
1435 1160 1572 1219 incedant
1600 1180 1652 1236 par
1679 1164 1812 1225 invium:

989 1226 1157 1299 Palpabuut
1171 1230 1273 1300 quassi
1287 1230 1318 1287 in
1333 1231 1472 1301 tenebris,
1488 1238 1518 1289 et
1532 1250 1592 1290 non
1607 1235 1637 1290 in
1652 1235 1727 1304 luce,

1026 1304 1054 1355 et
1069 1315 1165 1355 errare
1180 1315 1230 1356 eos
1255 1301 1341 1358 saciet
1368 1304 1453 1375 quasi
1481 1305 1578 1362 sbrius
1607 1307 1648 1378 (b.
1673 1307 1813 1381 ebrium.)

990 1370 1069 1443 (dap.
1085 1370 1176 1441 lllll.)
1186 1375 1257 1429 Ecce
1272 1373 1372 1431 omnia
1387 1375 1439 1441 tlt.
1455 1376 1519 1433 add.
1536 1377 1608 1448 bac)
1622 1378 1696 1436 vidit
1709 1379 1814 1439 oculus

1063 1458 1158 1514 meus,

1026 1516 1055 1570 et
1068 1513 1181 1570 audivit
1195 1513 1277 1571 auris
1293 1531 1370 1584 mea,
1383 1520 1413 1573 et
1427 1516 1557 1576 intellexi
1573 1520 1702 1594 singula,

990 1585 1158 1643 Secundum
1174 1585 1327 1643 scientiam
1342 1593 1470 1647 vestram
1485 1595 1514 1647 at
1528 1608 1581 1666 ego
1610 1592 1693 1650 novi:

1026 1673 1080 1715 nec
1089 1656 1210 1714 interior
1224 1659 1314 1714 vestri
1329 1675 1413 1716 sum:

990 1728 1046 1787 Sed
1063 1733 1162 1786 tamen
1178 1728 1214 1785 ad
1229 1729 1315 1786 Omni
1338 1735 1465 1789 utentem
1479 1732 1595 1808 loquar,

1027 1804 1056 1884 at
1070 1798 1221 1872 disputare
1235 1817 1303 1857 cum
1318 1748 1376 1860 Bao
1391 1804 1498 1878 cupio:

991 1872 1076 1929 Prius
1091 1888 1142 1929 voa
1157 1872 1315 1930 ostendens
1331 1875 1521 1934 fabricaturas
1535 1878 1694 1950 mandacii,

1026 1948 1056 2001 et
1071 1942 1198 2000 cultores
1213 1960 1417 2017 perversorum
1432 1949 1617 2024 dogmatum,

990 2016 1083 2088 Atque
1098 2015 1213 2071 utinam
1228 2018 1378 2087 taceretis,

1027 2092 1061 2143 nt
1073 2086 1251 2160 putaremini
1264 2103 1330 2146 esse
1343 2089 1397 2162 (ii.
1414 2092 1589 2162 putarentur
1603 2091 1681 2151 inter
1702 2094 1746 2168 se)
1767 2110 1817 2152 sa·
1931 2166 1934 2171 Ι

990 2162 1185 2315 Αυᾱίἵιοθὲξὲῗ).
1195 2229 1392 2314 correptiones
1407 2247 1497 2289 meaa.

1027 2304 1057 2357 et
1068 2302 1213 2373 Judioiurn
1231 2301 1375 2359 labiorum
1387 2319 1518 2360 meorum
1534 2306 1687 2380 attendite,

992 2371 1143 2445 Numquid
1158 2378 1237 2429 Deus
1251 2372 1364 2459 indiget
1373 2379 1471 2432 vestro
1486 2379 1651 2448 mandacio,

1029 2449 1061 2500 ut
1076 2460 1128 2516 pro
1144 2443 1193 2500 illc
1208 2444 1369 2515 loquamini
1382 2445 1490 2504 dolos?

993 2517 1142 2588 Numquid
1159 2516 1262 2572 lacism
1278 2518 1344 2588 ejus
1358 2518 1492 2591 accipitis
1506 2521 1561 2584 (it.
1577 2520 1754 2596 accepistis),

1028 2592 1058 2645 ct
1073 2603 1124 2661 pro
1140 2591 1196 2645 Deo
1211 2586 1341 2657 judicare
1356 2589 1511 2645 nitimini?

993 2661 1052 2715 Aut
1068 2658 1194 2731 placebit
1207 2659 1233 2714 ei
1248 2675 1334 2730 quem
1345 2659 1502 2733 ceisraiit.
1512 2661 1611 2735 celari)
1624 2662 1695 2720 nihil
1707 2664 1820 2738 potasti

1029 2738 1080 2787 aut
1094 2729 1267 2803 decipietur,
1284 2734 1315 2786 ut
1330 2731 1429 2799 bomo,
1449 2734 1554 2790 vestris
1583 2735 1818 2793 fraudulentiis?

994 2801 1062 2875 lpse
1077 2817 1127 2858 ros
1142 2804 1256 2874 arguet,

994 2872 1135 2946 quoniam
1151 2873 1180 2929 in
1196 2872 1369 2929 abscondito
1385 2871 1488 2931 taciem
1503 2874 1569 2947 ejus
1584 2876 1727 2951 accipitis.

993 2944 1098 3002 Statim
1115 2948 1148 3000 ut
1162 2960 1193 3001 sa
1207 2944 1408 3012 commoverit,
1423 2947 1557 3004 turbabit
1570 2964 1633 3017 voa,

959 3043 982 3112 c
1001 3020 1065 3146 Mct
1078 3019 1171 3073 terror
1186 3016 1250 3087 ejus
1265 3015 1358 3071 irruet
1372 3032 1460 3089 super
1473 3034 1534 3076 vos.

1030 3087 1141 3146 amoris
1155 3091 1251 3144 restra
1266 3088 1476 3160 conparabitur
1488 3089 1591 3160 cineri,

1031 3165 1062 3217 et
1076 3159 1244 3232 redigentur
1259 3158 1397 3216 inlutum
1414 3161 1536 3219 cervicis
1549 3165 1665 3218 vestras.

998 3232 1103 3289 Tacete
1117 3230 1276 3304 paulisper,
1292 3233 1326 3287 ut
1340 3229 1445 3305 loquar

1034 3303 1181 3376 quodcum
1205 3302 1825 3378 ue(ilt.quiecumque)mihimenssngges·

1071 3373 1143 3431 serit
1158 3319 1213 3446 (il.
1229 3374 1383 3447 suggerit).

1000 3448 1094 3513 Quare
1109 3446 1203 3504 lacero
1218 3462 1322 3502 cai-nes
1336 3462 1418 3505 meas
1432 3445 1570 3505 dantibus
1585 3447 1669 3515 meis,

1036 3522 1065 3574 ct
1077 3517 1206 3574 animam
1223 3533 1318 3575 msam
1334 3523 1418 3590 porto
1432 3518 1463 3575 in
1476 3518 1613 3576 manibus
1628 3518 1726 3578 meist

1001 3588 1131 3646 Etiamsi
1147 3588 1287 3647 occiderit
1302 3605 1358 3657 me,
1374 3590 1403 3646 in
1420 3590 1484 3664 ipso
1500 3592 1634 3663 sperabo,

1000 3666 1201 3718 verumtamen
1212 3661 1275 3717 vias
1285 3675 1367 3718 meas
1377 3661 1407 3718 in
1418 3662 1613 3737 inconspectu
1627 3662 1822 3734 e)usargusm

1081 3733 1135 3801 (ili.
1150 3740 1203 3788 tric.
1219 3732 1365 3804 arguam).

1002 3803 1036 3858 ut
1049 3801 1113 3871 ipse
1126 3802 1183 3860 erit
1198 3803 1328 3859 salvator
1341 3817 1444 3861 meus:

1037 3872 1824 3948 noucnimvenietinconspectueJ'nsomniabypocrits.

1001 3944 1107 4002 Audite
1123 3960 1289 4002 sermonem
1304 3962 1414 4014 meum,

1022 4022 1067 4100 ,at
1081 4017 1238 4102 enigmata
1253 4016 1392 4091 percipite
1407 4016 1529 4075 auribus
1542 4017 1658 4076 rastris.

1001 4089 1030 4144 Si
1046 4089 1127 4145 luero
1138 4088 1300 4160 judicatus,

1039 4159 1100 4218 scio
1115 4176 1173 4233 quo
1184 4160 1286 4245 )ustua
1301 4159 1443 4217 inveniar.
1528 4205 1534 4214 ,

1003 4231 1074 4298 ouis
1089 4236 1135 4288 eat
1150 4247 1200 4304 qui
1212 4232 1362 4303 judicetur
1375 4231 1514 4289 mecum?
1528 4230 1624 4289 veniat
1638 4230 1668 4289 in
1689 4230 1802 4304 judicio
1815 4231 1827 4267 ⁸
1922 4278 1926 4285 .

1075 4303 1117 4374 (li.
1133 4320 1192 4360 non
1207 4303 1305 4372 babet,
1321 4305 1420 4360 veniat
1433 4303 1614 4377 injudicio).

1040 4390 1132 4447 quare
1141 4379 1244 4433 tacens
1258 4374 1438 4434 consumor?

965 4420 991 4488 Ῑ)
1005 4446 1069 4504 Duo
1083 4450 1199 4504 tantum
1214 4463 1252 4504 ns
1265 4447 1357 4505 iacias
1372 4446 1457 4514 mibi,

1041 4521 1070 4575 ct
1083 4523 1154 4577 tunc
1169 4536 1187 4576 a
1205 4518 1278 4577 lacis
1293 4523 1346 4576 tua
1361 4535 1418 4576 non
1429 4517 1598 4576 abscondar

1005 4590 1126 4647 llanuin
1140 4594 1221 4647 tuam
1234 4589 1318 4663 longa
1333 4590 1379 4647 tac
1394 4607 1412 4648 a
1426 4605 1483 4657 ms,

1041 4665 1071 4719 et
1085 4662 1210 4720 formido
1225 4665 1276 4719 tua
1291 4679 1350 4719 non
1365 4677 1412 4719 me
1424 4664 1544 4719 terreat.

1006 4854 1327 4928 d,litquadiaiittipica
1347 4860 1417 4913 esset
1442 4857 1488 4913 ica
1514 4856 1582 4928 ejas.
1610 4855 1714 4930 ltaque
1742 4853 1829 4913 solio·

1005 4926 1108 4985 liastes
1121 4929 1248 4985 mutuari
1259 4927 1354 5001 potuit
1363 4929 1400 4985 ab
1409 4928 1474 5000 ipso
1481 4927 1657 5002 Hieronymo
1669 4925 1830 4984 adnotatio·

1007 5015 1075 5057 nem
1085 5004 1283 5126 presentem:
1299 4997 1342 5057 val
1367 5000 1406 5056 ab
1431 4999 1619 5057 Hebraeorum
1647 4997 1828 5068 doctoribus,

1106 5072 1169 5128 asia
1182 5070 1348 5144 significare
1362 5069 1474 5144 volunt,
1489 5073 1656 5145 sapientiam
1680 5071 1769 5142 lepem
1796 5083 1830 5124 ac

1005 5072 1214 5216 politiorum.
1231 5141 1325 5199 ldiar.

1042 5232 1053 5268 ⁸
1068 5231 1163 5289 Codex
1175 5230 1359 5289 Golbertinus
1372 5231 1544 5300 tuiciensis,
1560 5234 1589 5287 et
1612 5230 1685 5286 alter
1712 5226 1831 5300 Maioris

1006 5301 1831 5377 blonaateriipropeTuronesbabantsoliimmodoveiiiat3

1007 5376 1121 5449 aliquot
1132 5375 1181 5433 alii
1197 5381 1309 5434 ramses
1323 5376 1469 5434 addebant
1480 5374 1680 5447 primamauu,
1692 5371 1832 5443 injudicio

1007 5448 1057 5505 aad
1072 5453 1250 5531 expunctum
1265 5452 1311 5505 ast
1323 5447 1360 5504 ab
1375 5444 1625 5504 emendatoribus.
1647 5442 1833 5518 Exemplaria

1007 5518 1135 5577 Canania
1147 5520 1239 5576 secuti
1256 5535 1371 5585 snmus,
1384 5521 1417 5600 ut
1432 5534 1485 5599 par
1497 5521 1569 5572 aiat.
1596 5517 1687 5574 ilisa.

1008 5607 1198 5720 scabillum
1213 5665 1346 5721 notatum
1361 5660 1519 5743 esttllebr.
1549 5663 1648 5718 textus
1675 5659 1779 5717 nescit.
1801 5659 1833 5717 lu

1008 5730 1835 5809 nostrisquoqusmss.utatinvulgatislibrisunumsu·

1121 5586 1835 5662 nidamverba,osasatrriiudiciaquemadmodum
1921 5622 1930 5639 .
