3870 6120
80 202 154 261 sior
515 164 520 171 ¹
757 204 864 265 ciana
881 205 1115 264 esscuonuii.
1718 222 1789 280 1100

118 346 178 387 non
194 334 239 387 est
255 331 306 404 qui
323 330 411 389 iaciat
426 332 550 390 bonum.
921 334 950 400 Α
1000 335 1028 387 et
1044 331 1199 389 hareditas
1214 334 1406 406 speciossima
1422 354 1488 395 mea
1501 344 1557 410 est,

77 405 223 459 Dominus
238 404 275 459 de
290 405 364 461 coelo
376 407 526 478 prospexit
540 422 630 478 super
646 404 723 461 filios
740 403 907 474 hominum,
964 403 1136 460 Benedicam
1154 405 1279 461 Domino
1295 409 1344 479 qui
1361 409 1447 466 Dedit
1461 412 1618 477 consilium
1635 416 1733 474 mihi:

115 482 148 531 ut
164 475 275 531 videret
290 477 315 531 si
332 482 376 532 est
391 478 560 550 intelligens
573 478 593 547 ¹,
609 478 764 551 requirens
781 482 883 533 Deum.
998 477 1120 546 insuper
1134 481 1163 532 et
1178 479 1315 535 noctibus
1338 481 1509 539 erudierunt
1525 500 1570 541 me
1584 503 1667 544 renes
1683 491 1751 546 mei.

76 546 189 602 Omnes
205 553 403 615 recesserunt,
421 550 510 605 simul
527 549 723 622 conglutinati
739 555 820 605 sunt.
962 547 1163 619 Proponebam
1178 549 1335 606 Dominum
1352 552 1405 623 (ili.
1416 557 1468 610 tcc.
1482 554 1652 631 Dominum)
1668 561 1698 618 in
1714 579 1785 619 con.

110 619 283 689 nonestqui
295 620 770 693 iaciatbonummonestusquead
784 621 906 677 unum¹.
1033 625 1133 688 spectu
1150 637 1212 675 meo
1229 621 1270 692 (b.
1288 638 1385 678 coram
1402 627 1458 699 me)
1474 642 1592 699 semper
1609 647 1615 685 :

73 688 905 766 Nonnecognoscentomnesquioperanturioiquitatom:
997 690 1067 762 quia
1083 707 1099 746 a
1114 692 1224 746 dextris
1241 693 1314 748 meis
1330 700 1375 749 est
1391 697 1444 766 (ill.
1462 699 1513 769 es).
1533 717 1569 755 ne
1585 716 1782 761 commovear.

113 762 164 832 qui
176 762 316 842 devorant
326 763 469 834 populum
484 782 581 820 meum
594 770 625 820 ut
638 765 737 821 cibum
749 765 834 838 panis
847 767 858 819 Ρ
961 764 1117 833 Propterea
1133 761 1262 819 liciatum
1279 768 1323 820 est
1333 783 1383 822 cor
1399 776 1538 839 meum,et
1552 771 1710 832 exsultavit
1720 775 1786 849 glo·

112 838 272 888 Dominum
286 851 343 890 non
361 836 584 892 invocaverunt.
1032 834 1075 889 ria
1091 850 1167 896 inea,

75 903 119 958 lbi
136 905 327 961 trebidabunt
343 907 503 963 tormidine
514 909 535 979 ⁸,
996 909 1025 959 et
1040 921 1106 960 caro
1118 922 1182 961 mea
1197 905 1342 963 habitabit
1357 910 1549 982 confidenter,

112 976 254 1046 quonium
274 978 349 1033 Deus
367 979 396 1033 in
413 979 604 1050 generatione
614 979 705 1050 jueta.
959 974 1021 1031 Non
1038 976 1117 1032 enim
1131 976 1318 1049 derelinques
1333 980 1462 1037 animam
1479 998 1573 1039 meam
1590 985 1620 1041 in
1641 986 1756 1046 interno
1773 1006 1780 1046 :

76 1047 240 1103 Consilium
257 1065 422 1121 pauperum
440 1051 642 1106 confudistis:
995 1063 1048 1102 noc
1072 1048 1156 1104 dabis
1172 1056 1308 1105 sanctum
1326 1051 1367 1123 (h.
1383 1053 1615 1127 misericordem)
1637 1062 1722 1116 tuum
1739 1060 1782 1117 vi·
1853 1096 1857 1104 ·

113 1119 251 1188 quoniam
271 1120 417 1177 Dominus
433 1139 500 1194 spes
517 1123 582 1194 ejus
597 1127 653 1177 est.
1048 1119 1115 1175 dere
1135 1120 1363 1193 corruptionem.

76 1189 149 1254 Quis
164 1190 247 1246 dabit
262 1191 297 1247 de
310 1192 380 1247 Sion
392 1191 519 1249 salutem
535 1193 650 1249 lsrael?
958 1188 1100 1246 Ostendes
1117 1192 1188 1246 milii
1204 1193 1340 1249 semitam
1358 1195 1433 1250 vite.

103 1263 725 1336 quondoreduxeritbominuscapiiiitatcm
736 1261 902 1336 popuiisui,
992 1261 1238 1332 plenitutudioem
1254 1263 1296 1337 (b.
1312 1266 1491 1340 satietatem)
1507 1267 1696 1328 letitiarum¹
1712 1277 1781 1331 ante

75 1334 237 1389 exsultabit
250 1335 352 1403 Jacob,
366 1335 515 1393 laetabitur
530 1336 630 1393 lsrael.
1028 1333 1142 1389 vultum
1165 1340 1261 1402 tuum,

272 1467 399 1508 efflas
414 1452 453 1524 (ἢ.
476 1454 590 1524 psalm)
608 1469 692 1508 ww
991 1402 1111 1463 decores
1126 1405 1155 1460 in
1172 1408 1291 1464 dextera
1308 1414 1358 1464 tua
1372 1414 1510 1468 eternas.

71 1546 157 1617 (XV.)
171 1546 306 1616 Domine,
320 1549 667 1622 quisperegrinabituriu
681 1550 804 1606 tentorio
819 1550 899 1615 tuo‘,
1259 1541 1360 1581 ⁰¹¹¹T¹⁰
1381 1542 1476 1582 Wffi·

107 1618 158 1690 qui
174 1619 227 1686 (At.
242 1623 344 1692 etqui)
358 1621 501 1678 habitavit
512 1623 541 1678 in
559 1630 657 1679 moute
672 1628 774 1678 sancto
792 1622 864 1677 tuo‘l
954 1617 1065 1690 (XVII.)
1078 1620 1163 1689 Audi,
1176 1621 1263 1690 Deus,
1276 1624 1393 1694 justum
1405 1623 1448 1696 (h.
1460 1627 1546 1696 liudi,
1565 1628 1698 1700 Domine,
1709 1633 1779 1704 jus·

69 1691 124 1754 Qui
142 1690 308 1771 ingreditur
323 1693 386 1748 sine
399 1693 525 1763 macula,
541 1699 569 1749 et
583 1699 723 1766 operatur
735 1694 898 1767 justitiam,
915 1706 938 1772 Β
994 1761 1000 1772 ¹
1027 1690 1145 1761 titiam),

106 1761 298 1833 loquiturque
311 1763 463 1820 veritatem
476 1765 505 1820 in
522 1766 608 1821 corde
624 1782 688 1822 suo.
993 1763 1114 1818 intende
1129 1765 1365 1835 deprecationem
1381 1783 1497 1837 meam;

70 1833 125 1898 Oui
144 1839 263 1889 nonest
280 1834 373 1891 iacilis
390 1837 419 1891 iii
435 1836 538 1919 lingua
553 1854 621 1904 sua,
957 1833 1086 1890 Auribus
1103 1837 1219 1907 percipe
1234 1837 1397 1894 orationem
1414 1855 1522 1907 meam,

108 1920 205 1976 neque
217 1904 689 1980 l'ecit(ili.iscit)nmico(h.sodali)
701 1924 754 1965 suo
766 1906 878 1962 malum
892 1922 900 1963 :
992 1904 1102 1976 absque
1119 1907 1204 1963 labiis
1215 1909 1407 1965 mendacibus
1421 1911 1479 1983 (At.
1496 1912 1663 1986 mendacii).

107 1981 137 2030 et
158 1977 348 2047 opprobrium
363 1995 420 2034 non
445 1980 588 2036 sustinuit
608 1996 698 2052 super
712 1978 841 2035 vicinum
858 1978 899 2050 (b.
955 1974 995 2031 De
1009 1976 1090 2032 vultu
1105 1981 1157 2034 tuo
1172 1979 1425 2054 (chconspectii
1437 1983 1653 2056 tuo)judicium
1665 2002 1776 2045 meum.

144 2048 323 2130 proximum)
338 2066 438 2108 suum.
1026 2050 1149 2119 prodeat
1164 2066 1171 2105 :

69 2117 240 2191 Despicitur
256 2121 285 2176 in
302 2121 395 2177 oculis
410 2124 475 2193 ejus
488 2122 655 2195 improbus,
991 2118 1068 2174 oculi
1083 2121 1125 2176 tui
1141 2121 1258 2176 videant
1271 2122 1435 2194 equitatus.

106 2190 245 2247 timentes
260 2196 358 2248 autem
374 2193 533 2250 Dominum
548 2191 724 2266 glorilicabit
739 2195 793 2268 (ill.
810 2193 898 2268 glori·
955 2188 1088 2246 Probssti
1103 2208 1277 2261 cormeum,
1293 2194 1419 2250 visitasti
1435 2199 1519 2251 nocte
1536 2212 1543 2251 ε

164 2262 242 2334 licat)
259 2280 266 2320 :
989 2262 1122 2319 conssasti
1139 2280 1195 2332 me,
1212 2269 1240 2320 et
1253 2281 1312 2320 non
1327 2265 1505 2335 invenisti⁹;

98 2332 183 2403 jurat
195 2339 227 2390 ut
242 2351 273 2390 se
286 2334 408 2408 ailligat,
421 2343 447 2392 et
459 2353 517 2393 non
531 2342 638 2395 mutat.
989 2335 1124 2405 cogitatio
1133 2351 1196 2391 mea
1208 2334 1321 2392 utinum
1335 2353 1393 2393 non
1406 2337 1560 2395 transisset
1569 2355 1602 2396 os
1614 2356 1725 2399 meum.

65 2403 226 2462 Pecuniam
242 2423 327 2462 suam
342 2423 400 2463 non
416 2408 498 2463 dedit
512 2410 548 2464 ad
566 2426 701 2477 usuram,
953 2403 983 2460 ln
1000 2422 1086 2477 opere
1104 2408 1207 2477 adam,

104 2481 134 2531 et
147 2494 272 2534 munera
289 2478 431 2535 adversus
447 2480 601 2537 innoxium
619 2498 677 2538 non
689 2479 802 2553 accepit
818 2496 825 2538 ε
986 2476 1016 2532 in
1030 2479 1116 2532 verbu
1133 2478 1278 2534 labiorum
1291 2483 1423 2547 tuorum,

65 2547 123 2611 Oui
145 2548 216 2604 lacit
231 2549 304 2619 baec,
986 2564 1039 2621 ego
1056 2550 1206 2605 observavi
1223 2550 1282 2605 vias
1297 2550 1338 2621 (ii.
1355 2550 1489 2620 semitas)
1500 2551 1633 2610 latronis.

104 2636 165 2675 non
181 2622 348 2678 movebitur
363 2622 393 2678 in
410 2625 565 2679 aternum,
949 2622 1086 2675 Sustenta
1120 2637 1219 2676 rossus
1235 2637 1316 2676 meos
1331 2620 1361 2675 in
1378 2621 1502 2678 callibus
1517 2624 1589 2688 tuis.

976 2697 1014 2746 ·et
1028 2709 1086 2747 non
1099 2637 1240 2747 iubentur
1255 2693 1309 2775 (at.
1322 2691 1469 2765 labentur)
1485 2695 1610 2768 vestigia
1625 2710 1700 2751 mea.

260 2752 380 2793 ³⁰M¹²¹⁸
399 2755 433 2794 ΒΤ
452 2755 595 2796 ⁸¹MP¹¹⁰¹⁵
615 2756 711 2796 ww·
950 2778 1002 2835 ego
1018 2763 1147 2819 invocavi
1163 2768 1202 2829 to,
1218 2780 1287 2835 quia
1301 2764 1439 2819 exaudies
1456 2780 1503 2819 me
1515 2765 1644 2834 Deus¹⁰;

68 2830 158 2905 (xvi)
178 2831 297 2889 Custodi
315 2851 372 2898 me,
388 2835 476 2905 Deus,
493 2837 634 2909 quoniam
659 2837 772 2909 speravi
802 2836 832 2892 in
855 2840 894 2903 te,
985 2833 1093 2890 inclina
1108 2851 1209 2890 aurem
1225 2841 1306 2890 tuam
1323 2833 1486 2904 mihi,audi
1499 2836 1771 2909 eloquiummeum.

105 2903 189 2959 Dixi⁸
203 2906 339 2977 Domino,
355 2907 499 2965 Dominus
516 2925 599 2966 meus
615 2926 646 2966 cs
659 2914 690 2964 tu
708 2926 715 2964 ε
949 2905 969 2941 ¹¹
984 2906 1132 2962 Mirabiles
1148 2907 1191 2961 lac
1207 2906 1424 2962 misericordias
1450 2911 1528 2973 tuas,
1551 2906 1680 2964 salvator
1703 2924 1773 2982 spe·

105 2975 181 3030 bene
196 2976 268 3031 inibi
286 2994 343 3033 non
359 2979 483 3035 estsine
499 2984 537 3035 te.
1020 2978 1161 3033 rontium.

104 3045 223 3103 Sanctis
241 3049 292 3118 qui
308 3049 337 3104 in
354 3054 432 3106 terra
446 3055 516 3106 sunt
530 3059 559 3106 et
574 3052 750 3124 magnificis,
908 3067 930 3137 c
985 3065 1001 3104 a
1017 3049 1222 3105 resistentibus
1237 3048 1359 3103 dexteris
1376 3051 1445 3104 tuae.

16 3136 22 3141 ·
104 3118 210 3173 (imnis
224 3119 360 3177 voluntas
377 3137 441 3177 mea
456 3123 486 3178 in
503 3122 556 3178 eis.
951 3119 1072 3176 Custodi
1087 3138 1134 3177 me
1149 3119 1233 3191 quasi
1251 3119 1393 3192 pupillum
1409 3119 1450 3191 (h.
1468 3119 1571 3192 filiam)
1587 3119 1669 3178 intus
1681 3119 1772 3194 oculi,

67 3188 350 3260 Multiplicabuntur
368 3193 448 3250 idola
476 3209 590 3261 eorum,
611 3198 679 3267 post
707 3199 822 3267 tergum
848 3209 896 3249 se·
986 3192 1016 3247 in
1032 3193 1137 3248 umbra
1150 3190 1264 3252 alarum
1280 3197 1396 3247 tuarum
1414 3198 1530 3264 protege
1546 3209 1603 3248 me.

102 3263 282 3331 quenlium¹
300 3281 307 3319 ε
987 3268 1010 3317 Α
1028 3264 1099 3319 lucie
1115 3263 1274 3335 impiorum
1290 3262 1469 3319 vastantium
1486 3279 1543 3319 me.

103 3348 165 3388 uon
182 3331 280 3390 libabo
294 3333 436 3392 libamina
451 3352 552 3393 corum
569 3338 604 3394 de
619 3337 773 3409 sanguine,
951 3334 1064 3390 inimici
1082 3336 1138 3390 mci
1154 3335 1283 3390 animam
1296 3349 1392 3389 meam
1408 3334 1667 3391 circumdederunt

103 3419 202 3472 neque
217 3422 367 3462 assumam
383 3409 504 3464 nomina
516 3425 618 3465 eorum
635 3410 664 3465 in
680 3408 766 3465 labiis
783 3407 869 3477 meis,
987 3407 1072 3479 adipe
1085 3423 1138 3462 suo
1152 3404 1379 3473 concluserunt3

65 3475 215 3531 Dominus
231 3493 299 3548 pars
309 3476 489 3534 hereditatis
501 3497 571 3536 meai
584 3485 612 3536 et
622 3480 722 3535 calicis
733 3481 791 3537 mei
804 3481 825 3546 ⁷,
987 3482 1017 3534 et
1030 3494 1080 3534 ore
1094 3477 1182 3534 locuti
1199 3481 1269 3534 sunt
1283 3477 1420 3548 superbe.

100 3551 133 3603 tu
147 3562 303 3619 possessor
316 3551 358 3618 (b.
374 3550 536 3623 restitutor)
552 3553 641 3608 sortis
658 3568 739 3609 meis.
952 3550 1122 3606 Incedentes
1132 3549 1286 3605 adversum
1300 3564 1436 3618 manuue
1448 3547 1771 3607 circumdederuntme:

67 3617 166 3675 Lineee
178 3617 365 3693 [(dt.Linetae]
378 3622 548 3679 ceciderunt
560 3622 633 3679 mibi
644 3624 674 3680 ia
685 3620 897 3696 pulcherrimis
987 3620 1088 3678 oculos
1099 3638 1169 3678 suos
1180 3625 1341 3695 posuerunt
1352 3619 1497 3677 declinare
1507 3619 1537 3677 in
1548 3624 1669 3679 terram.

108 3831 116 3865 ¹
136 3831 169 3884 lu
186 3828 303 3902 Regina
319 3831 409 3887 msSi'
423 3833 676 3904 eisesnintetti'gens,
693 3832 826 3904 sequitur
840 3833 899 3890 Cis·
952 3830 1034 3887 reddi
1051 3835 1156 3902 potest,
1174 3829 1297 3886 lectione
1312 3827 1433 3886 consule
1447 3829 1566 3887 criticos
1581 3845 1691 3887 sacros.

72 3901 215 3957 tereiens.
230 3910 278 3958 unt
294 3902 445 3975 requirens.
986 3902 1138 3957 ¹boricius
1154 3901 1246 3957 multo
1262 3901 1323 3956 abit
1336 3901 1522 3957 Cisterciens.
1548 3916 1605 3958 ms.
1632 3900 1773 3972 nultipli-

111 3973 122 4007 ²
139 3973 276 4044 Spatium
291 3974 339 4030 bic
355 3991 478 4030 vacuum
494 3974 645 4047 reliquunt
655 3974 834 4048 exemplaria
848 3978 899 4034 ca·
952 3978 1049 4030 rentur
1064 3944 1173 4029 <icterus
1187 3989 1293 4043 eorum,
1304 3980 1331 4028 et
1337 3976 1430 4043 posteo
1439 3980 1587 4045 sequentur
1600 3975 1627 4027 te
1640 3991 1650 4028 :
1665 3988 1721 4028 non
1735 3974 1774 4028 n·-

74 4042 164 4100 nonis
179 4044 265 4101 liebr.
285 4046 431 4113 veritatis,
446 4062 479 4102 nc
494 4063 565 4102 mss.
582 4047 696 4104 codices
711 4048 900 4104 (tarnatensis
954 4045 1019 4101 babo
1035 4045 1092 4116 (sl.
1109 4061 1165 4100 ms.
1181 4045 1275 4114 titubo,
1302 4044 1437 4099 litamina
1460 4059 1565 4112 eornm,
1581 4043 1647 4115 quic
1661 4059 1775 4114 pravior

76 4115 313 4183 etSorbonieus,
351 4117 380 4173 ui
410 4134 460 4189 per
487 4121 547 4174 tros
574 4118 727 4175 columnas
747 4119 841 4175 deseri
866 4120 898 4187 ti,
952 4121 1088 4188 estqiioin
1114 4117 1212 4187 effusio
1239 4116 1505 4186 sangiiinia5neque
1529 4131 1679 4182 assumam,
1705 4117 1776 4184 etc,

74 4185 223 4257 triplicem
253 4134 490 4260 comqiiectuntur
512 4189 676 4246 versionem
702 4189 810 4246 Psalm.
840 4138 900 4247 fios
954 4205 1017 4260 quse
1033 4188 1204 4259 glossatoris
1219 4186 1337 4255 quidem
1353 4191 1382 4242 et
1395 4187 1594 4267 paraphrasis
1620 4185 1773 4268 ingenium

76 4262 180 4312 autem
197 4259 292 4330 spatio
307 4259 440 4316 indicant
466 4261 630 4317 absentiam
660 4264 724 4317 octo
748 4278 899 4328 versuum,
954 4259 1052 4333 potius
1068 4275 1156 4330 qiiam
1172 4257 1338 4340 interpretis
1352 4259 1480 4329 sapiunt.
1505 4261 1589 4313 Prior
1612 4260 1711 4313 tamen
1726 4256 1777 4313 ills

76 4344 208 4400 quorum
224 4330 382 4401 Apostolus
397 4332 512 4388 videtur
537 4332 707 4388 meminisse
727 4332 788 4388 iuli
811 4335 899 4390 istud
955 4347 1059 4388 sensus
1075 4332 1109 4386 de
1126 4328 1502 4401 multiplicatisdoloribus,
1514 4344 1572 4385 non
1586 4327 1684 4399 idolis,
1692 4344 1775 4400 sique

73 4404 226 4483 Romanos
240 4406 312 4483 (cup.
328 4419 370 4470 iii,
386 4418 457 4458 vers.
475 4404 509 4457 12
522 4415 607 4487 seqq.)
624 4420 630 4458 :
648 4409 676 4459 et
686 4404 711 4459 si
724 4351 901 4461 nibifenstet
919 4440 942 4505 D
957 4403 1031 4458 bene
1046 4417 1080 4457 ex
1094 4403 1211 4457 llebreeo
1227 4407 1309 4484 testu
1324 4400 1450 4456 elicitur.
1535 4470 1540 4481 .

77 4471 254 4540 hujusmodi
269 4489 407 4530 versuum
418 4474 448 4528 in
462 4475 602 4530 Hebraico
614 4475 702 4543 tonte,
719 4492 814 4548 neque
824 4478 902 4549 apud
993 4475 1003 4509 ⁷
1019 4474 1050 4530 lu
1067 4479 1144 4529 recto
1159 4473 1248 4529 habet
1261 4473 1338 4528 idcin
1355 4488 1422 4537 ins..
1438 4472 1470 4526 lit
1484 4471 1560 4526 cotis
1573 4486 1661 4527 niens.

74 4542 154 4599 Lxx
175 4543 377 4613 translatores,
389 4546 439 4601 scd
456 4550 570 4602 tantum
585 4546 616 4600 in
633 4547 760 4603 editione
785 4548 908 4620 Vulgata
993 4546 1116 4602 ⁸Canon
1134 4543 1267 4601 licclesia
1282 4544 1425 4610 Carcass,
1440 4539 1647 4598 Plenitudi'nem
1663 4540 1780 4599 dicitiu-

74 4629 155 4686 quoe
170 4615 268 4670 Graece
290 4616 371 4686 κοινή
400 4616 507 4673 dieitur
530 4622 558 4674 et
582 4617 611 4672 in
634 4621 693 4674 toto
708 4620 778 4675 orbe
793 4619 907 4678 diversa
960 4617 1140 4674 rumlilanr.

74 4689 143 4742 erat
160 4684 905 4761 llisronymitempore,utipsetestaturinPrclat.
995 4689 1111 4745 ¹locus
1125 4687 1280 4760 insigniter
1295 4689 1426 4741 mutatus
1455 4700 1488 4741 ao
1517 4683 1692 4757 depravatus
1716 4686 1778 4740 tam

74 4756 132 4812 lib.
148 4772 196 4811 xvi
211 4760 374 4815 Commeat.
392 4760 421 4815 in
439 4759 545 4816 isaiam
576 4760 760 4833 proplietam.
788 4761 906 4820 Videsis
960 4758 989 4814 in
1005 4761 1103 4826 editis,
1119 4776 1208 4832 quam
1219 4759 1249 4814 in
1262 4774 1335 4813 mss.
1348 4757 1433 4813 libris
1448 4774 1455 4812 :
1472 4757 1571 4813 Conon
1586 4756 1780 4813 San-Germa·

73 4827 262 4908 eodemloco
280 4830 471 4887 Eustochium
487 4831 629 4904 virginem
646 4848 680 4887 ac
698 4833 905 4904 Hieronymum
960 4832 1071 4899 nensis,
1087 4836 1115 4887 et
1131 4831 1288 4886 Vaticanus
1302 4830 1396 4911 codes
1407 4844 1474 4883 cum
1497 4827 1665 4884 corbeiensi
1680 4827 1783 4953 legunt

73 4897 218 4956 Ecclesiae
233 4900 383 4958 doctorem
408 4902 443 4958 de
465 4901 532 4958 istis
557 4903 691 4959 versibus
706 4904 904 4976 disputantes.
961 4908 1058 4959 utnos
1072 4903 1229 4958 edidimus.
1247 4901 1308 4956 Duo
1323 4900 1371 4955 aiii
1388 4916 1418 4955 in
1434 4899 1513 4955 bunc
1529 4900 1651 4956 modum
1677 4915 1685 4954 ι
1731 4912 1782 4953 on·

74 4969 309 5028 Conscientiam
320 4973 364 5030 Jo.
381 4973 421 5028 ls.
439 4973 540 5029 bevitae
552 4975 688 5029 Germani
700 4974 905 5033 Defensionsm
959 4975 1037 5043 flocti
1050 4989 1102 5041 ine,
1117 4977 1143 5029 et
1158 4989 1212 5029 non
1227 4972 1361 5029 invenisti
1374 4971 1554 5040 cunctationes
1571 4987 1656 5027 mene.
1669 4969 1783 5027 Uinium

75 5041 214 5098 veritatis
233 5043 319 5099 Hebr.
337 5045 477 5101 adversus
501 5045 666 5101 Lindanum
692 5044 712 5099 l.
729 5064 749 5117 i,
774 5065 840 5122 pag.
859 5050 902 5104 iu.
959 5061 1017 5100 non
1032 5045 1193 5101 truniaissct
1208 5060 1237 5100 os
1252 5060 1343 5099 meam
1357 5043 1388 5098 in
1403 5057 1486 5110 opere
1501 5042 1657 5103 bominum:
1669 5041 1784 5163 propter

77 5111 180 5170 MART·
959 5117 1074 5172 uerbum
1095 5117 1235 5172 latiorum
1258 5123 1381 5177 tuorum,
1402 5116 1457 5170 etc.
1490 5111 1598 5184 Regius
1615 5126 1695 5168 ma:
1733 5123 1783 5163 on·

116 5185 128 5219 ⁸
145 5183 227 5239 idem
243 5185 426 5243 cisterciens.
440 5186 579 5242 timebunt
592 5186 784 5259 formidinem.
959 5190 1036 5258 flesti
1049 5193 1126 5243 meet
1141 5203 1197 5244 non
1217 5185 1349 5242 invenisti
1371 5181 1543 5256 cognitiones
1567 5197 1640 5238 nicus
1663 5179 1785 5262 transire

116 5255 128 5288 ⁸
143 5254 313 5329 Exscriptor
326 5257 437 5314 codicis
451 5257 584 5314 Vaticani
599 5258 669 5332 legit
683 5258 730 5314 hic
755 5259 822 5326 loci,
848 5277 906 5319 non
960 5274 989 5315 os
1004 5275 1094 5315 meam
1105 5258 1136 5313 in
1150 5274 1236 5331 opero
1248 5258 1403 5312 bominum.
1425 5260 1544 5323 Propter
1565 5253 1678 5308 cerium
1697 5249 1787 5331 tubic-

79 5325 163 5398 quod
179 5325 341 5394 invenerat,
356 5329 407 5384 sed
424 5329 501 5401 quod
518 5328 702 5403 intelligebat
717 5347 724 5386 :
737 5332 804 5400 Quis
822 5348 906 5404 perc-
960 5338 1156 5395 ruminatum,
1173 5334 1227 5385 etc.
1244 5326 1394 5384 Similiter.
1409 5325 1508 5382 Canon
1526 5326 1783 5404 'carcassonensis

78 5395 654 5527 pringggtnrz‘lngqrritoriotuozlttgar.h
676 5472 694 5528 b
715 5473 756 5529 Η
796 5474 816 5531 t·
960 5399 1329 5528 etms.MSorbonicus,his
1348 5397 1489 5469 exceptis,
1520 5410 1552 5448 in
1577 5409 1658 5466 opere
1687 5391 1783 5447 icini·

210 5486 233 5525 r.
286 5487 425 5528 nicrinus
445 5487 529 5528 corrii
584 5488 611 5528 m
658 5489 712 5528 ae
761 5489 904 5532 saionem
960 5490 1039 5530 num.
1085 5489 1150 5528 aar.

77 5537 184 5594 dixisti
197 5541 337 5613 prodici,
352 5541 381 5597 ld
406 5546 460 5609 est,
487 5491 574 5604 nigri
591 5545 718 5611 amarit,
733 5546 794 5603 sive
809 5563 906 5602 amur·
996 5545 1018 5580 ¹⁰
1033 5543 1104 5600 Mes.
1120 5548 1191 5607 tres,
1206 5541 1349 5599 scandisti
1363 5552 1416 5603 nie,
1431 5536 1509 5592 oeni.
1534 5537 1627 5618 ltaar.
1668 5604 1674 5617 .

78 5611 486 5682 asambrunensis.
511 5613 631 5685 Aliquot
654 5631 727 5672 mss.
756 5617 849 5673 Latini
865 5617 907 5673 le·
996 5618 1018 5652 ¹¹
1035 5605 1788 5689 llinorinumeroCisterciens.cod.mirabilemsoc

79 5684 171 5757 gunt,
188 5682 284 5741 Dicens
299 5690 365 5753 Deo,
381 5700 433 5757 pro
449 5685 514 5741 disi
527 5686 655 5743 Domino.
671 5687 764 5744 Mine.
959 5685 1184 5744 inisericordiam
1212 5694 1304 5753 tuum,
1326 5687 1356 5738 et
1384 5695 1452 5736 mox
1481 5694 1512 5734 in
1541 5678 1621 5737 ociitc
1637 5693 1690 5753 pro
1727 5688 1793 5738 tntu

78 5751 324 5829 -Aliqnotnisn
335 5758 438 5815 viceni
458 5757 525 5818 Deo.
545 5757 587 5816 De
601 5756 732 5829 Hebrus,
749 5774 812 5834 qua
827 5758 907 5817 varie
960 5758 1046 5817 ocuti.
