3870 6120
112 287 168 343 779
641 289 672 341 S.
691 287 896 342 nestorem
915 287 1041 343 ulvius
1058 285 1306 345 BIBLIOE‘HRGA.
1768 283 1818 343 iffi

113 413 240 470 Idumeae
250 411 290 485 (b.
306 424 357 483 per
368 408 443 465 viam
455 408 562 466 deserti
575 410 721 482 Idumee).
737 412 780 480 (Τ.
799 410 935 484 CXVIII.)
952 414 978 479 Α
996 409 1098 467 fictiles
1125 415 1322 481 remanerent,
1342 416 1372 469 st
1395 411 1580 470 clrcumdata
1608 413 1657 468 est
1683 409 1785 469 civitas
1804 429 1820 469 u

112 503 303 559 Perrexerunt
318 498 408 571 Igitur
423 514 473 555 rex
488 497 589 569 isreel,
606 504 635 555 et
650 516 700 555 rex
724 500 813 566 tuda,
836 505 866 556 et
888 516 939 556 rex
992 499 1214 568 fundibulariis,
1229 510 1259 558 ct
1281 516 1433 575 magnusx
1452 506 1538 575 parte
1562 516 1720 574 percussa.
1745 499 1819 565 Onod

110 593 212 660 Edem,
228 595 256 645 et
278 587 491 644 clreumierunt
515 605 566 661 per
589 588 631 660 (b.
657 605 713 645 neu
737 589 833 663 hebd)
856 589 936 645 viem
993 606 1060 646 cum
1073 590 1195 646 vidisset
1205 606 1255 647 rex
1264 589 1362 658 Moab,
1379 589 1569 663 prevaluisse
1581 589 1702 647 scilieet
1713 588 1818 663 hostes,

109 685 220 752 septem
236 677 362 746 dierum,
375 693 428 734 nec
443 681 506 734 eret
522 694 600 751 aque
614 679 767 749 exercitui,
780 684 809 735 et
820 681 937 751 jumen·
993 677 1065 735 tulit
1077 694 1176 735 secum
1193 678 1397 753 septingentos
1412 678 1489 736 viros
1504 679 1668 737 educentes
1682 677 1818 752 gladium,

109 769 147 825 tis
170 784 234 841 qne
258 767 462 838 sequebantur
486 782 536 823 eos
562 767 604 838 (b.
634 768 744 839 quibus
770 769 936 838 sedebent),
994 772 1027 824 ut
1041 768 1240 841 irrumperent
1253 767 1317 841 (ms.
1334 768 1529 842 inrumperet)
1542 769 1578 826 ed
1593 784 1697 841 regem
1723 768 1817 837 Edem,

109 857 246 930 DIxitqne
261 873 311 912 rex
326 855 415 912 Isreel
434 871 441 912 :
460 855 538 912 Ebeu
554 855 580 911 ¹l
598 859 788 930 congregavit
802 874 856 914 nos
881 857 939 914 Do·
993 861 1022 914 et
1034 873 1092 915 non
1103 861 1274 931 potuerunt.
1284 858 1492 932 lrripiensqua
1502 857 1597 916 lilium
1610 874 1701 915 snum
1714 857 1818 932 primo·

111 945 210 1003 miuus
225 946 265 1020 (h.
282 945 379 1002 Ebeul
395 945 534 1018 quoniam
561 946 675 1002 vacavit
698 945 854 1020 Dominus)
879 951 939 1004 tres
992 947 1138 1020 garritum,
1152 947 1203 1021 qui
1218 951 1396 1022 regnaturus
1410 952 1472 1005 erat
1485 964 1537 1021 pro
1552 964 1599 1016 eo,
1616 947 1727 1005 obtulit
1746 945 1817 1005 holo·

111 1052 205 1110 reges,
220 1040 253 1092 nt
266 1036 396 1092 traderet
408 1035 437 1090 in
454 1051 545 1092 manu
562 1034 658 1092 Moab.
672 1035 706 1091 Iit
721 1036 762 1092 ait
776 1036 938 1111 tosepbat:
994 1041 1130 1094 onustum
1146 1053 1235 1110 snper
1249 1042 1413 1105 murnmet
1428 1038 1504 1095 lecta
1518 1040 1564 1094 est
1578 1036 1748 1110 Indignatio
1762 1052 1817 1093 ma·

111 1126 200 1183 Estne
214 1124 262 1181 bic
278 1124 420 1199 propbeta
434 1124 563 1197 DomIni,
580 1130 613 1181 ut
627 1125 818 1198 deprecemur
839 1126 880 1197 (b.
908 1129 940 1183 ut
995 1143 1052 1200 gna
1080 1125 1111 1183 in
1136 1126 1237 1197 Israel,
1262 1126 1422 1199 statimqne
1448 1130 1639 1184 recesserunt
1668 1126 1707 1182 ab
1730 1130 1816 1194 eo,el

111 1214 313 1286 consulamus)
327 1213 481 1270 Dominum
494 1229 545 1286 per
555 1213 639 1270 eum‘l
652 1214 687 1270 Et
698 1215 851 1287 respondit
861 1232 940 1274 unus
994 1216 1104 1275 reversi
1119 1221 1190 1273 sunt
1204 1215 1233 1272 in
1249 1221 1357 1274 terram
1370 1232 1451 1273 suem
1465 1216 1508 1287 (b.
1524 1232 1584 1273 ncn
1600 1215 1713 1286 babet).

111 1301 252 1361 deservis
268 1302 345 1375 regis
369 1301 458 1359 Israel
476 1319 482 1357 :
501 1301 550 1358 Est
572 1302 621 1358 bic
643 1302 764 1359 Dlisaeus
788 1302 868 1361 filius
889 1305 940 1362 Sa·
1030 1305 1108 1378 (Cep.
1128 1305 1189 1377 IV.)
1213 1304 1317 1362 Mulier
1341 1309 1439 1363 autem
1463 1305 1598 1377 quedam
1623 1305 1662 1361 de
1684 1304 1816 1362 uxoribus

112 1392 194 1466 phut,
210 1391 261 1465 qui
277 1391 419 1447 tundebat
434 1390 463 1462 th
493 1390 580 1463 ludit)
596 1407 705 1465 aquom
721 1409 811 1466 super
832 1410 940 1452 menos
995 1394 1207 1468 prophetarum
1221 1393 1369 1453 clamabat
1383 1395 1420 1451 ed
1436 1393 1693 1463 Elisrenm,dIeens
1705 1399 1816 1453 :Servus

111 1481 187 1538 Dliae.
200 1480 232 1536 Et
243 1479 456 1552 sitlosephet:
475 1480 524 1535 Est
535 1481 611 1553 upud
624 1496 691 1537 eum
704 1498 800 1539 sermo
813 1483 940 1541 Domini,
995 1488 1065 1539 tuns
1081 1483 1125 1538 vir
1140 1499 1225 1540 meus
1240 1487 1376 1540 mortuns
1393 1488 1479 1553 cst,et
1492 1486 1524 1539 tu
1540 1483 1620 1540 nosti
1636 1484 1709 1555 quie
1724 1499 1815 1540 serens

111 1569 324 1642 Descenditqne
339 1570 375 1625 ad
391 1585 458 1625 eum
477 1586 524 1625 rex
540 1569 641 1638 Israel,
658 1575 687 1627 et
700 1571 844 1644 Josapbet
865 1573 889 1641 ¹,
912 1577 942 1630 et
995 1578 1065 1630 tuus
1082 1572 1136 1628 luit
1150 1573 1259 1630 timens
1274 1573 1448 1643 Dominum,
1461 1577 1490 1630 ct
1504 1588 1570 1629 ecee
1585 1572 1715 1629 ersdItor
1735 1570 1813 1643 venit,

111 1676 161 1717 rex
175 1659 277 1716 bidom.
293 1658 373 1715 Dixit
387 1664 485 1715 autem
500 1658 624 1716 Illisaeus
637 1661 673 1715 ad
690 1676 789 1733 regem
816 1660 907 1718 lsrael
930 1678 937 1717 :
997 1669 1030 1719 ut
1044 1662 1130 1721 tollat
1144 1664 1219 1720 duos
1232 1662 1309 1720 illios
1325 1680 1406 1720 meos
1422 1663 1458 1719 ed
1473 1662 1664 1719 serviendum
1679 1662 1748 1719 sibi.
1770 1659 1813 1719 (lui

112 1749 186 1816 Ouid
203 1747 276 1804 mihi
291 1757 319 1804 et
334 1748 385 1804 tibi
402 1747 461 1805 esti
472 1749 543 1804 sade
559 1750 596 1805 ad
613 1750 771 1823 propbetas
787 1751 880 1822 petris
895 1750 939 1808 tui
996 1752 1069 1808 dixit
1083 1752 1204 1808 IIIisaeus
1221 1768 1228 1806 :
1245 1751 1379 1818 Quidvis
1395 1757 1427 1808 ut
1442 1751 1547 1808 luciam
1561 1751 1640 1808 ribi?
1663 1751 1716 1808 Die
1738 1751 1810 1820 mibl,

113 1846 142 1898 et
157 1840 261 1896 metris
277 1844 346 1898 tuae.
365 1840 401 1895 et
415 1839 457 1895 eit
472 1838 513 1895 illi
530 1856 579 1896 rex
601 1839 689 1896 Isruel
716 1857 722 1897 :
749 1843 845 1906 Quare
871 1857 941 1898 con·
997 1841 1068 1914 quid
1084 1841 1174 1897 hebes
1190 1842 1220 1897 iu
1236 1842 1324 1898 domo
1340 1840 1412 1897 luet
1427 1843 1464 1897 At
1479 1840 1531 1897 illa
1553 1840 1710 1913 respondit
1733 1857 1740 1897 :
1763 1839 1812 1897 Nou

115 1930 244 2003 gregavit
258 1928 402 1985 Dominus
418 1933 479 1985 tres
495 1944 577 2001 reges
592 1928 700 1997 hos,ut
713 1931 878 1986 tradederet
892 1946 942 1987 eos
996 1931 1089 1987 babeo
1105 1929 1212 1987 cucilla
1227 1935 1278 1986 lua
1291 1929 1453 2002 quidquam
1469 1930 1498 1985 iu
1514 1929 1602 1986 domo
1618 1929 1761 1998 mea,ntei
1774 1944 1812 2001 pr·

115 2021 144 2076 iu
161 2035 269 2076 manns
282 2018 344 2091 (ms.
362 2018 464 2087 mann)
480 2018 580 2073 Illoab‘l
595 2017 733 2092 Dixitque
750 2020 785 2076 ud
801 2036 869 2076 eum
885 2021 943 2076 lili·
996 2037 1062 2077 rurn
1078 2018 1133 2077 olei
1148 2018 1261 2090 (ansi
1278 2019 1399 2092 lecythus
1412 2017 1485 2091 olei)
1497 2034 1556 2090 qno
1573 2034 1680 2092 unger.
1693 2017 1812 2090 (XCIX.)
1850 2060 1853 2095 ,

116 2107 286 2166 smuszt'ivit
300 2107 448 2164 Dominus
463 2107 657 2178 exercituum,
673 2109 703 2164 in
719 2110 805 2180 cujus
820 2125 944 2182 conspe·
997 2109 1048 2166 Cui
1061 2108 1100 2164 ait
1113 2126 1119 2165 :
1132 2108 1211 2165 Vade
1226 2113 1256 2165 et
1267 2116 1332 2179 (ms.
1344 2117 1370 2166 ct
1388 2109 1464 2181 Vulp.
1479 2111 1574 2165 luceret
1587 2111 1628 2178 etl
1645 2112 1712 2181 pete
1726 2110 1810 2164 mutue
1849 2102 1853 2131 ⁴

116 2204 164 2255 ctu
180 2201 225 2255 sto
240 2197 281 2270 (b.
304 2196 395 2270 steti),
420 2196 498 2268 quod
522 2196 548 2253 si
576 2213 634 2253 non
660 2197 774 2253 vultum
799 2197 946 2270 Iosophat
999 2198 1035 2254 eb
1051 2196 1191 2252 omnibus
1206 2196 1311 2253 vicinis
1325 2197 1386 2254 tuis
1402 2212 1579 2254 vassiacus
1595 2213 1657 2254 non
1673 2213 1772 2269 panon.
1788 2198 1811 2251 It

115 2287 192 2359 regis
205 2287 287 2343 lude
304 2286 520 2354 erubescerem,
537 2302 596 2342 non
613 2287 805 2343 attendissem
821 2288 943 2360 quidem
1000 2285 1312 2360 ingredere,etclende
1327 2287 1437 2343 ostium
1448 2290 1534 2343 tunm
1546 2286 1643 2356 ⁸;cum
1654 2287 1810 2344 intrinsecus

116 2382 154 2443 te,
170 2391 223 2433 nec
246 2375 451 2447 respexissem.
478 2373 562 2430 Nunc
586 2379 684 2431 eutem
711 2376 849 2433 adducite
873 2377 947 2442 mibi
1000 2375 1093 2432 lnerIs
1109 2380 1152 2445 tu,
1169 2379 1198 2432 et
1213 2375 1267 2432 tilii
1282 2375 1337 2444 tui,
1352 2380 1382 2432 et
1397 2374 1563 2432 mitteinde
1583 2375 1613 2430 ln
1638 2375 1738 2432 omnia
1759 2388 1810 2431 vest

119 2464 244 2538 psalten.
260 2467 392 2536 Cumque
408 2467 527 2520 caneret
540 2463 662 2535 pseltss,
687 2465 764 2521 lecta
789 2468 835 2522 est
859 2482 949 2538 super
1001 2463 1185 2531 bec,etcnm
1197 2463 1284 2537 plene
1294 2462 1414 2532 luerint,
1424 2463 1521 2520 tolles.
1536 2463 1703 2537 lvititaque
1716 2463 1808 2527 mulier,

119 2572 186 2612 cum
203 2570 309 2610 manus
324 2551 450 2622 Domini,
467 2559 495 2609 et
508 2553 655 2610 ait:liaeo
671 2553 742 2611 dicit
768 2553 946 2611 Dominus:
1002 2548 1807 2627 etolensitostinmsuperseetsuperlllinssuoszilli
1849 2576 1853 2589 ·

123 2644 221 2700 Facite
236 2641 351 2699 alveum
365 2641 505 2699 torrentia
520 2641 612 2714 hujus
628 2642 667 2711 lb.
684 2642 780 2700 Facite
802 2651 950 2701 torrentem
1003 2642 1165 2699 ollsrabant
1178 2659 1257 2714 vexa,
1273 2646 1302 2699 et
1317 2640 1369 2698 ille
1380 2641 1565 2699 infundebat.
1586 2646 1722 2715 cumque
1743 2640 1807 2713 plene

125 2734 209 2802 toric)
224 2732 320 2789 losses
335 2739 363 2788 et
385 2730 426 2796 lh.
451 2747 507 2788 nco
532 2731 612 2788 trebel
637 2733 754 2804 lessus).
780 2732 846 2788 Hero
869 2732 949 2790 enim
1004 2731 1130 2788 luissent
1143 2748 1223 2801 ease,
1239 2731 1316 2787 dixit
1327 2732 1363 2788 ad
1380 2730 1475 2787 illium
1489 2731 1679 2788 snumtrtffcr
1694 2730 1760 2788 mibi
1772 2727 1807 2785 sl·

126 2823 199 2879 dicit
213 2821 355 2879 Dominus
371 2837 379 2877 ε
396 2821 459 2877 Non
473 2820 612 2877 videbitis
628 2825 759 2892 ventum,
776 2837 870 2894 neque
885 2821 950 2893 pln-
1003 2819 1062 2877 hue
1076 2836 1137 2876 vas.
1154 2824 1186 2875 Et
1199 2817 1248 2876 ille
1270 2821 1422 2893 respondit
1446 2836 1454 2876 τ
1478 2819 1541 2877 Non
1568 2819 1674 2877 habeo.
1689 2820 1807 2892 Stetitque

129 2912 217 2981 viam,
231 2916 260 2968 et
275 2910 375 2967 alveus
389 2910 431 2982 (b.
447 2911 574 2981 torrens)
588 2910 644 2967 iste
667 2910 829 2984 replebitur
853 2909 949 2983 aquis,
1004 2906 1112 2964 oleum.
1127 2907 1215 2964 Venit
1227 2913 1324 2965 eutem
1347 2907 1408 2978 illa,
1431 2913 1461 2966 et
1486 2907 1629 2966 indicavit
1651 2907 1761 2966 homini
1777 2905 1806 2976 (l.

128 3006 158 3060 et
171 3000 278 3057 bibetis
291 3006 385 3067 vos,et
397 2999 514 3055 lomiliee
528 3004 641 3070 vestrm,
656 3004 686 3056 et
696 3002 830 3071 jumenta
844 3005 950 3056 vestra.
1005 2997 1081 3066 viro)
1095 2996 1157 3054 Dei.
1173 3001 1207 3053 Et
1220 2995 1280 3069 ille,
1295 2996 1386 3065 Vade,
1401 2996 1499 3070 inquil
1512 2998 1573 3070 (ors.
1590 2998 1658 3054 edd.
1672 3000 1722 3069 st),
1736 2993 1807 3055 verit

128 3091 296 3161 Parumque
311 3089 365 3145 boc
382 3088 423 3161 (b.
439 3093 468 3144 et
483 3089 552 3157 teve)
567 3094 613 3146 est
625 3090 655 3144 in
668 3094 827 3163 conspeetu
852 3088 892 3157 th.
920 3088 950 3145 in
1004 3085 1113 3158 oleum,
1129 3091 1158 3143 et
1173 3087 1261 3143 redde
1274 3087 1410 3144 creditori
1425 3092 1476 3144 tuo
1502 3105 1509 3144 :
1534 3092 1566 3143 tu
1590 3096 1703 3157 antem,
1726 3091 1753 3145 et
1769 3081 1807 3141 lilii

127 3180 229 3250 oculta)
239 3178 490 3250 DominI‚insuper
499 3178 692 3234 tradetetism
705 3178 791 3236 Moab
800 3179 830 3235 in
843 3160 985 3236 mannsC
1005 3175 1048 3231 tui
1063 3175 1149 3233 vivite
1164 3177 1200 3232 de
1214 3175 1337 3249 reliquo.
1353 3175 1397 3246 (Τ.
1423 3175 1532 3248 CXXI.)
1556 3176 1645 3234 I‘ecta
1666 3181 1712 3233 est
1733 3179 1807 3233 auem
1844 3166 1853 3253 j

123 3277 235 3326 vestras
250 3272 313 3337 (ms.
331 3283 419 3322 rnsnu
439 3266 557 3339 vestra).
581 3267 616 3322 Et
638 3268 807 3340 percutietis
829 3285 948 3326 ornnem
1003 3264 1273 3337 (insonuisset
1297 3265 1441 3321 trsnsibet
1466 3264 1589 3322 Elisseae
1613 3280 1666 3338 per
1688 3269 1805 3322 sunum:
1849 3270 1853 3279 ’

123 3357 270 3414 civitatem
287 3356 445 3423 munitam,
460 3360 489 3412 et
503 3372 620 3412 omnem
637 3357 740 3412 urbem
762 3356 895 3425 electam,
920 3361 950 3416 et
1002 3358 1064 3411 crat
1080 3357 1177 3412 autem
1193 3354 1234 3410 ibi
1250 3353 1357 3410 mulier
1372 3369 1488 3426 magne,
1503 3370 1568 3426 qne
1582 3355 1681 3412 tenuit
1695 3371 1766 3424 eum,
1782 3353 1806 3408 nl

122 3447 293 3504 universum
310 3444 424 3518 lignum
439 3445 623 3501 tructilerum
639 3446 948 3517 succidetis‚cunctos·
1002 3444 1166 3500 comederet
1180 3459 1297 3517 panem,
1313 3458 1440 3516 eumque
1454 3444 1623 3516 trequenter
1636 3444 1705 3501 inde
1718 3438 1805 3501 irenei⁴

122 3552 179 3608 quo
192 3536 287 3591 tontes
300 3550 445 3605 aqueruru
460 3533 649 3603 obturabitis,
663 3540 692 3592 et
707 3551 825 3592 omnem
841 3552 945 3609 ugrum
1000 3537 1056 3604 ret,
1070 3533 1234 3590 divertebet
1247 3533 1284 3589 ad
1298 3549 1374 3603 cem,
1390 3536 1424 3588 ut
1437 3533 1603 3589 comederet
1618 3549 1734 3605 panem.
1755 3531 1803 3596 Dee

121 3625 270 3697 egregium
287 3622 426 3695 operietls
441 3621 600 3695 lapidibus.
622 3623 664 3695 (T.
690 3623 797 3696 CXIX.)
824 3624 945 3682 Factum
1000 3621 1074 3678 dixit
1089 3622 1124 3678 ad
1141 3621 1237 3678 virum
1253 3637 1341 3677 suurn
1358 3636 1365 3676 :
1382 3620 1592 3677 Animadverte
1608 3623 1687 3694 quod
1712 3614 1802 3677 virosi

120 3720 165 3771 est
180 3714 272 3788 igitur
286 3729 383 3781 mane,
400 3713 518 3784 quundo
543 3713 721 3769 sucrificium
741 3715 837 3771 offerri
858 3715 945 3782 solet,
1000 3713 1120 3766 sanctus
1134 3714 1180 3766 est
1198 3711 1265 3778 iste,
1288 3709 1339 3782 qni
1362 3710 1470 3766 trensit
1491 3726 1542 3783 per
1566 3727 1621 3768 nos
1648 3712 1802 3783 frequentat.

120 3809 149 3860 et
163 3818 229 3860 eece
244 3820 326 3876 aque
341 3802 497 3859 ventebant
512 3818 563 3875 per
577 3803 652 3858 viem
669 3803 772 3872 Edem,
789 3808 818 3860 et
834 3804 946 3876 repleta
1000 3799 1153 3856 Faciamus
1168 3815 1237 3872 ergo
1250 3798 1435 3855 roenaeulum
1449 3815 1582 3872 parvum,
1594 3805 1625 3857 et
1638 3797 1804 3873 ponemusel

120 3900 165 3951 est
178 3898 255 3949 terra
271 3892 368 3964 equis.
384 3890 516 3948 Universi
529 3895 628 3948 eutem
644 3891 945 3960 Iloabitae,audisnlee
998 3888 1029 3944 iu
1045 3904 1079 3945 eo
1095 3888 1248 3957 lectulum,
1264 3893 1292 3944 et
1307 3904 1452 3955 mensem,
1467 3892 1496 3945 et
1510 3887 1626 3957 sellem,
1642 3895 1670 3946 el
1688 3885 1802 3947 mndata·

121 3982 199 4056 quod
214 3982 418 4039 ascendissent
432 3995 526 4053 reges,
543 3989 574 4038 ut
598 3986 765 4055 pugnarent
789 3982 943 4040 adversum
998 3979 1208 4044 brum,utoum
1221 3977 1334 4034 venerit
1346 3978 1382 4034 sd
1398 3993 1463 4048 nos,
1475 3983 1594 4035 maneat
1609 3978 1662 4037 ibi.
1679 3982 1760 4037 Fects
1769 3973 1804 4032 eal

119 4088 180 4142 eos,
196 4075 430 4128 convocaverunt
440 4086 544 4127 ornnes
554 4068 605 4143 qui
615 4070 737 4128 accincti
753 4076 837 4128 erant
847 4071 943 4129 balteo
997 4066 1088 4140 igitur
1102 4067 1165 4124 dies
1180 4066 1327 4140 quedam,
1343 4072 1372 4124 et
1386 4067 1506 4124 veniens
1523 4067 1643 4124 divertit
1656 4067 1688 4125 in
1699 4078 1808 4126 trenaee·

118 4161 254 4235 desuper,
269 4163 298 4216 et
313 4158 502 4216 steterentin
517 4159 664 4216 terminis.
681 4158 837 4232 Primoque
856 4175 943 4218 mene
997 4155 1071 4225 lum,
1087 4160 1116 4212 et
1130 4156 1273 4229 requievit
1296 4155 1349 4211 ibi·
1374 4155 1510 4229 Dixitque
1533 4156 1570 4212 ed
1595 4156 1675 4214 Giezi
1700 4166 1805 4230 puerum
1838 4162 1841 4169 '

116 4258 281 4324 surgentes,
296 4252 325 4306 et
339 4252 403 4304 orto
414 4249 477 4320 jein
498 4248 559 4305 sole
583 4263 618 4304 ex
641 4248 762 4306 adverso
785 4265 942 4322 equarum,
997 4261 1086 4302 enum
1101 4262 1108 4302 ε
1124 4243 1202 4302 Voce
1214 4245 1386 4302 sunamiten
1401 4245 1500 4301 istem.
1520 4245 1575 4313 Qui
1600 4262 1668 4303 cnm
1684 4242 1809 4318 [secuml

115 4337 394 4395 videruntldoebilm
405 4353 420 4393 e
431 4341 533 4393 contre
547 4354 640 4409 equas
655 4337 760 4394 rubras
777 4338 860 4410 qnesi
877 4356 944 4395 san·
995 4349 1072 4403 earu,
1088 4338 1118 4389 ot
1132 4332 1183 4389 ille
1197 4333 1327 4389 stetisset
1349 4348 1446 4389 eorum
1466 4349 1512 4401 eo,
1536 4331 1611 4389 deit
1635 4334 1671 4390 ud
1698 4344 1806 4408 puerum

113 4426 445 4499 guinem,dixeruntque
457 4425 601 4498 :Sanguis
617 4431 662 4482 est
676 4425 779 4500 gledii,
792 4443 941 4500 pugnave-
995 4439 1084 4479 suum
1099 4423 1162 4495 (ms.
1179 4429 1249 4479 tecet
1262 4424 1362 4491 suum)
1379 4438 1386 4476 :
1404 4421 1532 4494 Loquere
1547 4421 1584 4478 ad
1611 4438 1678 4480 eam
1705 4442 1712 4480 :
1739 4427 1806 4490 Bect,
1849 4450 1853 4469 ι

112 4520 182 4572 runt
198 4531 281 4588 reges
295 4519 392 4572 contro
406 4529 435 4571 se
449 4514 491 4587 th.
517 4531 576 4571 non
599 4515 698 4589 babet)
723 4520 752 4572 et
777 4515 842 4573 cesi
870 4521 941 4575 sunt
956 4536 979 4603 Ι)
994 4510 1097 4569 sedulo
1112 4511 1144 4567 in
1159 4510 1298 4567 omnibns
1313 4509 1490 4567 miuIstresti
1505 4511 1603 4581 uobis,
1627 4511 1701 4586 qnid
1725 4512 1767 4569 vie
1783 4511 1810 4567 ut

113 4609 227 4672 mutuo,
239 4619 317 4659 nunc
333 4620 420 4676 perge
435 4604 471 4659 ad
488 4604 940 4677 predum,lloab.Perrexerunt-
997 4601 1100 4658 faciam
1117 4598 1191 4656 tibi?
1204 4598 1349 4672 numquid
1369 4598 1461 4657 hebes
1483 4599 1647 4672 negotium,
1670 4604 1701 4658 et
1722 4601 1764 4659 via
1784 4599 1812 4656 cl

112 4709 169 4764 que
184 4693 213 4748 iu
226 4696 322 4748 castra
337 4690 449 4748 Israel:
467 4708 553 4765 porro
569 4709 754 4766 consurgens
770 4693 858 4750 isreel
874 4711 940 4768 per·
994 4689 1100 4763 loquer
1115 4687 1188 4760 regi,
1203 4688 1263 4744 sive
1278 4687 1404 4760 prInpri
1420 4685 1553 4744 militie?
1566 4690 1637 4754 Ques
1650 4685 1810 4762 respondit:

112 4781 205 4838 cussit
218 4779 303 4836 Moeb
320 4796 327 4834 ε
342 4788 371 4836 at
386 4781 449 4852 (ms.
466 4781 506 4852 et)
531 4780 572 4837 illi
599 4785 739 4854 legerunt
764 4797 861 4839 coram
885 4783 939 4842 els.
995 4780 1027 4836 In
1041 4778 1138 4836 medio
1153 4775 1254 4850 populi
1269 4776 1327 4833 mei
1342 4776 1453 4833 habito.
1463 4777 1499 4834 ut
1512 4777 1555 4834 ait
1565 4793 1573 4834 ε
1585 4777 1662 4844 Quid
1678 4795 1747 4854 ergo
1759 4771 1812 4834 ruit

110 4870 260 4927 Venerunt
270 4867 361 4941 igitur
372 4869 423 4941 qui
432 4868 611 4939 vicerant,et
622 4875 832 4942 percusserunt
842 4871 939 4946 Moab,
995 4873 1028 4923 nt
1039 4867 1144 4923 luciam
1160 4864 1209 4921 ei?
1224 4865 1361 4937 Dixitque
1375 4864 1452 4922 Giezi
1470 4882 1476 4922 :
1493 4864 1535 4921 Ne
1550 4881 1667 4937 queres
1694 4885 1702 4925 ε
1727 4866 1808 4923 filium

110 4963 139 5017 et
154 4959 286 5016 civitates
302 4957 523 5026 destruxerunt,
541 4964 570 5015 st
590 4974 708 5017 omnem
734 4975 838 5033 agrum
862 4962 940 5033 opti·
993 4956 1070 5014 enim
1086 4972 1144 5011 non
1160 4955 1259 5021 hebet,
1285 4958 1314 5013 et
1334 4953 1378 5010 vir
1399 4955 1465 5026 ejus
1487 4970 1574 5011 senex
1599 4960 1655 5013 est.
1682 4951 1810 5028 Praecpit

111 5066 204 5121 mum,
226 5047 377 5104 mittentes
401 5045 512 5118 singuli
536 5046 663 5120 lapides,
687 5048 884 5120 repleverunt,
910 5054 939 5107 et
993 5045 1102 5115 itaque,
1120 5047 1283 5100 utrocaret
1297 5058 1374 5115 eam,
1394 5059 1459 5115 qne
1482 5059 1549 5099 eum
1574 5048 1679 5103 vocata
1703 5046 1812 5108 luisset,

110 5137 265 5198 universos
280 5135 375 5192 lentes
389 5148 532 5204 aquarum
548 5137 770 5204 obturaverunt,
786 5141 815 5192 et
837 5137 938 5195 omnia
992 5138 1021 5191 et
1045 5131 1179 5188 stetisset
1194 5134 1228 5188 ud
1243 5131 1330 5204 (Vale
1357 5133 1437 5206 ante)
1452 5133 1573 5201 ostium,
1589 5133 1665 5191 dixit
1679 5135 1718 5193 ad
1732 5147 1813 5193 eum:

109 5225 189 5303 ilgnn
204 5225 352 5284 lrnctilera
367 5222 569 5295 succiderunt,
593 5223 635 5280 ite
659 5228 693 5281 ut
716 5223 794 5281 muri
817 5229 936 5283 tuntum
991 5224 1036 5296 (T.
1053 5221 1173 5293 CXXII.)
1188 5222 1219 5276 Iu
1244 5227 1375 5293 tempore
1398 5221 1455 5278 isto
1479 5223 1500 5292 ⁸,
1525 5224 1555 5278 et
1580 5223 1610 5278 in
1638 5223 1696 5281 bae
1718 5224 1813 5283 eadem

143 5409 151 5445 r
178 5408 232 5464 Hie
255 5420 373 5480 quoque
391 5407 437 5459 ter
459 5403 546 5473 utcu,
572 5418 642 5460 curn
665 5400 800 5476 vulgetis
829 5404 935 5478 repetit
1026 5397 1142 5461 ³.Vacat
1156 5399 1235 5452 tuum
1247 5394 1277 5452 in
1289 5395 1452 5453 Veronensi
1464 5396 1558 5454 maed
1576 5397 1713 5459 Hebreioi
1726 5416 1818 5462 axem·

106 5479 264 5537 veronens·
282 5495 339 5535 mg·
356 5475 455 5533 mim„
472 5474 556 5531 bene·
989 5468 1079 5543 pteris
1094 5467 1280 5540 aliorumque
1295 5468 1438 5526 librorum
1452 5484 1599 5526 normam.

141 5552 153 5586 ¹
168 5551 288 5607 Addunt
302 5547 421 5623 Vulgati
436 5562 487 5605 rec
500 5545 582 5612 tede,
598 5561 662 5618 que
675 5545 764 5603 verba
787 5548 877 5607 Hebe,
904 5552 935 5607 et
1010 5543 1036 5622 ‚t
1048 5544 1133 5624 Forte
1147 5540 1289 5612 scripturo
1307 5540 1472 5598 habebatur
1485 5539 1516 5596 in
1531 5539 1646 5600 scholio
1663 5542 1724 5604 isto
1739 5562 1821 5606 mer·

105 5621 338 5695 Hieronymiens
353 5619 497 5679 versionis
511 5634 568 5676 ms.
584 5616 732 5692 ignorent.
988 5612 1090 5686 Sintiis
1107 5616 1138 5671 5⁸
1151 5616 1273 5686 “mli'‘
1286 5614 1370 5679 ”iiiii
1395 5611 1529 5672 effidem
1554 5613 1635 5673 “nim
1652 5618 1822 5695 militm
