3870 6120
78 292 122 352 aa
676 290 868 353 errarem
891 291 1210 354 nenecesronn.
1375 260 1377 267 ’
1757 294 1798 355 ac

83 423 155 485 sibi
176 423 395 505 gratulentur,
419 423 505 505 quod
527 423 560 485 in
585 430 614 484 te
637 422 771 485 babeant
793 422 928 485 scribam
952 422 1078 486 doctum
1103 424 1137 484 in
1159 443 1257 505 regno
1279 425 1436 500 celorum,
1460 425 1553 505 cujus
1581 425 1728 487 voluntas
1754 425 1799 486 sit

78 525 113 584 in
128 523 205 604 lege
218 522 353 585 Domini
367 524 425 584 diu
440 529 592 604 noctuque
607 522 801 584 meditanda.
818 522 902 584 Nam
917 523 999 584 urrde
1013 522 1073 584 tibi
1088 543 1145 583 non
1160 523 1219 583 illa
1239 529 1301 585 toto
1324 525 1389 600 qam
1418 524 1490 586 orbe
1501 525 1700 607 percelebris,
1731 528 1795 588 Do·
1898 530 1901 557 ²

82 640 152 682 mus
167 622 308 684 Romani
321 621 493 698 pontificis,
510 623 624 683 domna
644 629 692 683 ast
708 621 906 700 egenorum?
919 620 962 682 Et
978 621 1089 682 iterum
1105 621 1147 680 od
1164 621 1247 702 ipsos
1253 629 1408 704 pauperes
1423 624 1524 685 oculis
1535 631 1652 706 captos.
1671 628 1741 686 Non
1755 625 1794 684 ii-

82 719 242 781 bertatem
258 720 347 781 vobis
362 720 472 798 eripio,
487 720 542 780 sed
557 720 621 780 dux
636 720 693 780 vie
708 737 746 781 ac
760 728 863 781 vaatcr
875 720 985 781 oculus
999 737 1066 781 asae
1094 720 1177 781 volo.
1199 720 1295 793 Unde,
1313 721 1451 801 inquam,
1467 721 1642 784 Sanctitati
1656 729 1719 784 tun
1738 721 1798 784 lra-

79 815 224 886 jusmodi
239 838 338 897 voccs,
354 838 422 898 que
435 817 621 878 dulcissime
634 823 748 878 sonant
763 818 796 877 in
811 816 943 879 areribus
956 816 1105 879 Ecclesia
1116 818 1266 898 virginis,
1283 818 1347 879 nisi
1361 840 1396 878 cx
1410 821 1516 896 adytis
1530 827 1560 881 et
1588 820 1716 881 oracrelo
1750 820 1797 881 di·

80 915 229 976 cinorum
243 916 495 998 Scripturarum,
511 937 601 997 equo
616 936 785 977 sermonem
803 915 899 976 istum
913 913 1019 995 eloqui
1034 915 1216 976 didiceras.-
1233 917 1348 976 Oeulua
1364 917 1409 977 tui
1423 935 1518 992 emen,
1536 922 1568 979 et
1582 937 1637 997 pea
1665 918 1792 992 claudo,
1873 908 1876 913 ’

81 1019 276 1090 paterarum
295 1031 471 1094 pauperum
486 1012 556 1094 (Job
570 1031 658 1087 xxix,
676 1015 742 1093 ¹5.)
761 1013 859 1092 Quod
867 1013 949 1073 enim
964 1012 1002 1073 ab
1019 1013 1135 1079 rrrclyto
1151 1012 1209 1074 illo
1225 1012 1308 1074 inter
1322 1011 1504 1075 Orientales
1519 1015 1674 1096 quondam
1699 1014 1794 1096 prin·
1906 1036 1910 1041 ·

81 1108 148 1189 cipe
160 1108 281 1170 sciebat
294 1111 458 1172 actitatum
473 1110 630 1191 religioso
645 1110 855 1173 humanitatis
869 1110 996 1191 affectu,
1014 1111 1049 1171 id
1064 1112 1165 1193 ipsum
1189 1109 1351 1172 Sanctitas
1379 1117 1432 1172 tna
1461 1110 1531 1174 orbi
1550 1111 1622 1191 jam
1647 1110 1794 1173 unimrso
1898 1124 1904 1141 '

79 1205 246 1286 conspicua
263 1207 453 1268 imitandum
467 1207 532 1268 sibi
533 1209 714 1291 proposuit,
724 1209 940 1292 plurimorum
955 1208 1130 1290 largitione
1144 1229 1305 1270 marearum
1318 1208 1452 1271 membra
1471 1208 1600 1272 Christi
1608 1210 1790 1286 confovens;

84 1322 242 1384 vagosque
258 1305 411 1366 inducens
427 1306 461 1366 in
476 1306 585 1367 domos
598 1306 800 1389 pontificias.

124 1399 192 1461 Nec
205 1422 269 1462 rano
285 1408 408 1464 tantum
423 1402 632 1466 humanitatis
647 1425 684 1465 ac
697 1404 923 1466 misericordie
938 1403 1088 1483 beneficio
1107 1403 1283 1466 Ecclesiam
1323 1405 1388 1467 Dei
1414 1405 1592 1468 sublevasse
1617 1410 1793 1482 contentus,

84 1497 167 1572 Papa
182 1499 386 1581 venerabilis,
403 1521 507 1563 ornnes
522 1502 616 1563 ctiam
631 1502 747 1562 divites
762 1522 824 1563 ure
833 1511 983 1585 percusso
994 1511 1185 1585 premonere
1199 1503 1342 1583 voluisti,
1359 1522 1397 1564 nc
1423 1509 1583 1586 sperarent
1611 1503 1644 1564 in
1674 1502 1793 1564 incerto

85 1594 284 1678 divitiarum,
303 1599 408 1661 aliena
423 1601 683 1683 concupiscentes,
692 1600 828 1684 propria
844 1621 905 1662 non
919 1606 1098 1680 erogantes,
1114 1601 1243 1681 suisque
1258 1602 1291 1662 in
1300 1601 1465 1683 propriam
1472 1601 1646 1684 perniciem
1661 1599 1794 1669 abuten-
1898 1616 1903 1631 ¹

88 1696 127 1751 tes
136 1714 148 1767 ;
164 1694 254 1754 dieis
267 1697 350 1757 enim
363 1719 371 1758 :
384 1699 522 1760 Pecunia
536 1698 599 1761 iata
619 1718 683 1760 non
698 1700 738 1759 sit
753 1699 916 1761 nobiscum
932 1699 964 1759 in
979 1699 1166 1777 perditione.
1186 1698 1278 1776 Quid
1284 1698 1384 1780 plura
1398 1698 1411 1758 ἰ
1429 1698 1474 1760 Ut
1482 1698 1654 1761 exsultaret
1667 1695 1793 1759 eClrri·
1891 1752 1895 1757 .

88 1790 188 1850 stiana
203 1793 366 1876 republica
380 1797 626 1858 simulacrorum
640 1797 775 1858 servitus
790 1797 938 1877 avaritia,
954 1803 984 1856 et
997 1796 1183 1877 cupiditatis
1198 1797 1293 1857 radix
1307 1798 1445 1857 omnium
1469 1797 1634 1873 malorum,
1668 1796 1790 1857 decreto
1889 1868 1898 1877 ῃ

85 1887 251 1968 singulari
263 1893 379 1953 statuit
392 1894 577 1976 Apostolica
591 1901 645 1955 tua
664 1895 862 1971 sollicitudo,
879 1915 916 1955 ne
929 1894 1074 1975 deinceps
1090 1893 1213 1954 venalia
1226 1898 1331 1967 forent
1343 1895 1493 1974 judicum
1522 1892 1709 1969 tribunalia,
1738 1890 1797 1952 sed

91 1986 209 2066 igratis
226 1988 442 2052 tribuerentur
452 1992 562 2075 probis
577 1991 768 2071 bominibus,
784 1993 841 2074 qui
845 1992 944 2073 juxta
950 1997 1141 2074 preceptum
1155 1992 1354 2074 legislatoris
1361 1991 1522 2076 propbeta
1548 1989 1723 2070 constituti,
1738 1989 1794 2069 ju·
1879 2064 1883 2079 ·

88 2082 190 2147 dicent
204 2089 363 2170 populum
373 2090 461 2173 justo
473 2091 610 2173 judicio,
626 2092 730 2154 necin
747 2092 880 2154 alteram
896 2098 1018 2172 partam
1034 2092 1193 2153 declinent
1208 2110 1338 2153 munera
1363 2092 1562 2172 accipientes,
1593 2109 1664 2170 quae
1692 2106 1792 2151 exem-

86 2187 283 2250 cumoculos
298 2189 488 2269 sapientum,
504 2195 537 2251 et
554 2195 680 2252 mutant
694 2189 790 2252 verba
800 2189 961 2269 justornm
976 2188 1086 2267 (Dent.
1103 2190 1180 2270 xvi.)
1195 2189 1339 2251 Maxima
1354 2189 1460 2271 utique
1474 2189 1532 2251 boc
1557 2189 1791 2269 modoprnstas
1889 2190 1894 2199 “

85 2275 251 2361 largitatis
266 2307 304 2346 ac
318 2287 542 2366 munificentie
555 2308 700 2349 munera:
716 2306 895 2370 summoque
910 2285 943 2347 in
953 2286 1112 2365 Pontiflce
1126 2287 1279 2368 digniora
1294 2288 1346 2350 oie
1360 2288 1539 2349 desiderari
1547 2290 1682 2370 possunt
1695 2283 1788 2365 saei·

84 2393 168 2456 nora,
186 2381 256 2441 nisi
259 2384 351 2460 forte
363 2385 395 2444 in
410 2383 592 2447 innocentio
606 2384 686 2465 XII,
702 2385 758 2466 qni
772 2384 905 2466 quodam
911 2386 1102 2464 futurorum
1117 2383 1266 2447 bonorum
1282 2386 1442 2465 vaticinio,
1459 2386 1582 2446 neemeri
1595 2380 1788 2446 duodenarii

83 2476 212 2537 sortitus
227 2485 276 2539 est
290 2500 410 2562 nomen,
428 2488 463 2544 ut
477 2483 509 2543 in
524 2504 558 2544 eo
572 2483 702 2544 virtutis
716 2483 906 2565 Apostolicee
921 2481 1014 2562 quasi
1031 2481 1260 2563 plenitudinem
1285 2492 1409 2565 sperare
1423 2483 1513 2544 nobis
1528 2483 1647 2543 liceret.
1664 2478 1784 2562 Ecquis

84 2569 156 2631 civit
183 2574 244 2636 illo
272 2576 366 2639 lrodie
387 2580 591 2661 moderatius,
609 2582 675 2663 qni,
692 2579 842 2642 Ecclesiae
852 2579 1052 2662 proventibus
1069 2577 1297 2641 cnobilissima
1312 2581 1493 2662 Pignatelli
1497 2580 1631 2656 familia
1649 2587 1785 2661 prorsus
1899 2648 1902 2653 ³

84 2669 247 2754 abdicatis,
259 2676 399 2740 debitum
406 2679 594 2761 parantibus
605 2681 722 2741 amoris
730 2681 876 2761 affectum
889 2679 921 2740 in
927 2687 1080 2761 pauperes
1090 2684 1187 2740 totum
1197 2700 1234 2740 ex
1244 2680 1365 2741 decreto
1375 2683 1549 2752 transferre
1558 2677 1697 2740 curavit?
1707 2676 1787 2737 Per·
1902 2762 1905 2767 .

89 2787 213 2832 suasum
229 2782 336 2857 nempe
349 2776 413 2859 ipsi
415 2779 530 2855 suerat
543 2776 583 2838 ab
597 2775 803 2857 Hieronymo,
819 2777 959 2859 gloriam
972 2777 1107 2860 episcopi
1122 2777 1156 2838 in
1171 2797 1205 2840 co
1219 2779 1352 2839 maxime
1365 2777 1558 2851 collocatam,
1574 2777 1605 2838 si
1610 2784 1785 2860 pauperum
1876 2778 1896 2869 J
1913 2820 1915 2827 ·

88 2864 193 2948 inopie
207 2872 394 2952 providerit,
410 2894 464 2935 nec
473 2875 616 2958 propriis
630 2874 767 2936 studerit
780 2874 906 2936 diuitiis
920 2872 1036 2956 (Epist.
1053 2876 1096 2954 2).

122 2963 223 3047 Ergo,
241 2969 276 3031 in
291 2975 331 3050 te,
349 2970 525 3033 beatissime
539 2973 647 3053 Pater,
655 2973 760 3051 sactis
779 2971 953 3056 aequalibus
979 2980 1124 3054 expressa
1152 2973 1386 3055 dignoscuntur
1412 2991 1599 3054 quecunque
1632 2969 1785 3050 egregius

90 3058 215 3137 Doctor‚
232 3066 342 3128 divino
353 3069 569 3151 potiusquam
584 3069 740 3131 rethorico
755 3070 890 3149 afflatus
905 3070 1034 3152 spiritu,
1050 3071 1089 3132 de
1103 3070 1301 3152 abnegandis
1310 3079 1369 3152 pro
1388 3069 1522 3131 Clrristo
1537 3066 1710 3151 Nepotibus
1738 3065 1787 3128 nel

89 3156 282 3244 Nepotianis,
300 3186 355 3226 nec
368 3166 478 3228 seculi
491 3168 591 3228 lucris
607 3169 639 3228 in
654 3168 719 3229 Dei
733 3168 851 3229 militia
865 3169 1053 3250 querendis,
1060 3169 1342 3246 sancitiarissimos
1357 3188 1431 3230 suos
1444 3167 1562 3230 litteris
1577 3185 1700 3227 monere
1713 3183 1788 3225 con·

91 3259 186 3318 tendit
199 3260 320 3345 (Epist.
339 3267 367 3344 1,
383 3265 426 3343 2).
443 3265 525 3326 Nam
540 3265 735 3337 Hieronymo
750 3287 819 3327 cum
834 3265 1016 3328 Innocentio
1031 3287 1122 3348 quam
1137 3266 1209 3327 bene
1235 3266 1407 3346 conveniat,
1436 3265 1510 3326 binc
1535 3264 1672 3347 epistole
1695 3261 1790 3324 illinc
1883 3262 1889 3271 “
1912 3240 1915 3254 ’

92 3352 206 3417 decreta
222 3364 389 3423 testantur.
405 3362 513 3425 Solum
521 3365 657 3446 pietatis
670 3381 773 3445 genus
787 3384 854 3425 esse
868 3363 987 3442 volunt,
996 3374 1060 3446 per·
1070 3366 1224 3427 calcatum
1232 3371 1358 3447 patrem
1373 3366 1416 3426 ad
1430 3364 1577 3425 vexillum
1593 3364 1696 3423 crucis
1718 3381 1789 3422 evo·

91 3448 151 3512 lare
166 3475 178 3530 ;
193 3458 272 3518 etin
287 3460 615 3543 exstinctoparentnm
630 3462 746 3543 affectu
760 3463 903 3524 crudeles
917 3462 985 3524 dici
995 3462 1191 3543 gloriantur.
1214 3463 1343 3525 Tantam
1358 3483 1462 3524 rerum
1479 3461 1700 3542 verborumque
1712 3479 1788 3521 con·
1879 3502 1882 3507 -

91 3555 263 3615 sonantium
279 3557 552 3621 mirabanturalii
567 3561 599 3620 in
615 3560 749 3621 maximo
764 3560 943 3621 Doctoreet
958 3560 991 3621 in
1005 3581 1124 3622 summo
1139 3561 1316 3639 Pontistce:
1334 3561 1419 3643 apud
1433 3581 1488 3621 nos
1517 3560 1641 3641 quidem
1661 3557 1786 3637 justam
1887 3588 1892 3597 ·

92 3646 174 3709 babet
189 3655 416 3717 venerationem
430 3657 589 3740 quidquid
602 3657 751 3735 excellit;
768 3660 823 3720 sed
837 3658 1077 3720 admirationem
1092 3679 1153 3720 non
1166 3659 1277 3721 babuit
1291 3660 1421 3740 antiqua
1435 3679 1472 3719 ac
1485 3658 1645 3740 explorata
1661 3661 1787 3717 sancto-

91 3766 154 3807 rum
165 3751 305 3813 virorum
316 3756 489 3817 consensio.
501 3756 684 3818 Innocentio
694 3755 767 3819 XII
768 3757 875 3835 fidem
884 3757 1001 3819 scimus
1012 3758 1215 3839 predicatam
1225 3757 1436 3831 familiariter
1446 3756 1484 3817 ab
1494 3756 1699 3834 Hieronymo,
1711 3752 1786 3815 dnm

90 3844 151 3922 ejus
160 3856 380 3929 praecessorem
393 3852 451 3914 boc
465 3855 588 3916 nomine
600 3856 738 3925 primum
751 3855 970 3917 Demectriadi
990 3854 1123 3936 Virgini
1136 3856 1325 3936 sequendum
1342 3856 1386 3916 ita
1393 3856 1565 3939 proponit:
1584 3853 1664 3915 illud
1680 3858 1710 3913 tc
1733 3851 1786 3930 pio

89 3942 248 4010 charitatis
264 3950 378 4014 affectu
394 3954 651 4032 praemonendam
670 3961 757 4034 puto,
773 3960 810 4015 nt
821 3952 922 4016 sancti
936 3954 1123 4027 Innocenti,
1140 3955 1193 4034 qni
1208 3952 1391 4034 apostolice
1414 3953 1587 4026 cathedre,
1618 3956 1648 4011 ct
1677 3965 1787 4026 supra·
1881 4000 1885 4005 .

87 4040 156 4105 dicti
171 4047 233 4107 viri
248 4066 410 4112 anccaseor
424 4056 456 4112 at
470 4051 553 4114 filius
567 4058 624 4123 ast,
642 4057 750 4114 teneas
764 4053 857 4114 fldem
875 4069 882 4113 ε
899 4068 958 4114 nec
972 4052 1182 4132 peregrinam,
1197 4053 1340 4131 quamvis
1360 4051 1416 4112 tibi
1440 4050 1578 4130 prudens
1605 4045 1785 4126 callidaque

87 4139 228 4217 videaris,
245 4143 421 4209 doctrinam
440 4149 584 4229 recipias.
598 4148 711 4231 (Epist.
722 4151 767 4230 8).
783 4149 849 4210 Nec
863 4149 977 4210 mirum
992 4150 1076 4230 quod
1089 4149 1266 4211 Innocentii
1272 4149 1448 4231 predicata
1463 4149 1507 4208 sit
1512 4147 1603 4225 fides
1618 4143 1657 4205 ab
1679 4164 1714 4205 eo
1728 4143 1785 4225 qui

75 4237 173 4312 filius
189 4261 261 4320 ejus
274 4244 456 4307 declaratur
470 4247 504 4307 in
518 4246 651 4311 concilio
667 4246 866 4321 Milcvitano,
883 4244 938 4309 nbi
953 4267 1030 4309 noca
1044 4253 1074 4307 et
1088 4247 1220 4308 nimirem
1237 4247 1419 4328 perniciosa
1448 4243 1586 4325 heresis,
1609 4241 1784 4326 peregrina

81 4334 140 4395 illa
153 4338 292 4420 Pelagii
306 4341 453 4405 doctrina
468 4351 615 4407 eternum
631 4344 781 4406 damnata
795 4350 873 4406 crat.
889 4346 1113 4408 Verumtamen
1130 4345 1229 4407 multo
1244 4344 1363 4425 pluras,
1380 4344 1484 4425 inquit
1499 4341 1637 4411 synodus
1652 4338 1783 4404 Milesi-

80 4438 154 4493 tana
169 4436 263 4517 epist.
277 4439 321 4498 ad
335 4439 551 4504 Innocentium
558 4452 687 4525 papam,
705 4442 760 4522 qui
774 4443 841 4522 ejna
856 4460 964 4503 aansna
978 4442 1162 4521 diligendus
1175 4442 1327 4521 indagare
1341 4447 1526 4522 potuerunt,
1543 4441 1692 4502 adversus
1711 4454 1784 4499 aum

80 4549 137 4610 pro
155 4534 276 4596 Christi
290 4540 393 4616 gratia
403 4545 435 4602 at
448 4541 619 4604 Catholicae
634 4541 710 4603 ndei
724 4542 855 4603 varitate
869 4540 1061 4621 confligunt3
1080 4541 1134 4602 ced
1149 4541 1309 4622 precipue
1324 4545 1451 4603 sanctus
1467 4539 1550 4601 filius
1572 4544 1656 4612 tuns,
1688 4537 1786 4598 trater
1839 4624 1842 4629 .

79 4636 109 4690 et
124 4635 366 4715 compresbyter
380 4644 487 4700 noster
500 4639 722 4720 Hieronymus.

118 4729 224 4790 Plura
239 4735 371 4814 congeri
376 4736 569 4817 potuissent,
586 4737 785 4798 sanctissime
798 4735 907 4816 Pater,
937 4742 972 4797 ut
999 4758 1036 4797 ex
1054 4738 1129 4816 fide
1157 4757 1226 4818 sua,
1258 4743 1382 4798 tuorum
1402 4736 1663 4818 predecessorum
1677 4732 1783 4810 lande,

80 4846 116 4885 uc
129 4826 279 4891 Romana·
293 4832 377 4893 sedis
392 4835 738 4919 venerationcperpetua
757 4833 991 4916 acceptissimus
1018 4836 1103 4918 apud
1130 4842 1158 4896 te
1183 4835 1398 4911 Hieronymus
1426 4833 1602 4897 baberetur.
1631 4832 1680 4894 At
1706 4831 1785 4913 quid

81 4926 114 4984 in
129 4926 171 4987 iis
188 4931 388 4991 recensendis
411 4932 535 4994 diutius
566 4933 775 5014 immoremur,
804 4953 873 4994 cum
899 4933 1008 4994 audito
1036 4934 1103 4995 solo
1131 4935 1270 4996 doctoris
1298 4934 1401 4995 sancti
1428 4933 1553 4995 nomine
1579 4930 1784 4993 exsultantem

80 5029 292 5106 tepraesentes
320 5029 514 5112 conspiciant
526 5031 540 5091 l
571 5031 723 5093 Oblatum
751 5032 832 5092 enim
865 5031 1004 5114 Operum
1032 5030 1223 5104 Hieronymi
1251 5038 1358 5094 nostro
1387 5031 1494 5094 labore
1518 5032 1703 5092 adornatam
1727 5049 1785 5090 no·

78 5142 145 5181 cam
160 5124 331 5186 editionem
346 5132 408 5187 tam
437 5126 571 5210 benigne
597 5136 725 5211 tamque
747 5135 841 5211 grate
868 5131 1036 5213 suscepisti
1063 5135 1098 5191 ut
1139 5152 1208 5192 cum
1237 5132 1383 5193 restituto
1413 5153 1431 5191 a
1459 5129 1549 5192 nobis
1576 5128 1783 5204 Hieronymo,

76 5217 255 5283 Damasum
270 5223 303 5282 in
319 5229 372 5285 tna
393 5225 568 5287 Sanctitate
588 5227 763 5289 redivivum
779 5228 936 5289 invenisse
950 5228 1083 5289 multum
1097 5230 1305 5309 gaudeamus.
1322 5230 1440 5312 Accipe
1468 5228 1573 5309 igitur
1580 5221 1782 5309 pretiosissi-
1801 5218 1804 5223 ’
1898 5284 1909 5299 .

76 5338 160 5378 num
189 5321 394 5403 antiquitatis
420 5343 518 5387 sacre
542 5331 784 5406 monumentum,
813 5325 946 5388 Eusebii
968 5326 1159 5396 Hieronymi
1186 5327 1339 5389 Divinam
1381 5326 1610 5389 Bibliothecam
1651 5319 1783 5382 antelroc

77 5417 233 5479 ineditum
247 5440 258 5495 ;
274 5422 411 5502 etquasi
423 5422 775 5498 florenteadlrucotate
793 5425 832 5486 de
864 5423 978 5488 Gallia
1008 5425 1139 5490 Romam
1163 5427 1339 5488 redeuntem
1354 5426 1571 5488 doctissimum
1600 5419 1702 5481 virum
1729 5418 1783 5482 bi-

75 5513 142 5574 lari
156 5514 247 5576 multu
274 5518 466 5600 amplectere.
490 5519 630 5582 Multam
659 5541 762 5583 secum
792 5521 895 5599 defert
928 5522 1222 5607 interpretationum
1249 5524 1421 5607 Scriptura
1435 5539 1531 5584 sacre
1544 5517 1781 5605 supellectilem,

73 5631 145 5694 que
160 5617 329 5696 temporum
343 5616 467 5697 injuria
489 5615 580 5679 nobis
605 5619 732 5682 omnino
752 5619 886 5705 periisse
913 5621 1130 5685 credebantur.
1158 5622 1225 5686 Nec
1251 5623 1320 5684 sine
1346 5627 1425 5682 nutu
1453 5616 1561 5678 divino
1597 5623 1784 5692 factumest
