3870 6120
104 172 160 231 aaa
224 214 227 219 .
623 178 655 232 s.
675 174 881 233 arnaournr
898 142 1293 231 ernaa'arnnrcrnnca.

142 307 169 358 at
184 300 351 372 mirabitur,
367 305 393 357 et
410 299 582 358 dilatabitur
596 316 647 358 eor
659 305 757 369 tuum,
946 305 974 371 Α
990 297 1130 358 ilinimus
1144 298 1200 356 erit
1212 297 1245 355 in
1259 297 1351 356 milla.

108 376 230 443 Quando
245 389 385 431 conversa
399 373 487 427 luerit
501 373 537 428 ad
552 377 582 428 te
597 373 755 430 multitudo
770 372 873 446 maris,
1024 377 1055 428 et
1065 370 1205 442 parvulus
1218 370 1247 426 in
1267 377 1385 444 gentem
1401 371 1618 433 senissimum:

145 447 286 502 tortitudo
302 445 432 517 gentium
447 444 560 500 venerit
573 446 640 501 tibi.
985 444 1046 515 Ego
1063 444 1204 499 Dominus

109 517 264 575 Inundatiu
280 515 456 572 camelorum
472 517 584 588 operiet
599 523 637 583 te,
1021 516 1052 570 in
1066 518 1196 586 tempore
1210 514 1275 581 alus
1290 513 1390 570 subito
1405 514 1511 571 iaeiam
1526 515 1620 573 istud.

144 588 317 646 dromedarii
335 587 450 643 Madian
465 593 494 643 et
509 588 607 660 lipba3
986 585 1065 659 (Cap.
1081 586 1160 651 LXI.)
1176 585 1301 656 spiritus
1317 586 1432 642 Domini
1443 589 1497 659 (ll.
1512 588 1576 644 cdd.
1588 588 1814 662 Dailsuparms,

109 660 215 717 Omnes
231 660 267 715 dc
280 660 356 715 Saba
371 659 498 725 venient,
1057 674 1090 713 eo
1106 658 1182 727 quud
1202 659 1316 713 unxerit
1331 657 1474 717 Dominus
1489 676 1554 716 me:

144 747 247 787 aurum
265 735 294 785 at
307 732 377 786 tbus
392 732 568 798 deierantes,
1022 730 1059 785 ad
1075 727 1313 785 annuntiandum
1329 731 1490 787 mansuetis
1504 731 1590 789 misit
1600 746 1661 789 ms.

143 807 172 858 ct
187 802 303 859 laudem
324 803 445 858 Domino
459 802 678 858 annuntiantes.
1023 810 1054 857 ut
1070 801 1202 856 mederer
1216 801 1349 856 contritis
1364 803 1461 873 corda,

107 874 198 931 Omna
214 889 303 946 pecus
318 873 411 929 Gedar
426 872 655 946 congregabitur
667 872 732 928 tibi.
1022 877 1052 928 et
1064 873 1251 944 predicarem
1267 873 1388 943 captivis
1403 872 1637 947 indulgentiam,

143 947 247 1002 anates
262 946 405 1018 Nabajotb
422 945 636 999 ministrabunt
651 944 714 1013 tibi,
1022 949 1051 999 et
1065 943 1174 1000 clausis
1189 946 1384 1015 apertionem:

107 1017 271 1075 Oliercntur
286 1034 376 1090 super
391 1017 525 1088 placabili
542 1017 627 1072 altari
643 1033 718 1084 meo,
988 1016 1024 1073 Ut
1039 1017 1228 1090 praedicarem
1245 1016 1298 1087 [ll.
1314 1016 1350 1071 iit
1368 1017 1588 1090 annuntiarem]
1613 1034 1725 1075 annum
1751 1017 1807 1091 pla·

142 1100 168 1143 at
186 1090 306 1145 domum
324 1088 488 1159 maJeatalis
504 1105 573 1143 meae
589 1086 765 1154 glorificabo.
1058 1087 1180 1143 cubilem
1197 1089 1330 1154 Domino,

105 1161 159 1226 Qui
176 1166 245 1215 aunt
260 1161 320 1230 isti,
336 1164 386 1232 qul
404 1169 433 1215 ut
449 1161 542 1216 nubes
557 1161 665 1225 volant,
1022 1164 1051 1215 st
1066 1159 1143 1214 diem
1161 1159 1280 1214 ultionis
1297 1158 1355 1214 Deo
1367 1164 1468 1215 nostre
1484 1176 1492 1216 :

143 1239 171 1288 at
186 1232 270 1303 quasi
288 1230 432 1288 columbae
446 1232 481 1287 ud
500 1234 643 1287 fanestras
659 1228 751 1286 suasi
987 1231 1024 1288 Ut
1039 1231 1212 1287 cononlarer
1225 1245 1327 1286 omnes
1342 1229 1493 1302 lugentes:

105 1310 150 1364 bie
162 1304 241 1359 enim
257 1302 360 1365 insulae
375 1304 584 1376 exspectabunt
601 1303 653 1374 lli.
670 1306 843 1374 expectant),
1024 1308 1056 1357 ut
1066 1317 1204 1374 ponerem
1219 1301 1388 1374 lugentibus
1402 1302 1483 1371 Sion,

145 1382 174 1431 et
190 1392 281 1431 naves
297 1376 387 1431 marie
402 1376 431 1431 in
446 1375 600 1446 principio,
1023 1379 1052 1431 et
1067 1377 1167 1430 darem
1184 1374 1226 1428 eia
1241 1389 1378 1430 eoronam
1395 1390 1446 1446 pro
1462 1376 1573 1441 cinere,

143 1452 177 1503 ut
192 1448 335 1502 adducam
352 1446 428 1503 tilios
444 1453 510 1502 tuos
525 1447 561 1502 de
576 1447 684 1518 longe;
1024 1444 1120 1501 oleum
1135 1443 1233 1515 gandii
1249 1461 1300 1516 pro
1315 1445 1409 1510 luctu,

106 1520 267 1592 Argentum
283 1534 393 1590 eorum,
410 1524 439 1574 et
452 1535 555 1573 ararum
572 1533 673 1572 eorum
689 1533 756 1572 cum
772 1515 836 1584 eis;
1025 1516 1144 1588 pallium
1165 1517 1262 1573 laudis
1277 1533 1329 1587 pru
1343 1517 1448 1587 spiritu
1464 1517 1621 1575 maeroris:

142 1590 253 1672 nemini
283 1590 396 1646 Domini
413 1592 463 1647 Dei
490 1590 546 1659 tui,
563 1596 592 1647 et
619 1594 722 1645 sanctu
738 1588 839 1656 lsrael,
864 1586 934 1659 quia
988 1594 1023 1645 Et
1036 1590 1219 1672 vocabuntur
1231 1589 1263 1672 in·
1276 1603 1310 1671 sa
1325 1589 1561 1672 tortesjuatitias,

105 1734 140 1791 n
155 1661 406 1789 ,llllittlllt
424 1732 642 1805 peragerent.
660 1736 854 1800 muneras,
950 1658 1595 1815 ¹³ntttltltdtltttltiliam·

141 1809 171 1862 ct
185 1821 265 1876 reges
278 1822 375 1862 eorum
387 1806 598 1861 ministrabunt
610 1805 663 1861 tibi
676 1824 684 1874 3
1025 1809 1054 1859 et
1068 1804 1169 1859 ruinas
1184 1804 1321 1874 antiquae
1335 1808 1457 1876 erigent,

107 1878 311 1950 indignatione
326 1879 404 1933 enim
422 1894 488 1933 mes
503 1877 636 1948 percussi
652 1881 700 1933 te:
990 1878 1023 1930 iit
1038 1876 1246 1931 instaurabunt
1260 1874 1391 1930 civitates
1406 1876 1550 1943 desertae,

143 1949 216 2005 etin
233 1949 550 2005 reconciliatione-mea
565 1949 706 2005 misertus
719 1963 787 2004 sum
802 1947 856 2004 tui.
1025 1946 1184 2020 dissipatas
1204 1945 1462 2018 ingenerationem
1479 1951 1509 2002 et
1522 1947 1740 2020 generationem.

107 2021 143 2077 st
157 2021 328 2092 aperientur
344 2026 432 2093 portae
444 2020 574 2092 jugiter:
989 2020 1024 2075 ilt
1037 2021 1158 2075 stabunt
1182 2018 1281 2083 alieni,
1309 2024 1338 2074 et
1367 2026 1487 2089 pascent
1512 2035 1619 2091 pecora
1646 2023 1733 2076 uestra
1744 2033 1750 2072 :
1763 2020 1783 2071 st

144 2092 191 2147 die
207 2099 235 2146 et
251 2099 335 2147 nocte
352 2109 407 2148 non
425 2092 609 2157 claudentur,
1061 2091 1113 2145 lilii
1126 2091 1358 2164 peregrinorum,

114 2162 146 2219 Ut
163 2163 302 2219 atteratur
317 2165 351 2219 ad
368 2169 396 2219 le
412 2163 549 2218 tortitudo
564 2159 708 2233 gentium,
1025 2161 1158 2231 agricolae
1173 2166 1201 2217 et
1213 2159 1353 2218 vinitores
1369 2160 1458 2216 rastri
1472 2164 1571 2217 arunt.

146 2239 174 2290 et
189 2251 271 2305 reges
286 2251 386 2291 aarum
403 2235 597 2290 adducantur.
988 2234 1045 2289 Vos
1060 2240 1157 2289 autem
1173 2234 1340 2289 sacerdotes
1356 2232 1470 2289 Domini
1486 2232 1688 2290 vocabimini:

110 2304 187 2362 Gens
201 2306 281 2361 enim
296 2313 325 2362 et
353 2322 487 2379 regnum,
517 2306 593 2378 quod
623 2320 681 2360 non
711 2301 844 2360 servierit
871 2304 934 2362 tibi.
988 2305 1114 2361 Ministri
1133 2305 1179 2361 [lei
1198 2304 1549 2373 noatrtdiceturvobis:

182 2377 300 2448 peribit,
989 2377 1202 2434 Fortitudinem
1218 2377 1350 2449 gentium
1361 2377 1529 2444 comedetis,

145 2455 173 2504 et
184 2455 285 2522 gentse
299 2448 458 2505 solitudine
467 2448 672 2504 vastabuntur.
1024 2455 1054 2505 st
1068 2449 1097 2504 in
1113 2449 1207 2576 {toria
1222 2464 1324 2505 earum
1339 2448 1529 2520 superbietis.

108 2518 207 2575 Gloria
222 2521 322 2576 Libani
340 2522 375 2577 ad
391 2526 419 2576 te
437 2519 543 2590 veniet,
989 2524 1043 2576 Pro
1059 2537 1113 2576 con
1129 2521 1230 2577 ueiens
1245 2525 1339 2576 restra
1353 2519 1462 2593 duplici
1476 2525 1505 2576 st
1520 2518 1638 2590 rubore,

144 2597 174 2647 et
189 2592 269 2648 abies
282 2599 311 2648 ct
325 2593 432 2657 buxus,
447 2596 475 2648 et
490 2592 577 2665 pinus
592 2589 693 2656 simul,
1023 2591 1188 2649 laudabunt
1200 2597 1312 2661 partem
1328 2608 1450 2648 eorum:

145 2663 180 2719 ad
198 2664 362 2720 ornandum
378 2664 476 2721 locum
491 2661 734 2720 sanctificationis
754 2677 844 2731 meae3
989 2664 1109 2737 Propter
1123 2664 1177 2721 boc
1192 2664 1220 2719 in
1238 2668 1313 2720 terra
1327 2680 1381 2719 sua
1395 2661 1524 2734 dupiicia
1539 2660 1731 2735 possidebunt,
1836 2668 1839 2715 l

144 2740 173 2792 et
189 2733 284 2791 locum
301 2737 409 2809 pedum
423 2751 556 2792 meorum
572 2733 753 2807 glorificabo.
1025 2736 1126 2792 letitia
1145 2735 1323 2820 sempiterna
1339 2735 1395 2791 erit
1409 2734 1461 2791 eia.
1837 2752 1839 2769 ¹

109 2806 144 2863 at
158 2807 276 2862 venient
290 2809 325 2863 ad
343 2813 370 2865 te
385 2808 466 2864 curvi
483 2807 535 2864 lilii
550 2822 663 2875 corum,
680 2806 729 2878 qui
757 2804 932 2864 humiliave·
988 2809 1090 2874 Quiae
1112 2813 1280 2864 onomrnus
1292 2807 1417 2880 diligens
1427 2804 1588 2877 judicium,

180 2883 249 2933 runt
260 2884 299 2947 te,
1023 2885 1052 2936 et
1066 2824 1132 2936 alfio
1148 2880 1260 2936 babens
1273 2879 1405 2951 rapinam
1422 2878 1451 2932 in
1467 2875 1661 2933 holocausto:

144 2954 173 3004 et
187 2950 351 3007 adorabunt
364 2950 487 3022 vestigia
497 2950 605 3023 pedum
622 2953 739 3005 tucrum
756 2965 870 3017 omues,
882 2949 932 3023 qui
988 2952 1023 3008 ut
1038 2953 1113 3008 dabo
1128 2967 1203 3021 opus
1213 2966 1312 3008 eorum
1329 2951 1358 3005 in
1375 2949 1507 3013 veniale,

179 3022 371 3078 detrahebant
386 3022 450 3077 tibi.
947 3024 969 3092 c
1024 3028 1052 3079 et
1068 3023 1161 3079 landus
1178 3027 1353 3095 perpetuum
1372 3021 1475 3078 leriam
1493 3019 1547 3076 eis.

143 3095 173 3147 et
199 3094 344 3149 vocabunt
363 3098 391 3149 te
417 3093 563 3151 civitatem
589 3092 725 3162 Domini,
746 3092 814 3148 Sion
839 3091 933 3150 sancti
988 3095 1022 3151 tlt
1037 3094 1147 3151 scietur
1160 3095 1190 3150 iu
1205 3096 1343 3167 gentibue
1358 3096 1460 3150 semen
1477 3106 1591 3149 eorum.

179 3163 287 3220 israel:
1023 3172 1052 3223 st
1066 3182 1185 3239 germen
1199 3182 1301 3223 eorum
1314 3166 1344 3222 in
1361 3164 1457 3223 medio
1473 3161 1671 3236 populorum:

110 3234 165 3290 Pro
181 3250 214 3290 eo
229 3235 305 3307 qued
323 3234 404 3291 luisti
418 3232 567 3301 derelicta,
582 3238 610 3291 et
624 3235 691 3291 odio
704 3233 816 3303 babita,
987 3243 1094 3296 omnes
1112 3238 1161 3309 qui
1177 3238 1303 3294 viderint
1317 3254 1378 3305 eos,
1394 3236 1572 3309 cognoscent
1585 3249 1647 3302 cos,

143 3309 172 3360 et
187 3322 245 3361 non
260 3311 322 3364 erat
338 3307 388 3379 qui
400 3311 488 3378 perte
499 3306 638 3362 transiret
651 3307 704 3376 (ll.
714 3307 766 3379 qui
775 3307 935 3380 pertransi·
1023 3311 1092 3384 quia
1108 3311 1157 3366 isti
1171 3316 1242 3367 anot
1254 3325 1367 3373 semen,
1382 3309 1428 3365 eui
1445 3306 1594 3364 benedixit
1608 3302 1746 3362 Dominus.

181 3377 247 3450 fei),
986 3383 1124 3440 Gaudsns
1140 3382 1273 3451 gaudebo
1288 3381 1469 3438 innomine.
1694 3445 1700 3457 ι

12 3460 18 3467 ·
109 3451 222 3504 aonam
239 3455 267 3504 te
282 3448 310 3503 in
326 3447 495 3520 superbiam
511 3447 698 3515 seculorum.
1022 3453 1205 3514 etexnitabir
1218 3454 1273 3527 (ll.
1288 3451 1453 3523 exsultavit)
1477 3449 1578 3507 anima
1602 3463 1669 3506 men
1693 3462 1719 3501 n
1740 3438 1779 3496 uo

144 3519 286 3592 gaudium
303 3519 331 3574 in
348 3518 566 3591 generationem
583 3525 611 3575 et
622 3519 862 3593 generationem
1059 3542 1143 3583 meo:

109 3591 144 3648 Et
158 3608 247 3663 ⁸¹¹8es
259 3591 305 3647 ¹⁸⁰
319 3590 461 3664 bimum·
987 3599 1059 3664 Quia
1074 3597 1172 3652 induit
1186 3613 1231 3652 me
1244 3595 1430 3653 vestimentis
1445 3590 1571 3648 salutis:

144 3668 174 3720 el
188 3662 322 3719 mamilla
338 3678 438 3733 regum
455 3661 622 3731 lactaberis
1022 3675 1051 3727 et
1065 3669 1239 3725 indumento
1251 3668 1350 3740 justia
1364 3663 1560 3722 circumdedit
1573 3677 1633 3730 me,

108 3735 144 3793 Iit
159 3735 234 3791 scies
249 3735 318 3807 quia
330 3750 383 3808 ego
399 3733 542 3791 [lominus
557 3732 673 3793 salvans
688 3738 727 3803 te,
1022 3741 1107 3814 quael
1124 3756 1265 3809 aponaum
1281 3741 1450 3797 decoratum
1465 3750 1584 3793 corona.

144 3810 173 3863 ei
186 3808 355 3878 redemptor
370 3810 438 3862 1⁰⁰⁸
453 3806 536 3862 s⁰lii⁸
550 3807 650 3878 Jacob,
1023 3818 1051 3870 st
1068 3812 1152 3886 quasi
1168 3827 1306 3883 sponsam
1323 3816 1456 3867 ornatam
1473 3806 1636 3863 monilibus
1654 3803 1722 3861 suis.

108 3884 164 3936 Pro
178 3895 233 3935 aett
248 3879 367 3935 afferam
384 3894 503 3945 turum,
989 3886 1068 3944 Sicut
1084 3884 1161 3940 enim
1177 3889 1254 3941 terra
1269 3883 1377 3953 profert
1391 3896 1509 3955 germen
1526 3893 1627 3946 auum,

144 3955 174 4007 et
187 3967 240 4024 pro
253 3953 328 4008 terro
340 3949 460 4005 aliarum
477 3956 641 4023 argentum,
1023 3962 1051 4014 et
1066 3956 1142 4011 sicut
1157 3954 1260 4011 hortus
1275 3971 1372 4011 samcu
1390 3968 1477 4009 auum
1493 3948 1656 4021 germinat:

144 4027 173 4080 ei
188 4040 240 4095 pro
257 4022 344 4095 lignis
359 4039 409 4093 Μ,
1023 4027 1218 4087 sieDominue
1228 4032 1306 4083 Deua
1316 4024 1493 4098 germinabit
1499 4021 1649 4095 justitiam
1658 4022 1686 4076 et
1695 4009 1782 4074 lauitm
1837 4040 1839 4053 =

144 4098 174 4151 ut
189 4112 241 4166 pro
257 4093 405 4167 lapidibus
420 4093 546 4148 ferrum:
1058 4116 1154 4155 eoram
1171 4099 1316 4155 universis
1327 4097 1475 4170 gentibus.

108 4165 144 4222 Et
159 4182 264 4237 ponam
281 4165 480 4223 visitationem
497 4170 579 4221 tuam
596 4181 708 4237 pacem,
987 4174 1063 4247 (Cap.
1079 4170 1177 4242 ixii.)
1192 4170 1389 4243 Proptnrsion
1406 4183 1462 4223 non
1478 4163 1592 4231 tacebo,

145 4242 173 4291 et
185 4239 357 4320 praepositos
372 4242 439 4292 tuos
455 4235 508 4306 (ll.
525 4237 593 4292 cdd.
612 4240 653 4309 in)
666 4236 826 4308 justitiam.
1023 4248 1052 4299 et
1068 4250 1184 4315 propter
1197 4240 1359 4298 Jerusalem
1377 4256 1433 4296 nnn
1446 4238 1611 4365 gniasuam,

109 4306 171 4363 Non
188 4310 323 4365 audietur
340 4307 417 4365 ultra
432 4309 573 4380 iniquitas
588 4308 617 4363 in
633 4314 710 4365 terra
726 4314 787 4381 tua,
1023 4316 1116 4371 donee
1131 4315 1299 4387 egrediatur
1314 4317 1346 4369 ut
1360 4311 1443 4384 splen
1467 4326 1500 4365 er
1511 4310 1610 4381 justus
1625 4306 1701 4377 ejus,

145 4381 268 4436 vastitas
283 4386 311 4437 ct
325 4380 463 4437 contritio
478 4381 509 4436 in
525 4380 657 4437 terminis
672 4381 742 4450 tuis,
947 4401 973 4464 Ι)
1023 4390 1052 4443 et
1063 4385 1190 4442 salvator
1203 4387 1269 4457 ejus
1285 4390 1317 4441 ut
1333 4384 1446 4454 lampas
1462 4381 1651 4438 accendatur.

108 4448 143 4503 itt
157 4454 311 4525 occupabit
325 4451 405 4508 salua
420 4469 521 4508 mures
535 4456 614 4522 tuos,
987 4461 1022 4517 lit
1036 4457 1178 4515 videbunt
1190 4460 1292 4531 gentas
1301 4457 1418 4528 justum
1433 4460 1529 4522 tuum,

146 4528 173 4575 st
189 4530 289 4592 portas
304 4528 370 4579 tuas
385 4522 527 4579 laudatio.
1023 4534 1051 4586 at
1065 4531 1162 4585 cuncti
1179 4545 1261 4599 reges
1276 4525 1417 4601 inclytum
1434 4531 1540 4581 tuum:

111 4589 173 4647 Non
189 4593 244 4648 crit
258 4594 310 4648 tibi
325 4595 453 4664 amplius
469 4595 512 4650 ani
528 4595 563 4651 ad
580 4594 737 4652 lucendum
767 4612 817 4668 per
841 4594 931 4666 diem,
986 4604 1022 4660 Et
1039 4601 1190 4658 vocabitur
1204 4601 1258 4656 tibi
1275 4612 1516 4657 nomannorum.

148 4678 201 4718 nec
216 4663 355 4736 splendor
370 4664 447 4722 lunae
461 4666 642 4722 illuminabit
656 4672 705 4724 te:
1023 4674 1099 4746 quod
1117 4690 1150 4730 os
1164 4671 1281 4729 Domini
1301 4670 1467 4727 nominabit
1477 4668 1530 4727 ill.
1545 4661 1728 4733 nominarit).

111 4734 166 4790 Sed
181 4734 235 4791 erit
250 4735 302 4790 tibi
314 4738 455 4793 Dominus
471 4737 499 4792 in
512 4737 605 4794 lucem
621 4739 843 4811 sempiternam,
988 4747 1023 4803 lit
1035 4745 1093 4802 aria
1108 4761 1213 4802 corona
1228 4742 1326 4818 glorie
1341 4743 1371 4798 in
1387 4757 1476 4797 manu
1495 4736 1622 4802 Domini,

146 4810 176 4863 at
190 4806 267 4863 Deus
282 4814 349 4862 tuus
365 4809 393 4863 in
410 4809 535 4881 gloriam
552 4814 642 4866 tuam.
1023 4824 1052 4874 et
1067 4816 1202 4873 diadema
1217 4834 1247 4872 re
1270 4815 1298 4871 ni
1314 4816 1343 4870 in
1361 4830 1449 4870 manu
1467 4809 1517 4867 Dei
1533 4809 1588 4865 tui.

110 4877 172 4935 N⁰11
189 4877 302 4934 occidet
315 4878 392 4935 ultra
406 4880 451 4962 801Ι
463 4887 542 4945 laus,
986 4832 1481 4948 NonvocabeeisufiraDerelieta:
1543 4952 1548 4963 Ι
1781 4940 1787 4954 ,

145 4954 174 5006 θῑ
189 4950 259 5005 ¹⁰⁰³
273 4954 323 5005 issa
340 4966 396 5005 ¹¹⁰⁰
414 4956 579 5007 m¹1¹¹¹⁰2¹¹r²
1022 4967 1052 5019 et
1065 4964 1144 5018 terra
1156 4965 1207 5015 tua
1221 4975 1278 5014 non
1293 4959 1445 5014 vocabitur
1458 4951 1590 5025 amplius
1605 4948 1757 5009 maalain
1780 4967 1786 4980 ·

109 5021 183 5090 Quia
198 5021 340 5079 Dominus
354 5021 409 5077 erit
422 5022 451 5077 in
468 5022 561 5078 lucem
578 5023 799 5096 sempiternam,
987 5035 1042 5090 Sed
1058 5032 1218 5098 conaberis,
1234 5030 1377 5086 volontas
1388 5044 1454 5085 mea
1466 5027 1496 5083 in
1511 5041 1556 5089 ea,

145 5098 174 5151 et
189 5092 415 5166 complebuntur
429 5094 492 5150 dies
506 5091 604 5151 luctus
619 5096 674 5153 tti-
1023 5110 1051 5160 er
1068 5112 1144 5160 terra
1160 5108 1222 5167 tua,
1242 5101 1430 5158 rnrranuatn¹
1446 5100 1502 5166 (ll.
1520 5095 1678 5167 ueniae).

109 5165 237 5238 Pupulus
250 5168 347 5223 autem
361 5167 432 5221 tuus
446 5180 549 5221 omnes
560 5165 649 5235 iusti,
986 5174 1061 5242 Quia
1072 5173 1251 5244 complacuit
1268 5171 1389 5229 nomino
1404 5172 1434 5227 in
1450 5176 1496 5225 te:

146 5239 175 5293 in
192 5242 345 5312 perpetum
360 5235 577 5293 haereditabant
592 5241 712 5308 terram,
1023 5251 1053 5301 er
1068 5252 1146 5303 ιρῃι
1159 5252 1211 5302 tua
1226 5244 1451 5302 inhabitabitur.

109 5308 233 5367 German
246 5308 437 5384 pltnltlionis
452 5324 534 5375 meae,
558 5377 563 5389 ,
987 5317 1137 5374 Habitabit
1151 5319 1229 5374 enim
1243 5317 1361 5389 juvenis
1376 5331 1443 5371 cum
1458 5311 1583 5385 virgine,

145 5398 220 5455 opas
235 5398 343 5441 manus
357 5396 428 5438 mee
443 5380 480 5437 ad
490 5378 726 5454 glorificaudum.
1023 5394 1053 5447 et
1066 5389 1286 5447 habitabam„
1300 5394 1329 5445 tn
1343 5386 1396 5444 filli
1411 5384 1466 5444 ani.

109 5592 416 5664 optimebabenteum
427 5595 536 5654 laudati
548 5598 706 5665 mas.,tum
719 5594 935 5653 emendatiores
1026 5601 1034 5635 ¹
1056 5599 1110 5657 Pro
1138 5600 1316 5668 inhabitato,
1346 5602 1484 5671 corrupte
1509 5596 1619 5670 legitur
1641 5597 1672 5655 in
1699 5594 1785 5675 cauom

110 5665 220 5723 Latine
234 5668 499 5742 editionesaepcnt,
515 5671 698 5743 proserpant,
714 5667 936 5741 quodobtinsnt
988 5671 1277 5738 San-Garmancnei,
1306 5675 1335 5728 et
1359 5687 1425 5729 ms.
1454 5669 1621 5728 Colbertino
1656 5666 1784 5731 amauri
1837 5694 1839 5709 ¹

107 5741 140 5800 in
156 5738 290 5810 Vulgata.
577 5793 580 5797 .
990 5741 1205 5803 inhabitabitur.
1218 5749 1314 5803 usar.
