3870 6120
109 189 179 251 1431
623 192 653 246 S.
673 191 879 248 utuuouvnss
896 189 1024 246 mvlua
1041 189 1290 247 memorasses.
1749 190 1811 248 ll32

30 326 32 331 '
140 315 276 390 Dixitque
290 315 428 373 Salomon
445 314 502 370 Deo
524 330 532 370 :
557 314 602 370 'l'u
627 313 723 371 fecisti
747 331 815 371 cnm
840 312 931 370 David
946 317 975 387 Α
988 318 1018 372 et
1033 314 1131 387 pinea,
1148 314 1184 371 de
1199 313 1322 384 Libano,
1333 313 1394 372 scio
1410 315 1492 373 enim
1508 315 1591 389 qnod
1606 316 1686 373 servi
1710 317 1754 374 tui
1774 334 1821 376 nc·

104 395 190 467 patre
204 405 270 446 meo
286 385 516 444 misericordiam
533 390 728 459 magnumst
749 385 933 444 constituisti
988 387 1084 445 verint
1098 387 1208 445 cadere
1224 388 1304 460 ligna
1319 387 1354 444 de
1370 387 1488 445 Libano.

106 478 155 523 me
170 476 272 532 regem
287 474 340 533 pro
356 475 400 515 eo.
1024 459 1060 515 ut
1075 463 1163 514 erunt
1177 459 1250 516 servi
1266 458 1321 515 mei
1334 475 1400 517 oum
1416 460 1511 517 servia
1526 458 1602 531 tuis,
1617 463 1652 516 ut
1677 463 1818 532 parentur

144 534 228 590 Nunc
243 532 250 586 i
275 529 469 602 itur,Domine
484 528 736 602 Deus,impleetur
751 545 847 587 sermo
861 533 932 586 tuus
991 529 1064 586 mibi
1080 528 1160 603 ligna
1175 530 1315 604 plurima.

110 547 834 747 itt,tillltttltllutlbissum
851 678 938 729 tuum
992 601 1349 747 „iiiiiiiilduqm
1365 601 1450 676 ⁰⁰p³⁰
1466 602 1626 672 ‘dmm’
1643 619 1756 678 ψ
1782 608 1822 662 ⁸⁸²

109 747 250 818 multum,
265 746 317 817 qui
332 748 392 801 tam
408 744 634 800 innumerabilis
650 753 703 815 est,
726 761 815 819 quam
841 744 939 819 pulvis
1030 745 1169 801 Praeterea
1186 744 1337 817 operariis,
1354 747 1404 817 qui
1418 744 1522 801 casuri
1537 750 1610 801 sunt
1626 745 1720 817 ligna,
1734 746 1824 803 servia

109 824 208 877 terrae.
994 816 1052 871 tuis
1066 815 1142 872 dabo
1155 817 1185 872 in
1200 816 1311 873 cibaria
1326 816 1414 873 tritici
1429 832 1513 873 coros
1532 817 1642 901 viginti
1668 817 1777 888 miliia,
1798 822 1824 875 et

145 890 189 946 Da
203 887 276 944 mibi
291 885 467 960 sapientiam
482 889 511 942 el
534 885 770 968 intelligentiam,
799 890 833 944 nt
858 901 942 960 egre·
995 886 1096 944 bordei
1113 904 1195 945 euros
1211 888 1343 955 tolidem,
1360 891 1389 944 ot
1403 888 1462 944 vini
1478 888 1582 1014 viginti
1599 887 1697 945 millia
1721 894 1824 946 metra·

110 961 177 1019 diar
190 975 287 1016 coram
304 956 411 1032 populo
425 963 487 1025 tuo,
503 960 531 1013 et
545 959 698 1031 ingrediar
713 975 719 1014 :
995 964 1052 1027 tna,
1068 958 1124 1015 olei
1140 976 1257 1034 quoque
1273 965 1338 1015 satu
1351 959 1455 1031 viginti
1469 960 1508 1015 mi
1523 959 1572 1016 lia.

149 1030 221 1100 Quis
236 1030 315 1087 enlm
329 1032 424 1103 potest
438 1030 518 1085 buno
531 1028 673 1102 populum
684 1034 770 1087 tuum
781 1028 941 1103 digne,qui
1031 1030 1109 1086 Dixit
1122 1036 1219 1087 autem
1235 1032 1343 1087 liuram
1360 1047 1410 1088 rex
1427 1031 1497 1105 'ivri
1521 1046 1575 1105 per
1598 1029 1731 1101 litteras,
1755 1047 1823 1106 quaa

114 1108 176 1162 tam
190 1101 310 1175 grandia
324 1105 380 1166 eat,
392 1101 550 1173 judicaret
997 1101 1118 1158 miserat
1133 1101 1282 1159 Salomoni
1299 1119 1306 1158 ι

151 1174 231 1232 Dixit
244 1177 341 1230 autem
358 1172 435 1229 Deua
449 1173 484 1229 ad
497 1172 683 1228 Salomonem
700 1189 708 1229 :
724 1171 797 1237 Ouia
811 1170 868 1228 hoc
883 1188 944 1227 ma·
1033 1173 1107 1237 Quia
1122 1174 1223 1230 dilexit
1236 1173 1380 1231 Dominus
1395 1172 1537 1247 populum
1553 1190 1658 1243 sunm,
1674 1174 1785 1231 idcireo
1798 1178 1823 1231 ta

119 1246 166 1322 gis
182 1244 291 1319 placuit
306 1244 387 1301 cordi
401 1247 462 1313 luo,
478 1250 508 1300 et
522 1260 579 1300 nun
596 1244 751 1315 postulasti
767 1243 898 1312 divitias,
914 1246 943 1298 et
998 1260 1120 1316 regnare
1136 1246 1204 1303 lecit
1219 1262 1308 1318 super
1323 1261 1402 1301 eum.

121 1317 330 1385 substantiam,
345 1318 374 1372 ct
388 1315 619 1388 gloriam,neque
634 1316 763 1372 animam
778 1331 878 1372 eorum
894 1313 947 1386 qui
1034 1317 1069 1371 Et
1084 1316 1198 1372 addidit
1213 1316 1313 1374 dicens
1341 1334 1348 1373 ι
1373 1316 1549 1373 Benedictus
1574 1316 1726 1374 Dominus
1749 1316 1821 1373 Dens

122 1394 151 1449 te
180 1388 315 1455 oderant,
336 1386 387 1443 sed
414 1403 467 1442 neo
490 1386 552 1442 dies
577 1386 641 1442 vitae
667 1387 820 1459 plurimos,
846 1385 945 1458 petisti
999 1387 1100 1455 Israel,
1117 1388 1166 1460 qni
1184 1389 1254 1444 lecit
1268 1389 1373 1443 coetum
1390 1394 1419 1444 st
1433 1391 1553 1458 terram,
1570 1389 1623 1461 qui
1639 1389 1725 1445 dedit
1739 1388 1822 1445 David

123 1464 223 1520 autem
236 1458 411 1533 sapientiam
426 1463 456 1514 st
470 1457 635 1526 scientiam,
651 1464 685 1513 ut
698 1457 829 1527 iudicare
850 1456 947 1529 poesis
1000 1474 1068 1531 rege
1084 1459 1177 1516 illium
1193 1462 1354 1533 sapientem
1370 1465 1399 1516 et
1413 1460 1562 1516 eruditum
1578 1464 1774 1517 staensatnm
1788 1464 1826 1516 at·

143 1530 264 1605 epulum
282 1545 392 1596 meum,
408 1545 497 1602 super
512 1545 600 1602 quem
616 1528 796 1587 constituite
821 1543 945 1600 regem:
1000 1545 1058 1603 que
1072 1532 1257 1601 prudentem,
1274 1536 1307 1588 ut
1320 1531 1477 1588 edificaret
1491 1532 1616 1589 domum
1636 1532 1777 1604 Domino,
1799 1535 1827 1589 ot

122 1550 163 1664 ga
185 1602 275 1659 ientia
288 1607 318 1659 et
332 1601 456 1658 scientia
470 1601 539 1657 data
553 1604 623 1657 eunt
638 1601 692 1658 tibi
709 1618 715 1656 :
1002 1601 1143 1675 palatInm
1160 1604 1226 1659 sibi.

160 1620 283 1732 Divitiae
299 1676 409 1743 autem,
426 1676 455 1729 el
469 1673 679 1746 substantiam,
690 1676 719 1729 et
734 1671 857 1746 gloriam
872 1670 948 1727 dabo
965 1687 989 1755 B
1039 1673 1106 1730 Misi
1121 1689 1189 1747 ergo
1201 1673 1253 1729 tibi
1263 1676 1357 1730 virum
1369 1673 1543 1746 prudentem
1554 1677 1584 1730 et
1593 1674 1826 1731 scientissimum

124 1746 179 1806 tibi
196 1764 204 1803 ε
1006 1744 1128 1816 Huram,
1145 1750 1256 1819 patrem
1274 1761 1381 1813 meum,
1398 1745 1492 1801 tilium
1509 1746 1646 1802 mulieris
1661 1746 1700 1802 da
1714 1746 1828 1802 liliabna

163 1819 208 1875 Ita
223 1820 255 1873 ut
270 1815 370 1873 nullus
386 1816 415 1873 in
429 1816 558 1888 regibus,
574 1832 627 1873 neo
643 1819 710 1874 ante
725 1818 764 1885 te,
777 1830 829 1872 nec
844 1816 909 1887 posi
925 1818 954 1871 te
1005 1816 1079 1887 Dan,
1096 1818 1181 1889 oujus
1196 1821 1277 1890 pater
1290 1817 1395 1890 Tyrios
1410 1817 1466 1873 luit
1491 1817 1640 1888 quinovit
1661 1816 1778 1890 operari
1799 1816 1829 1873 iu

129 1888 219 1946 fuerit
231 1887 338 1945 similis
352 1887 407 1944 tui.
1006 1904 1088 1957 auro,
1104 1893 1133 1944 et
1156 1892 1290 1961 urgento,
1313 1904 1381 1956 are,
1405 1893 1434 1945 et
1457 1861 1543 1959 berno,
1568 1893 1598 1945 et
1622 1904 1783 1954 marmore,
1802 1891 1830 1944 at

164 1959 252 2017 Venit
263 1975 332 2033 ergo
351 1958 488 2016 Salomon
503 1959 539 2015 ab
557 1957 809 2015 EnoeleoGubeon
829 1957 858 2013 in
868 1957 955 2013 Jeru·
1007 1958 1107 2032 lignis,
1124 1960 1154 2016 in
1170 1976 1301 2032 purpura
1315 1975 1441 2032 quoque,
1457 1962 1486 2015 et
1503 1961 1676 2034 hyacintho,
1691 1966 1721 2016 et
1735 1963 1828 2032 bysso,

132 2031 223 2090 salem
239 2048 337 2089 coram
352 2031 541 2088 tabernaculo
553 2030 715 2100 toederis,et
726 2030 857 2102 regnavit
866 2044 956 2102 super
1007 2037 1036 2088 et
1050 2031 1180 2097 coccino,
1195 2036 1224 2088 et
1239 2031 1289 2103 qui
1305 2031 1361 2086 soit
1374 2031 1475 2087 calare
1492 2047 1612 2088 omnem
1636 2032 1831 2104 sculpturam,

133 2101 236 2162 Israel.
948 2171 953 2182 Ι
1007 2111 1034 2159 et
1049 2102 1218 2159 adinvenire
1232 2102 1391 2176 prudenter
1404 2103 1603 2188 quodcunque
1618 2104 1651 2159 in
1673 2119 1762 2176 opere
1783 2118 1833 2158 na·

171 2174 421 2258 congregavitque
435 2172 492 2230 eibi
507 2188 612 2228 currus
633 2175 662 2228 et
684 2171 809 2244 equites,
833 2175 862 2227 et
885 2171 956 2227 iactr
1008 2173 1167 2231 cessarium
1184 2183 1236 2239 eet,
1254 2190 1321 2229 oum
1337 2174 1502 2230 artificibus
1516 2179 1578 2233 turs
1591 2178 1704 2232 etcum
1719 2173 1833 2230 artillci·

135 2252 206 2303 aunt
224 2261 251 2302 er
275 2244 356 2301 mille
380 2243 586 2317 quadringenti
611 2259 725 2310 currus,
747 2247 776 2300 ct
799 2243 955 2299 duodecim
1009 2245 1063 2302 bus
1078 2245 1190 2300 domini
1206 2245 1262 2301 mei
1281 2245 1365 2302 David
1383 2245 1475 2318 patris
1489 2245 1543 2302 tui.

134 2315 417 2390 milliaequitum30t
431 2315 499 2372 tecit
513 2331 562 2371 eos
577 2330 642 2370 esee
656 2314 685 2370 in
702 2315 824 2371 urbibus
838 2313 957 2385 quadri·
1042 2317 1184 2372 Triticum
1219 2333 1303 2443 ergo,
1335 2321 1364 2372 et
1395 2315 1556 2388 hordeum,
1589 2322 1621 2373 et
1658 2317 1777 2386 oleum,
1808 2320 1835 2372 et

133 2403 249 2461 garum,
263 2392 292 2443 et
305 2404 372 2444 cum
387 2403 455 2460 rege
469 2387 499 2442 in
513 2386 688 2442 Jerusalem.
1007 2387 1120 2455 vinum,
1136 2405 1201 2460 quae
1215 2404 1251 2462 po
1266 2388 1363 2444 licitus
1378 2402 1421 2458 es,
1437 2389 1557 2446 domine
1572 2389 1624 2460 mi,
1643 2390 1732 2446 mitte
1749 2387 1835 2445 servia

168 2459 293 2516 Praebuit
317 2475 353 2516 ne
368 2474 418 2515 rex
431 2454 955 2529 argentumetauruminierusalem
1008 2460 1079 2517 tuis.

133 2530 218 2604 qnasi
234 2476 359 2602 nptias,
375 2534 404 2587 et
418 2531 521 2586 cedros
539 2528 623 2601 quasi
640 2544 886 2611 sycomoros‚quae
902 2543 955 2582 na·
1044 2530 1103 2586 Nos
1119 2535 1216 2587 autem
1232 2531 1379 2587 cedemus
1394 2528 1413 2584 li
1438 2547 1474 2586 na
1488 2531 1523 2588 de
1538 2531 1666 2600 Libano,
1692 2535 1766 2616 quot
1788 2546 1835 2586 na·

132 2605 258 2659 acuatur
271 2603 302 2658 in
317 2601 533 2674 campestribus
548 2599 737 2657 multitudrne
752 2616 869 2673 magna.
1010 2601 1138 2658 cessuria
1154 2603 1302 2671 habueris,
1315 2607 1344 2657 et
1358 2547 1576 2675 uppiicabimns
1589 2619 1627 2660 ea
1650 2604 1768 2660 ratibus
1790 2617 1836 2676 per

168 2673 398 2731 adducebantur
412 2676 509 2729 autern
526 2672 552 2728 ei
575 2672 643 2744 equi
667 2672 704 2727 de
724 2672 845 2744 AEgypto
869 2674 898 2725 et
920 2669 956 2724 de
1010 2689 1091 2730 mare
1106 2673 1137 2729 in
1151 2675 1259 2751 luppe;
1275 2678 1359 2730 tuum
1376 2674 1432 2730 erit
1445 2674 1608 2732 transferre
1633 2690 1670 2731 ea
1693 2675 1726 2733 in
1756 2676 1835 2732 Jeru-

133 2746 204 2815 Coa,
219 2761 236 2800 u
249 2743 480 2829 negotiatoribus
497 2742 585 2816 regie,
600 2743 649 2814 oui
671 2741 764 2809 ibant,
789 2746 818 2798 et
841 2756 955 2798 coeme-
1009 2744 1111 2801 salem.

134 2815 207 2874 bant
221 2820 325 2889 pretro,
340 2816 515 2888 quadrigam
528 2830 671 2887 equorum
696 2813 827 2870 sexcenti
850 2828 955 2886 urgen-
1044 2815 1215 2872 Numeravit
1229 2815 1320 2889 igitur
1339 2815 1476 2873 Salomon
1500 2832 1607 2873 omnes
1631 2817 1713 2874 viros
1739 2831 1835 2890 prusa·

134 2888 190 2945 teis
217 2892 247 2944 et
260 2903 370 2960 equum
385 2892 504 2943 contum
518 2884 745 2968 quinquaginta.
1010 2887 1097 2960 tylos,
1113 2886 1163 2958 qui
1179 2891 1264 2944 erant
1278 2887 1307 2943 in
1324 2895 1400 2943 terra
1413 2887 1512 2955 lsrael,
1528 2892 1596 2961 post
1621 2888 1836 2946 dinumeratio·

168 2931 310 3042 Similiter
325 2959 360 3015 de
375 2957 521 3015 universis
536 2955 861 3085 refinrssaiffitbaeorum,
886 2958 916 3011 et
938 2971 956 3011 s
1010 2975 1181 3086 nemt’qouml]
1197 2959 1499 3088 d¹⁰⁰¹l¹⁰¹⁸V³l⁰t⁸Ji⁶
1510 2966 1595 3088 Pfilffl'
1609 2959 1720 3088 situque-t
1734 2957 1835 3086 inve'ptl

590 3045 620 3084 ra
710 3070 718 3084 .
970 3046 1067 3114 genn
1120 3046 1221 3087 enum
1247 3046 1427 3104 qulnquugln
1482 3047 1523 3088 mr
1549 3046 1632 3099 ra,e
1707 3046 1835 3088 amru

133 3046 164 3088 re
197 3029 567 3103 busSyria,emptioeete

166 3046 296 3175 J'Copss.)
312 3100 444 3158 Decrevit
458 3105 557 3157 autem
573 3098 710 3156 Salomon
732 3098 876 3155 adificare
899 3097 954 3153 do·
1010 3099 1150 3158 sexcenti.

134 3188 216 3230 mum
232 3172 344 3230 nomini
359 3171 486 3242 Domini,
503 3175 531 3228 et
545 3171 687 3245 palatium
703 3168 770 3226 sibi.
1044 3172 1179 3244 uocisque
1193 3187 1227 3228 ex
1241 3170 1284 3229 eia
1299 3171 1486 3245 septuaginta
1501 3170 1610 3243 millia,
1627 3172 1680 3247 qni
1709 3172 1833 3230 bumaria

168 3245 205 3301 ut
216 3244 381 3301 numeravit
392 3241 575 3316 septuaginta
587 3241 819 3298 milliavirorum
834 3244 953 3314 portau-
1008 3259 1098 3302 onera
1112 3247 1272 3316 portarent,
1291 3247 1320 3300 et
1343 3245 1492 3328 octoginta
1517 3244 1624 3312 millia,
1652 3244 1706 3318 qui
1731 3243 1833 3318 lapidas

132 3315 205 3372 tium
220 3314 396 3382 bumaria,et
409 3315 557 3388 octoginta
572 3311 661 3370 millia
671 3312 722 3385 qui
732 3312 875 3369 oederent
885 3310 956 3437 lapi·
1014 3315 1045 3372 iu
1060 3315 1211 3372 montibus
1224 3316 1436 3385 caderent,tr1a
1451 3313 1545 3374 millia
1558 3320 1663 3373 autem
1678 3322 1710 3373 at
1723 3331 1831 3374 saxosa·

134 3386 186 3442 des
200 3385 230 3440 in
245 3385 406 3454 montibus,
422 3385 653 3459 prepositosque
667 3400 770 3440 eorum
785 3382 840 3441 tris
863 3382 914 3439 mrl
927 3383 956 3439 iu
1010 3391 1058 3443 tos
1073 3387 1240 3460 propositos
1250 3402 1372 3459 operum
1388 3386 1498 3460 populi.

134 3461 299 3515 sexcentos.
1045 3459 1123 3531 [Cep.
1141 3457 1203 3585 tlt}
1218 3457 1254 3512 tlt
1267 3460 1355 3531 coepit
1377 3459 1514 3515 Salomon
1540 3457 1696 3517 edificare
1721 3459 1830 3515 domun

170 3524 252 3583 Misit
266 3543 386 3601 quoque
401 3527 438 3583 ad
463 3524 572 3583 liuram
596 3541 694 3599 regem
718 3526 797 3597 Tyri,
822 3523 923 3581 dicens
947 3540 955 3582 :
1011 3531 1127 3586 Domini
1143 3529 1172 3586 in
1204 3530 1347 3586 eruealem
1364 3529 1394 3585 in
1410 3534 1510 3587 moute
1524 3529 1632 3600 Moris,
1648 3531 1702 3603 qni
1718 3531 1829 3587 demon·

133 3596 215 3655 Siout
228 3598 315 3672 egisti
336 3614 403 3654 cum
427 3598 515 3654 David
538 3600 619 3669 patre
644 3612 719 3662 meo,
745 3600 774 3652 et
797 3595 905 3651 misisti
930 3596 956 3652 ei
982 3636 985 3640 -
1011 3604 1122 3657 stratos
1138 3600 1233 3657 luerat
1246 3601 1336 3658 David
1353 3601 1428 3673 patri
1443 3601 1551 3673 sinain
1565 3600 1636 3660 loco
1651 3617 1743 3676 quem
1758 3617 1827 3675 para·

134 3670 216 3743 ligne
230 3670 350 3727 cedrina
365 3674 397 3726 ut
411 3669 566 3726 ediliceret
580 3667 637 3725 sibi
652 3669 785 3735 domum,
801 3667 831 3722 in
847 3683 906 3741 qua
929 3670 958 3724 et
1010 3680 1089 3729 verat
1103 3672 1193 3729 David
1210 3671 1238 3728 in
1255 3687 1322 3729 area
1335 3674 1443 3729 ornam
1457 3673 1596 3730 Jebnseei.

135 3739 957 3809 habitavit:aicsaomcenmutaditloemdomnmno·
1047 3743 1138 3817 Coepit
1166 3747 1264 3800 autem
1290 3743 1433 3803 edificare
1458 3760 1559 3802 mense
1588 3745 1738 3816 secundo,
1765 3757 1828 3801 annu

136 3812 210 3870 mini
224 3812 340 3870 Domini
353 3811 405 3869 Dei
420 3812 487 3883 mei,
503 3815 532 3868 et
546 3827 714 3869 consecrem
738 3827 802 3868 eam
827 3810 862 3866 ud
887 3809 957 3866 ado·
1012 3820 1118 3888 quarto
1133 3815 1214 3889 regni
1230 3814 1288 3872 sui.

137 3883 257 3942 lendum
271 3884 424 3941 incensum
440 3900 538 3940 coram
563 3882 622 3951 illo,
647 3887 677 3939 et
699 3882 869 3952 fumiganda
893 3898 955 3938 arur·
1048 3887 1081 3941 ut
1096 3885 1156 3942 brec
1172 3889 1239 3942 sunt
1254 3885 1456 3957 fundamenta,
1473 3902 1537 3959 quae
1552 3886 1631 3959 jecit
1642 3887 1791 3953 Salomon,
1804 3888 1829 3940 nt

139 3960 230 4025 mata,
245 3959 275 4013 et
288 3956 324 4013 ad
349 3954 577 4028 propositionem
601 3970 712 4026 panum
736 3955 956 4026 sempiternam,
1012 3957 1169 4014 edificaret
1184 3959 1303 4014 domum
1317 3957 1368 4015 Dei
1383 3957 1579 4031 longitudinis
1591 3958 1830 4015 cubitoainmen·

138 4031 168 4084 et
191 4028 227 4083 ed
252 4027 486 4086 holocautomata
510 4041 596 4082 mane
620 4029 649 4082 et
670 4040 801 4097 vespere,
825 4025 958 4081 sabbatis
1012 4045 1083 4086 sura
1097 4030 1193 4101 prima
1208 4029 1360 4102 sexaginta
1374 4028 1539 4086 latitudinis
1553 4029 1678 4088 cubitos
1692 4029 1801 4103 viginti.

136 4115 267 4228 guoque,
287 4103 315 4156 et
339 4097 502 4156 neomeniis
529 4102 559 4155 et
581 4094 819 4153 solemnitatibus
842 4095 958 4152 Domini
1048 4099 1196 4156 Ponticum
1210 4116 1278 4156 vcro
1293 4105 1360 4157 ante
1372 4101 1509 4172 frontem,
1525 4117 1593 4184 quas
1610 4102 1789 4159 tendebatur
1805 4098 1830 4153 in

162 4169 188 4227 ei
213 4171 305 4226 nostri
328 4169 358 4225 in
382 4169 606 4244 sempiternum,
632 4183 696 4241 qure
724 4168 865 4224 mundata
888 4169 959 4224 sunt
1013 4171 1133 4245 longum
1146 4173 1406 4243 juxtamensuram
1423 4173 1593 4231 latitudinis
1608 4172 1831 4243 damnanabile

137 4240 249 4299 Israeli.
1012 4258 1078 4299 rum
1093 4242 1207 4316 viginli,
1222 4259 1308 4314 porro
1323 4243 1448 4300 altitudo
1462 4248 1583 4300 centum
1599 4243 1711 4316 viginti
1731 4242 1831 4301 cubito·

172 4313 282 4370 Domus
310 4315 419 4380 cutem,
467 4327 534 4368 uam
560 4309 704 4367 edificare
729 4310 958 4383 cupiensque
1012 4331 1078 4371 rum
1095 4318 1168 4383 erat,
1185 4318 1213 4373 et
1226 4315 1377 4372 deauravit
1391 4331 1455 4372 eam
1471 4315 1659 4373 intrinsecus
1674 4332 1748 4373 auro
1761 4331 1831 4372 mun

136 4389 192 4455 est,
209 4400 336 4458 mugnus
350 4388 396 4440 est
418 4327 496 4440 enlm
518 4382 595 4439 Deus
620 4386 720 4440 noster
743 4397 833 4453 super
854 4395 957 4437 omnea
975 4386 1146 4484 „dissime

138 4455 217 4512 deos.
877 4522 883 4534 ·
931 4521 937 4535 ·
1046 4458 1172 4515 Domum
1188 4474 1304 4530 quoque
1327 4458 1468 4529 majorem
1494 4455 1568 4514 texit
1594 4457 1716 4515 tabulis
1739 4455 1832 4532 ligneis

173 4526 243 4591 Quis
257 4542 324 4600 ergo
340 4526 446 4600 poterit
466 4524 631 4597 prevalere,
657 4527 690 4581 ut
712 4523 835 4580 edificet
858 4538 885 4579 e1
909 4522 956 4577 dr·
1010 4528 1153 4603 abiegnis,
1171 4534 1199 4586 et
1212 4527 1339 4585 laminas
1355 4529 1418 4585 auri
1434 4527 1524 4585 obrizi
1540 4528 1641 4585 allisit
1656 4546 1713 4603 per
1725 4535 1831 4586 totum:

137 4598 383 4672 gnamdomumt
1010 4600 1193 4675 sculpsitque
1206 4601 1235 4656 in
1257 4616 1292 4657 ea
1315 4598 1439 4670 palmas,
1464 4604 1493 4656 et
1515 4599 1605 4672 quasi
1632 4602 1788 4660 catenulas
1807 4614 1831 4655 ea

174 4669 204 4725 Si
230 4666 336 4726 ooelum
361 4672 390 4726 et
417 4667 482 4726 coeti
511 4667 651 4725 coelorum
679 4684 782 4740 capere
805 4681 872 4722 eum
899 4680 955 4721 non
1010 4672 1134 4729 invicem
1150 4671 1384 4746 complectentes.

138 4745 262 4869 guenet,
277 4745 405 4813 quantus
418 4757 470 4812 eso
485 4756 563 4808 snm,
579 4743 613 4798 us
627 4739 737 4813 cossim
763 4738 906 4794 edificare
930 4735 956 4792 ei
1045 4745 1153 4802 stravit
1167 4759 1282 4817 quoque
1296 4743 1494 4814 pavimentum
1504 4742 1612 4817 tempu
1624 4743 1831 4819 pretiosissimo

159 4811 279 4869 omum?
1011 4831 1169 4885 marmore,
1184 4815 1288 4871 decors
1304 4814 1408 4871 multo.

173 4885 227 4941 Sed
245 4885 281 4940 ad
297 4882 351 4940 hoc
366 4887 493 4958 tantum,
510 4886 541 4940 ut
556 4882 705 4940 adoleatur
726 4881 880 4937 incensum
906 4896 955 4936 eo·
1046 4886 1135 4944 Porro
1149 4903 1253 4943 aurum
1270 4890 1332 4943 erat
1345 4882 1647 4960 probatissimum,da
1659 4888 1748 4961 cujas
1762 4884 1830 4943 lami·

137 4972 200 5013 ram
211 4954 273 5012 illo.
1011 4956 1059 5014 nis
1074 4959 1144 5014 texit
1158 4958 1292 5025 domum,
1306 4962 1335 5015 et
1348 4958 1445 5014 trabes
1459 4954 1535 5029 ejus,
1552 4960 1584 5014 et
1598 4962 1718 5028 postas,
1741 4962 1769 5016 et
1789 4972 1829 5028 pa·

172 5027 253 5084 Mitte
268 5025 360 5098 igitur
374 5026 448 5082 mibi
463 5027 559 5083 virum
585 5025 745 5093 eruditum,
770 5023 821 5097 qui
845 5021 957 5080 noverit
1010 5029 1107 5101 rietes,
1137 5033 1165 5086 et
1192 5030 1276 5100 ostia,
1302 5033 1331 5086 et
1357 5027 1469 5086 caelavit
1496 5026 1660 5087 oberubim
1693 5031 1724 5087 in
1747 5028 1828 5105 parie-

137 5098 251 5170 operari
267 5097 297 5152 in
314 5113 396 5166 auro,
412 5103 441 5154 et
455 5103 586 5172 argento,
610 5114 676 5164 aare,
700 5097 787 5161 terro,
812 5110 954 5168 purpura,
1009 5099 1099 5158 tibus.

136 5169 266 5240 coccino,
282 5173 310 5225 st
324 5168 494 5296 bffiacintbo.
506 5174 538 5252 ,et
552 5168 603 5242 qui
618 5168 692 5224 sciat
712 5166 846 5239 sculpere
871 5165 955 5250 oaela·
1046 5172 1249 5245 uacitquoque
1261 5171 1380 5228 domum
1391 5169 1489 5227 Sancti
1500 5173 1700 5242 sanctorum
1715 5170 1827 5250 lougitq·

132 5245 215 5298 turae
229 5243 251 5310 ¹,
267 5256 333 5296 cum
370 5241 396 5296 is
409 5239 582 5310 artificrbus,
598 5256 671 5311 quos
687 5255 801 5295 mecum
818 5238 910 5294 babeo
924 5253 955 5293 1n
1010 5241 1108 5300 dinem
1120 5243 1206 5313 juxte
1217 5243 1404 5300 latitudinem
1419 5242 1718 5312 domns‚cubi10rum
1728 5243 1826 5316 vigictr,

132 5311 236 5368 ludos
251 5316 281 5367 et
293 5312 469 5381 Jerusalem,
485 5327 558 5384 quos
574 5311 746 5384 preparavit
762 5308 850 5366 David
873 5312 956 5382 pater
1010 5318 1039 5370 et
1055 5314 1239 5371 latitudinem
1254 5313 1390 5370 similiter
1403 5313 1507 5396 viginti
1521 5313 1744 5386 cubitorum,et
1756 5311 1824 5371 lami·

137 5399 232 5440 mens.
1010 5386 1056 5442 nis
1071 5387 1170 5443 aureis
1182 5385 1254 5442 texit
1269 5401 1345 5455 enm,
1361 5401 1443 5457 quaer
1460 5384 1582 5442 talentis
1598 5388 1761 5445 sexcentis.

168 5453 493 5529 Budellignauedrlna
510 5453 689 5522 mittemini,
710 5456 739 5509 ei
757 5450 954 5522 arceuthina,
1046 5458 1101 5515 Sed
1117 5457 1340 5515 etclavossecit
1360 5473 1474 5529 aureos,
1499 5455 1543 5514 ita
1569 5460 1604 5515 ut
1631 5459 1745 5535 singuli
1765 5451 1823 5512 elavi

173 5667 181 5700 ¹
198 5667 294 5724 Canon
309 5667 505 5726 Memmianua
516 5685 582 5724 eum
599 5669 710 5741 aliquot
727 5686 809 5739 mss,
830 5667 956 5739 sculpere
1009 5672 1132 5737 dicetur,
1144 5670 1213 5743 quia
1229 5688 1287 5727 nnn
1303 5670 1480 5745 perfecimus
1494 5686 1511 5727 e
1527 5671 1638 5730 uadem
1653 5673 1819 5731 collationem

137 5737 245 5794 colato.
271 5738 311 5797 Da
331 5739 448 5798 canone
470 5739 695 5801 Garuaeeonenei
716 5740 790 5798 nibil
818 5740 955 5811 deinceps
1009 5743 1066 5802 nisi
1081 5743 1117 5801 ad
1132 5743 1296 5802 secundum
1311 5741 1457 5802 librum'P
1522 5741 1702 5818 ipomcnon.
1716 5745 1799 5806 Duar-
