3878 6150
583 190 691 247 imus
708 191 814 247 maier
832 190 1034 247 ruossano
1092 180 1098 191 ’·

90 326 112 369 is
124 313 222 369 ortum
237 310 302 383 ejus
319 328 326 367 :
801 315 828 382 A
844 313 987 371 Dominus
1000 312 1103 370 dilexit
1117 330 1197 381 eum,

90 388 135 439 oet
149 388 282 451 superte
296 382 462 454 calamitas,
879 386 964 442 faciet
977 385 1157 442 voluntatem
1173 403 1257 444 suein
1273 386 1304 444 in
1320 386 1478 463 babylone,

89 472 127 512 on
141 455 251 526 poteris
266 455 402 528 expiere:
568 477 572 481 ·
877 463 906 513 et
921 457 1072 514 brachium
1089 474 1177 514 suum
1194 462 1223 515 in
1238 457 1393 516 Gheldaeis.

90 543 170 601 iuper
184 532 213 583 te
227 532 346 599 repente
363 528 493 595 miserie,
509 544 598 601 quain
615 529 738 585 nescies.
841 530 911 601 Ege.
927 545 981 602 ego
997 529 1112 585 locutus
1126 547 1204 597 suni,
1219 536 1249 587 et
1261 531 1362 588 vocavi
1376 547 1445 588 eum
1460 547 1468 586 :

89 618 96 655 i
110 599 345 655 incantatoribus
361 602 431 670 tuis,
876 601 982 656 adduxi
999 617 1079 663 eum.
1093 607 1123 657 et
1135 603 1245 658 directa
1260 606 1306 658 eet
1320 602 1365 657 vio
1379 606 1454 674 ejus.

90 670 312 726 nmoltitudine
324 670 535 727 maleficiorum
547 672 710 742 loommin
725 671 787 744 qui·
840 672 974 728 secedite
989 672 1025 728 ad
1042 688 1099 741 me,
1114 675 1254 730 claudite
1270 674 1323 730 hoe
1339 674 1393 741 (ill.
1409 673 1502 746 baal:

90 778 91 791 r
106 740 246 799 laborasti
260 742 296 799 ab
311 743 506 799 adolescentia
521 748 582 813 tua,
877 760 934 799 non
951 760 968 799 a
983 744 1128 815 principio
1142 743 1173 800 in
1189 746 1362 802 abscondito
1376 745 1492 801 locotus
1506 762 1594 803 eum:

90 826 113 869 le
124 813 194 885 quid
212 815 305 885 prosit
319 814 385 881 tibi,
840 818 880 871 Ex
896 821 1026 886 tempore
1041 823 1199 886 antequam
1216 816 1308 883 fieret,
1322 816 1361 872 ibi
1378 832 1479 874 eram:

105 886 201 969 possis
216 884 278 941 lieri
296 886 406 942 tortior.
876 893 905 942 et
921 903 999 953 utine
1016 889 1155 943 Dominus
1167 893 1242 944 Deus
1254 888 1337 944 misit
1349 905 1405 955 me,
1416 896 1445 946 et
1454 887 1577 960 spiritus
1587 888 1664 961 cjiis.

90 958 138 1013 iio
154 956 343 1012 multitudine
359 955 552 1013 consiliorum
576 962 714 1014 tuorum:
840 962 907 1014 Hac
922 958 993 1014 dicit
1007 957 1148 1014 Dominus
1161 960 1329 1033 redemptor
1347 964 1417 1016 tuus
1431 960 1663 1018 sunctuelsreel.

102 1032 131 1084 et
145 1027 260 1084 salvent
275 1033 303 1082 te
318 1045 446 1103 augures
461 1028 537 1095 caeli,
840 1030 900 1103 ligo
916 1029 1055 1087 Dominus
1072 1034 1147 1086 Deus
1162 1037 1231 1087 tuus
1247 1031 1354 1087 docens
1370 1038 1398 1087 te
1412 1031 1507 1100 utilio,

90 1098 352 1172 outemplabontur
388 1099 497 1168 sidera,
527 1104 556 1156 et
584 1100 788 1174 supputabant
876 1101 1046 1186 gubernans
1060 1105 1089 1157 te
1104 1103 1133 1157 iu
1150 1102 1205 1168 via,
1222 1120 1280 1174 qua
1295 1103 1441 1159 ambulas.

90 1186 160 1241 issa,
840 1172 958 1230 Utinam
985 1173 1163 1229 attendisses
1190 1175 1327 1230 mandata
1355 1190 1439 1231 mea:
1471 1173 1665 1233 incaluisset

90 1243 132 1298 ets
147 1243 359 1299 annuntiarent
373 1246 497 1299 ventura
510 1243 574 1300 tibi.
911 1245 989 1301 sicut
1003 1244 1111 1300 tlumen
1130 1262 1185 1318 pax
1199 1250 1259 1316 tua,

90 1315 117 1370 ei
133 1319 204 1371 sunt
218 1314 304 1393 quasi
320 1314 441 1386 stipula,
875 1326 902 1372 ci
911 1317 1028 1387 justitia
1042 1322 1093 1372 tua
1108 1318 1185 1373 sicut
1199 1317 1330 1390 gurgites
1346 1318 1446 1374 maris.

90 1388 252 1442 combussit
266 1401 335 1442 eoa:
841 1393 877 1445 iit
891 1387 994 1444 luisset
1006 1388 1090 1460 qussi
1107 1405 1196 1445 arena
1211 1405 1311 1445 semen
1328 1394 1423 1460 tuum,

90 1458 208 1515 trabunt
222 1457 353 1512 animam
378 1472 464 1513 suain
479 1457 515 1514 de
531 1473 620 1513 manu
636 1458 784 1515 tiammo:
875 1464 904 1516 rt
919 1459 1009 1531 stirps
1025 1461 1101 1515 uteri
1116 1461 1160 1517 tui
1175 1463 1209 1517 ut
1222 1459 1317 1534 lapilli
1330 1461 1415 1532 ejus:

90 1536 140 1585 unt
153 1546 265 1601 pruna,
283 1529 391 1601 quibus
406 1528 560 1597 calessaut;
840 1531 902 1588 Non
917 1532 1076 1601 interisset,

91 1616 154 1665 cus,
173 1607 205 1656 ut
221 1601 343 1656 sedeant
358 1602 392 1656 ad
410 1617 488 1658 eum.
875 1607 904 1660 et
919 1620 976 1659 oon
992 1603 1096 1658 inisset
1111 1603 1245 1659 attritum
1262 1619 1369 1660 nomeu
1384 1604 1450 1675 ejus
1464 1619 1482 1659 a
1498 1602 1571 1659 iaoie
1586 1618 1661 1659 mes.

90 1680 184 1728 isunt
207 1673 258 1727 tibi
285 1673 313 1727 in
340 1672 563 1744 quibuscunque
578 1671 782 1743 laboraveres3
799 1690 822 1755 Β
840 1675 1017 1749 Egredimini
1034 1676 1070 1729 de
1086 1674 1241 1747 babylone,

90 1752 192 1801 latores
206 1745 249 1799 tui
265 1744 301 1799 ab
315 1744 511 1801 adolescentia
526 1749 586 1814 tua,
873 1748 966 1820 fugite
982 1763 999 1802 a
1013 1745 1166 1812 Chaldaeis,

90 1817 197 1888 [uisque
211 1815 241 1871 in
257 1816 303 1870 via
317 1833 372 1871 sna
386 1821 572 1873 erraverunt:
874 1819 903 1874 in
919 1834 989 1874 voce
1003 1817 1208 1875 exsultationis
1223 1816 1406 1887 annuntiate,

90 1893 113 1943 st
128 1889 177 1959 qui
194 1889 286 1944 salvet
300 1893 337 1943 te.
874 1890 984 1956 audite,
1002 1890 1088 1946 laoite
1103 1890 1168 1959 boc,

90 1959 189 2031 ,vitii
204 1960 310 2016 Audite
321 1957 502 2028 haec,domue
516 1958 616 2030 Jacob,
634 1964 685 2034 qui
697 1981 783 2023 voca·
873 1968 902 2018 et
916 1962 1014 2017 suern
1028 1961 1101 2017 illud
1117 1975 1212 2032 usque
1226 1961 1261 2016 ad
1277 1963 1406 2016 extreme
1421 1963 1518 2017 terra.

90 2031 102 2087 i
119 2030 237 2086 nomine
254 2030 351 2096 lsrael,
836 2034 947 2092 Dicite:

90 2104 173 2174 aquis
186 2101 263 2157 lude
277 2103 390 2165 existis.
872 2102 1007 2161 Redemit
1024 2102 1163 2159 Dominus
1178 2119 1294 2159 servum
1311 2119 1399 2160 suum
1413 2103 1516 2161 Jacob.

90 2177 148 2230 atis
161 2175 216 2245 (iil.
228 2175 365 2244 jurastis)
380 2175 408 2230 in
426 2175 544 2233 nomine
564 2177 691 2247 Domini,
835 2178 899 2234 Non
914 2175 1052 2234 sitierunt
1067 2175 1097 2229 in
1112 2176 1238 2237 deserto.
1255 2190 1321 2230 cum
1338 2176 1474 2231 educeret
1488 2191 1560 2232 ees:

104 2246 193 2302 lsrael
209 2246 414 2311 recordamini,
431 2263 488 2303 nou
500 2248 530 2305 iu
543 2250 675 2323 veritate,
687 2267 782 2324 neque
872 2264 979 2320 squam
996 2249 1031 2304 de
1047 2251 1128 2318 petra
1144 2246 1281 2319 produxit
1294 2247 1349 2307 eie.

90 2318 201 2385 ustitia,
872 2327 901 2376 et
917 2319 1003 2376 scidit
1019 2324 1143 2390 petrem,
1158 2324 1187 2373 ct
1201 2318 1350 2373 linxerunt
1364 2333 1456 2388 aquia.

90 2396 130 2446 ite
143 2391 222 2445 enim
239 2392 341 2444 sancta
355 2389 448 2445 vocati
465 2396 544 2458 eunt,
835 2394 897 2450 Non
914 2396 960 2448 est
974 2407 1029 2462 pax
1045 2390 1156 2461 impiis,
1169 2389 1241 2445 dicit
1258 2389 1412 2445 Dominus.

90 2478 126 2518 ier
142 2463 229 2517 [teum
248 2459 337 2516 lsrael
352 2462 533 2520 constabiliti
548 2470 637 2521 suut:
836 2466 914 2536 (Gap.
930 2460 1042 2533 xiiii.)
1056 2461 1171 2529 Audite,
1187 2461 1303 2528 insulae,

89 2534 297 2589 sexercituum
314 2549 421 2589 nomen
435 2537 511 2605 ejus.
872 2541 901 2592 et
915 2534 1066 2604 attendite,
1084 2533 1195 2605 populi,
1211 2534 1247 2588 do
1263 2534 1371 2605 longe:

90 2610 187 2660 xtunc
202 2603 384 2671 annuntiavi,
836 2606 979 2664 Dominus
994 2605 1031 2660 ab
1048 2609 1129 2661 utero
1144 2605 1257 2660 vocavit
1272 2621 1328 2667 me.

90 2693 134 2733 ire
149 2692 213 2731 meo
226 2675 370 2739 exierunt,
385 2681 414 2731 ot
434 2677 534 2733 audita
549 2678 602 2734 ieci
618 2696 673 2736 ea:
871 2678 1125 2735 daventrematrie
1136 2692 1206 2730 meai
1220 2676 1442 2731 recordatusest
1453 2673 1582 2730 nominis
1593 2671 1662 2729 mel.

94 2763 110 2804 e
124 2754 263 2821 operatus
277 2763 355 2811 sum,
371 2752 400 2804 et
415 2754 566 2805 venerunt.
836 2752 872 2807 lii
886 2749 986 2820 posuit
998 2764 1032 2804 os
1046 2764 1144 2804 meum
1160 2748 1244 2816 quasi
1259 2747 1391 2821 gladium
1408 2749 1546 2802 acutum:

90 2821 127 2874 im
143 2820 213 2891 quia
228 2820 320 2874 durus
335 2836 366 2874 es
381 2825 426 2888 tu,
872 2823 901 2876 in
918 2822 1023 2875 umbra
1039 2835 1146 2876 manue
1162 2835 1221 2874 sua
1235 2817 1362 2903 protexit
1376 2834 1433 2885 me,

90 2907 142 2947 rus
158 2892 270 2947 terreus
285 2890 381 2946 oervix
394 2896 457 2957 tua,
872 2899 901 2949 et
915 2891 1014 2964 posuit
1029 2907 1076 2947 uie
1090 2891 1168 2946 sicut
1183 2895 1322 2960 sagittam
1339 2888 1483 2944 electam:

90 2979 119 3019 ie
134 2968 185 3018 tue
198 2978 282 3018 aerea.
872 2965 902 3021 in
919 2964 1054 3035 pharetra
1070 2980 1124 3019 sua
1140 2961 1295 3018 absoondit
1310 2976 1367 3017 me.

97 3034 150 3090 tibi
165 3040 303 3090 extunc:
793 3045 815 3114 c
839 3038 875 3093 lit
889 3036 962 3092 dixit
977 3034 1071 3091 inibi:

90 3122 153 3162 nem
169 3106 312 3167 venirent,
327 3103 453 3160 iudicavi
470 3106 536 3170 tibi,
839 3110 946 3166 Servus
961 3123 1045 3162 mene
1060 3122 1092 3162 es
1106 3110 1150 3169 tu,
1167 3102 1270 3175 lsrael,

91 3184 120 3233 te
133 3176 245 3234 diceres
260 3194 266 3231 :
285 3177 365 3233 ldols
380 3193 446 3233 inea
461 3178 591 3235 lecerunt
605 3179 679 3247 liaeo,
875 3179 989 3252 quinio
1005 3184 1033 3234 te
1048 3177 1205 3251 gloriabor.

90 3249 201 3323 ilptilia
227 3265 292 3305 mea
321 3255 350 3304 et
376 3248 537 3305 conflatilia
570 3253 784 3309 mandaverunt
838 3254 872 3310 iii
885 3267 938 3324 ego
953 3250 1032 3306 dixi:

874 3323 905 3379 ln
921 3337 1047 3379 vacuum
1062 3319 1211 3382 laboravi:

90 3392 165 3459 listi,
179 3391 246 3447 vide
261 3391 378 3447 omnia:
874 3394 937 3451 eine
951 3410 1053 3463 causa,
1069 3397 1098 3448 et
1111 3405 1184 3446 vane
1199 3388 1405 3446 tortitudinem
1422 3403 1518 3444 meam
1528 3401 1666 3445 consum·

90 3469 159 3520 item
176 3480 247 3519 num
262 3465 316 3531 (il.
333 3464 402 3534 non)
417 3464 642 3522 annuntiastis?
910 3466 954 3538 psi
970 3482 977 3520 :

90 3536 135 3592 'eci
148 3535 201 3591 tibi
217 3552 293 3592 nova
308 3551 342 3591 ex
356 3540 439 3605 tune,
837 3540 913 3610 Ergo
924 3535 1072 3607 judicium
1089 3549 1187 3590 meum
1204 3548 1272 3588 cum
1288 3531 1420 3601 Domino,

90 3612 210 3663 iscrvota
224 3611 294 3663 suut
308 3623 372 3678 qua
387 3607 502 3663 nescis:
874 3617 991 3682 etopus
1006 3622 1104 3663 meum
1119 3622 1186 3661 cnm
1203 3610 1261 3662 Deo
1277 3620 1352 3661 meo.

90 3684 158 3735 >eata
170 3683 252 3743 sunt.
837 3682 872 3738 Et
886 3697 965 3738 nono
980 3680 1051 3735 dicit
1074 3678 1224 3746 Dominus,
1251 3676 1382 3733 formans
1397 3689 1445 3730 me
1459 3689 1493 3730 ex
1505 3677 1589 3731 utero
1601 3689 1662 3730 ser·

89 3769 98 3807 i
113 3768 147 3807 ex
162 3756 247 3807 tuno:
873 3768 941 3810 vum
957 3750 1026 3820 sibi,

91 3839 106 3879 a
122 3823 208 3889 diem,
225 3826 254 3878 et
270 3837 327 3877 non
343 3821 511 3891 audistine,
873 3830 906 3880 ut
920 3824 1058 3879 reducam
1074 3820 1165 3877 Jacob
1178 3820 1214 3874 ad
1230 3833 1310 3887 euin,

90 3900 120 3951 te
135 3895 234 3950 dicas:
873 3897 907 3953 tit
922 3892 1010 3952 lsrael
1027 3907 1085 3948 non
1100 3889 1342 3963 congregabitur:
1395 3958 1401 3971 ⁹
1426 3958 1433 3970 θ

90 3984 97 4022 l
112 3966 232 4039 cognovi
246 3982 289 4021 ca.
838 3969 872 4024 lit
887 3964 1067 4039 glorificatus
1083 3979 1150 4019 sum
1166 3965 1196 4017 in
1211 3961 1304 4018 oculis
1320 3961 1446 4025 Domini,

90 4038 195 4101 fudisti,
213 4052 307 4109 neque
322 4035 497 4107 cognovisti,
873 4044 902 4095 et
917 4044 994 4094 Deus
1009 4051 1093 4092 meus
1109 4035 1203 4090 lactus
1217 4035 1262 4088 est
1277 4031 1416 4088 tortitudo
1431 4045 1507 4086 mea.

90 4150 91 4155 κ
105 4126 139 4166 ex
154 4115 224 4165 tunc
239 4112 339 4180 aperta
354 4112 399 4163 eet
413 4108 495 4163 auris
509 4110 578 4163 tua:
838 4111 872 4166 iii
886 4110 958 4166 dixit
975 4125 982 4163 :
1596 4170 1602 4183 ‚

90 4197 117 4236 m
132 4184 202 4252 quia
217 4180 409 4250 pravaricons
430 4180 675 4253 praevaricaberis,
838 4182 944 4239 Parum
959 4184 1015 4248 eet,
1033 4182 1064 4233 ut
1075 4176 1117 4233 sis
1129 4176 1199 4232 mibi
1211 4191 1311 4231 servus
1322 4175 1357 4230 ad
1370 4172 1555 4230 suscitandas
1566 4170 1662 4227 tribus

90 4268 283 4317 repressorem
300 4267 334 4306 ex
351 4257 433 4306 utero
448 4252 546 4306 vocavi
564 4256 602 4306 te.
908 4251 1010 4319 Jacob,

90 4340 193 4380 nomen
206 4339 303 4378 meum
316 4321 401 4393 longe
411 4322 515 4378 taciem
525 4324 651 4379 furorem
663 4340 760 4381 meum
773 4341 779 4381 :
873 4328 903 4381 et
917 4327 1001 4379 laces
1017 4320 1107 4377 lsrael
1123 4318 1343 4375 convertendas.

90 4396 124 4451 de
138 4412 205 4477 mee
220 4395 371 4450 infrenabo
387 4399 425 4464 te,
442 4410 477 4449 ne
493 4394 632 4451 intereas.
802 4422 823 4487 Ι)
838 4396 909 4453 Dedi
926 4403 953 4480 te
968 4395 998 4450 in
1014 4390 1110 4447 luoem
1126 4390 1257 4461 gentium
1271 4394 1292 4455 ¹,

90 4484 143 4524 20¹¹
160 4473 198 4533 le,
874 4475 906 4523 ut
923 4484 964 4523 sis
979 4463 1061 4522 salos
1077 4478 1142 4517 mea
1153 4478 1247 4532 usquo
1263 4463 1298 4515 ad
1314 4465 1479 4515 extremum
1494 4460 1589 4513 terra.

90 4556 120 4595 tn
135 4536 219 4608 (tutti
237 4539 404 4608 argentum,
837 4540 903 4596 Hice
919 4538 991 4594 dicit
1006 4535 1151 4593 Dominus
1164 4533 1331 4605 redemptor
1341 4530 1442 4602 lsrael,
1453 4534 1574 4587 sanctus
1585 4528 1661 4599 ejus,

90 4616 114 4667 ta
128 4610 157 4666 in
174 4609 290 4665 camino
306 4608 498 4680 paupertatis.
873 4612 909 4667 ad
937 4604 1186 4679 contemptibilem
1216 4605 1358 4671 animuin,
1391 4603 1428 4659 ed
1462 4601 1661 4658 abominatam

96 4698 154 4752 ine,
180 4685 299 4753 propter
321 4695 368 4734 me
383 4680 499 4746 faciam,
526 4684 632 4736 utnon
649 4681 784 4754 blaspbe·
910 4686 1037 4754 gentem,

90 4770 115 4810 ·:
874 4754 909 4810 ad
927 4768 1043 4809 servum
1060 4748 1267 4805 dominorum:
1384 4816 1390 4828 Ι
1434 4816 1440 4828 Ι

90 4825 162 4880 rium
179 4838 273 4878 meam
291 4820 375 4877 alleri
391 4821 550 4878 tondebo·
837 4829 931 4897 Reges
946 4824 1097 4882 videbunt.
1113 4827 1141 4877 ot
1155 4820 1334 4888 consurgent
1348 4832 1507 4890 principes,

90 4911 109 4963 ³,
126 4896 226 4961 helil),
874 4902 903 4953 et
917 4896 1081 4953 adorabunt
1097 4908 1147 4964 pro
1170 4898 1214 4947 ter
1228 4889 1398 4958 Dominum,
1414 4889 1484 4961 quia
1498 4885 1593 4944 idelis
1605 4891 1661 4958 est,
1714 4896 1718 4905 '

90 4967 139 5038 ¹⁰¹,
155 4981 244 5038 (luem
260 4981 313 5038 08⁰
330 4979 418 5020 V⁰⁰⁰²
873 4975 903 5025 et
918 4972 1054 5024 sanctum
1070 4909 1170 5048 lsrael,
1187 4963 1237 5034 qui
1253 4959 1342 5033 elegit
1355 4964 1394 5016 te.

90 5054 143 5100 ise.
839 5040 904 5097 Hac
919 5040 993 5095 dicit
1010 5037 1152 5093 Dominus
1170 5050 1177 5087 :

90 5111 189 5175 timim,
206 5112 235 5164 θῑ
249 5123 302 5180 08⁰
317 5105 508 5163 ss⁰ll⁸⁵lm⁰⁸·
875 5112 906 5168 ln
921 5116 980 5167 tem
1004 5123 1052 5165 ore
1069 5106 1174 5179 placito
1189 5101 1324 5160 exaudivi
1339 5107 1377 5171 te,

90 5195 196 5254 1⁰0q¹¹0
212 5195 276 5234 ¹110&
292 5179 426 5233 fundavit
441 5183 560 5245 loriam.
874 5188 903 5239 et
918 5183 947 5237 in
963 5185 1010 5237 die
1023 5177 1128 5235 salutis
1144 5175 1303 5232 auxiliatus
1318 5189 1386 5230 sum
1398 5173 1443 5229 tui
1459 5190 1465 5229 :

90 5260 157 5311 :tere
172 5267 238 5307 mea
253 5266 356 5307 mensa
370 5254 417 5306 est
432 5249 518 5307 coelos
533 5268 539 5308 :
838 5255 873 5310 Et
887 5252 1002 5312 servavi
1017 5256 1055 5317 te,

90 5327 140 5382 ibo
155 5323 208 5393 (Al-
224 5321 335 5393 V⁰0³Vll
349 5337 409 5388 0⁰⁵,
875 5333 904 5383 et
918 5326 985 5382 dedi
1001 5328 1029 5380 te
1044 5323 1074 5377 in
1092 5320 1186 5376 toedue
1202 5317 1315 5391 populi,
1326 5322 1359 5374 ut
1371 5316 1531 5373 suscitares
1543 5318 1665 5382 terrain,

90 5399 164 5453 bunt
179 5392 277 5450 timul·
876 5401 905 5455 et
918 5396 1084 5469 possideres
1099 5391 1282 5447 hereditates
1298 5390 1476 5461 dissipatas:

91 5466 183 5525 amini
198 5481 301 5522 omnes
316 5481 378 5530 vos,
394 5469 423 5519 et
435 5465 552 5523 audite:
840 5468 878 5524 Ut
893 5470 1005 5524 diceres
1020 5466 1068 5522 bis
1082 5463 1133 5535 qui
1147 5462 1237 5518 vincti
1253 5466 1323 5517 sunt
1334 5476 1341 5515 t
1354 5459 1454 5543 ilxitej

90 5542 114 5598 le
129 5540 172 5597 eit
187 5535 375 5595 aununtiavit
390 5535 475 5592 hec?
876 5547 906 5597 et
918 5540 966 5597 his
981 5537 1033 5612 qui
1048 5536 1078 5593 in
1093 5533 1224 5592 tenebris
1240 5549 1248 5588 τ
1265 5530 1452 5589 llerelamini.

92 5688 175 5817 nando
191 5686 294 5817 'leigun
306 5683 624 5761 exemplaria'Canonis
636 5681 781 5741 Hebraico
799 5682 941 5750 veritatis,
962 5687 991 5739 et
1006 5682 1173 5757 llleronymi
1184 5674 1480 5739 Commentarietslii
1501 5690 1576 5733 mss.
1593 5672 1663 5731 libri

125 5774 180 5818 cce.
225 5777 291 5818 aar.
