3878 6150
105 197 225 256 rosa·
553 176 583 213 ·’
734 154 842 255 aman
859 197 950 255 ossa
972 154 1187 256 rauranum
1563 265 1567 271 ,
1687 182 1814 290 'ross
1922 219 1925 223 ·

144 322 197 396 qai
210 319 353 392 judicavit
367 319 436 377 Baal
451 319 480 376 in
497 322 545 378 die
561 319 663 394 praelii,
946 323 974 390 Α
989 319 1066 394 (Cap.
1082 322 1157 395 x11.)
1172 321 1307 396 Ephraim
1325 324 1416 394 pascit
1430 327 1561 393 venium,

145 398 239 450 matre
255 409 347 465 super
361 391 435 448 lilios
451 391 548 450 allisa.
1024 397 1196 520 etseqnilur
1211 400 1314 451 astum
1329 411 1336 450 :

106 468 155 522 Sic
172 464 240 521 iecit
253 463 337 520 vohis
353 463 485 520 lieth-El.
1024 468 1085 520 tota
1119 466 1145 522 ie
1161 467 1347 523 mendacium
1361 471 1391 523 et
1417 467 1583 523 vastitatem
1612 466 1807 541 multiplicat:

146 555 163 591 a
179 538 251 592 lacis
266 535 384 590 malitia
399 535 598 607 nequitiarum
615 539 790 592 vestrarum.
988 538 1023 591 Et
1038 535 1133 593 loedus
1148 554 1215 594 cnm
1231 538 1359 612 Assyriis
1373 537 1450 596 iniit.

108 610 189 682 (Cap.
206 609 269 676 xl.)
286 606 380 662 Siculi
395 623 482 663 mane
499 606 614 673 transit,
1024 611 1053 663 et
1067 607 1164 664 oleum
1178 610 1207 665 in
1219 610 1373 682 AEgyptum
1390 609 1511 666 terebat.

146 679 320 752 pertransiit
335 694 384 733 rex
398 679 497 734 israel.
987 677 1137 735 iudicium
1152 696 1221 752 ergo
1237 682 1351 738 homini
1368 697 1435 737 oum
1450 681 1534 751 luda,

108 753 186 818 Quia
200 768 273 822 puer
289 748 389 815 lsrael,
406 754 435 805 et
448 749 536 805 dilexi
549 765 637 804 eum:
1024 755 1053 805 et
1068 751 1197 808 visitatio
1212 769 1302 826 super
1312 753 1404 809 Jacob

146 829 177 880 et
191 840 225 878 ea
240 823 363 895 AEgq’pto
376 822 474 878 vocavi
489 821 583 876 filium
599 836 707 876 meum.
987 819 1077 878 Juxta
1089 822 1152 879 vias
1167 823 1242 893 ejus,

109 895 292 950 vocaverunt
304 909 366 960 eos,
790 960 793 965 1
1024 896 1053 948 et
1065 895 1147 964 iuxta
1162 894 1384 950 adinventiones
1398 895 1464 966 ejus
1478 893 1578 949 reddet
1593 893 1630 949 oi.

147 966 188 1021 sic
201 965 341 1021 abierunt
355 962 456 1020 aiacie
471 979 590 1021 eornm:
988 964 1021 1020 ln
1037 971 1119 1021 utero
1134 965 1336 1039 supplantavit
1350 967 1470 1021 tratrem
1485 981 1573 1021 arrum
1587 982 1594 1019 :

108 1037 223 1094 Baalim
241 1035 444 1102 immolabant,
1024 1040 1052 1091 et
1066 1036 1096 1092 in
1113 1037 1284 1093 tortitudine
1304 1054 1358 1093 sua
1371 1036 1501 1094 directus
1514 1040 1559 1093 est
1572 1053 1639 1093 cum
1656 1035 1769 1109 angelo.

146 1115 176 1164 et
190 1106 359 1164 simulacris
372 1105 586 1163 sacrificabant.
988 1105 1023 1162 Et
1038 1106 1164 1164 invaluit
1178 1109 1214 1165 ad
1231 1109 1381 1180 angelum,

110 1180 145 1235 Et
160 1196 214 1252 ego
229 1179 312 1250 quasi
328 1179 470 1234 nutritius
486 1176 636 1249 Ephraim,
1025 1182 1053 1235 et
1068 1181 1249 1236 confortatus
1263 1185 1328 1237 est:

149 1255 302 1324 portabam
318 1266 368 1306 eos
382 1250 412 1304 in
428 1248 557 1305 brachiis
572 1248 665 1304 meis:
988 1249 1088 1317 Flevit,

146 1330 175 1380 et
190 1323 359 1378 nescierunt
374 1321 451 1392 quod
467 1334 600 1376 curarem
616 1337 678 1378 eos.
1024 1328 1053 1378 et
1066 1321 1178 1393 rogavit
1192 1337 1274 1378 eum:

112 1399 145 1453 ln
164 1393 306 1450 funiculis
320 1392 412 1448 Adam
428 1391 542 1448 traham
558 1408 618 1459 eos,
1024 1396 1056 1450 ln
1072 1393 1192 1449 Eeth-El
1208 1393 1318 1449 invenit
1332 1409 1413 1458 eum,

147 1468 178 1522 in
193 1463 320 1521 vinculis
335 1463 507 1521 charitatis:
1023 1469 1053 1521 et
1067 1464 1107 1520 ibi
1121 1463 1238 1521 locutus
1253 1469 1297 1520 est
1310 1464 1476 1532 nobiscum,

110 1539 147 1594 Et
162 1554 212 1594 ero
226 1537 269 1592 eis
284 1536 368 1607 quasi
385 1535 517 1591 exaltans
527 1534 632 1607 jugum
642 1549 731 1606 super
742 1533 876 1591 maxillas
886 1549 932 1590 eo·
987 1536 1024 1592 Et
1036 1536 1179 1592 Dominus
1196 1537 1271 1592 Deus
1285 1537 1475 1604 exercituum,

185 1624 271 1663 rum:
1023 1609 1168 1665 Dominus
1183 1607 1351 1663 memoriale
1365 1609 1440 1679 ejus,

71 1681 74 1685 ’
148 1683 177 1735 et
191 1677 334 1735 declinavi
346 1679 380 1732 ad
396 1693 474 1746 eum,
493 1681 524 1732 ut
538 1682 713 1734 vesceretur.
951 1689 976 1756 B
990 1682 1023 1734 Et
1037 1684 1068 1735 tu
1085 1680 1120 1736 ad
1137 1684 1225 1735 Ecum
1242 1685 1326 1735 tunm
1343 1677 1519 1735 converteris
1535 1695 1542 1735 :

112 1753 178 1810 Non
190 1755 350 1807 revertetur
364 1750 393 1805 in
405 1755 512 1806 terram
528 1749 653 1821 AEgypti,
994 1764 996 1768 ⁴
1027 1752 1257 1807 misericordiam
1273 1756 1302 1807 et
1311 1751 1459 1822 Jndicium
1475 1748 1602 1816 custodi,

151 1828 179 1879 et
195 1826 287 1878 Assur
299 1822 363 1894 ipse
378 1825 423 1876 est
434 1835 483 1876 rex
498 1820 581 1890 ejus:
1025 1827 1054 1878 et
1067 1838 1154 1895 spera
1168 1823 1198 1878 in
1214 1822 1271 1877 Deo
1285 1826 1337 1877 tuo
1352 1838 1485 1894 semper:

151 1897 291 1966 quoniam
308 1890 618 1947 nolueruntcoavcrti.
989 1892 1149 1963 chanaam,
1166 1894 1195 1949 in
1212 1908 1300 1950 manu
1315 1895 1380 1965 ejus
1395 1898 1505 1949 statera
1520 1891 1632 1960 dolosa,

112 1967 198 2037 Cepit
213 1964 329 2036 gladius
343 1963 373 2018 in
390 1964 558 2020 civitatibus
572 1962 650 2034 ejus,
1026 1964 1205 2022 calumniam
1221 1964 1329 2021 dilexit.

153 2043 183 2094 el
197 2040 353 2092 consumet
366 2034 474 2093 clectos
488 2037 564 2105 ejus,
991 2035 1025 2092 Et
1039 2036 1112 2093 dlxii
1125 2036 1267 2108 Ephraim
1283 2055 1291 2094 :

154 2115 184 2164 el
197 2109 329 2163 comedet
342 2107 439 2177 capita
453 2122 565 2162 eorum.
1026 2109 1131 2165 ilerum
1147 2113 1245 2163 tamen
1261 2108 1342 2163 dives
1356 2106 1477 2163 effectus
1493 2123 1573 2176 sum,

115 2183 154 2236 Et
169 2178 296 2250 populus
311 2193 394 2233 meus
406 2178 543 2248 pendebit
557 2179 591 2233 ad
608 2177 735 2232 reditum
747 2191 844 2231 meum
858 2191 865 2230 :
1026 2179 1124 2236 inveni
1138 2178 1251 2234 idolum
1266 2178 1359 2234 mihi:

150 2251 257 2322 jugum
274 2254 372 2305 autem
385 2250 555 2320 imponetur
567 2248 609 2304 eis
624 2246 724 2318 simul,
1025 2255 1134 2308 omncs
1149 2250 1266 2306 labores
1282 2250 1340 2305 mei

153 2322 232 2393 quod
248 2337 305 2376 non
320 2321 477 2377 auferetur.
1026 2339 1084 2380 non
1099 2322 1250 2378 invenient
1265 2320 1337 2377 mihi
1350 2320 1550 2392 iniquitatem,
1567 2335 1656 2391 quam
1684 2317 1812 2390 peccavi.

114 2392 288 2457 Quomodo¹
304 2392 378 2447 dabo
391 2397 430 2456 te,
446 2391 466 2446 E
489 2390 606 2459 hraim;
992 2393 1025 2449 Et
1038 2410 1092 2467 ego
1106 2393 1250 2450 Dominus
1264 2398 1342 2450 Deus
1358 2400 1426 2448 tuus
1441 2390 1499 2465 (Al.
1510 2390 1572 2447 odd.
1583 2389 1682 2462 eduxi)
1692 2407 1727 2446 ex
1737 2394 1814 2446 terra
1836 2429 1837 2432 ,

151 2470 234 2534 prote
256 2480 302 2519 am
319 2467 358 2532 te,
372 2408 487 2519 lsraelg
1061 2465 1186 2537 Egypti,
1637 2532 1642 2544 ⁸

114 2480 269 2601 Quomodo
285 2535 361 2589 daho
376 2539 405 2589 te
419 2534 629 2600 sicutlldama,
677 2557 679 2560 >
1026 2537 1122 2593 adhuc
1138 2536 1240 2592 sedere
1255 2541 1283 2592 te
1298 2534 1400 2591 luciam
1417 2533 1447 2589 in
1463 2532 1671 2601 tabernaculis,

151 2622 259 2677 ponam
274 2614 300 2661 te
316 2604 499 2662 utSeboim‘l
1027 2608 1104 2664 sicut
1118 2608 1147 2662 in
1163 2607 1268 2663 diebus
1282 2606 1459 2663 festivitatis.

113 2678 294 2734 Conversum
310 2680 356 2733 est
370 2677 400 2733 in
414 2692 460 2732 rne
471 2692 521 2732 cor
536 2691 646 2742 meum,
991 2681 1026 2735 Et
1039 2678 1155 2735 locutus
1169 2694 1236 2735 sum
1253 2694 1341 2748 super
1377 2693 1407 2732 ro
1429 2675 1524 2742 hetae,

154 2749 265 2822 pariter
278 2748 452 2804 conturbata
466 2751 510 2804 eet
527 2746 678 2820 poenitudo
691 2761 765 2802 mea.
1028 2755 1057 2806 et
1070 2766 1124 2822 ego
1139 2749 1283 2805 visionem
1299 2693 1504 2830 muliplicem,
1538 2815 1544 2829 ⁸

116 2825 181 2878 Non
198 2821 302 2876 laciam
318 2819 446 2876 lusorem
463 2820 512 2874 iro
528 2834 618 2874 mese:
1027 2827 1057 2878 et
1069 2822 1099 2877 in
1116 2837 1205 2876 mann
1223 2820 1431 2893 prophetarum
1444 2815 1626 2874 assimilatus
1641 2832 1719 2872 sum.

156 2908 214 2948 non
230 2897 382 2947 convertar
396 2900 428 2947 nt
442 2890 608 2964 disperdam
623 2888 783 2962 Ephraim:
991 2892 1022 2950 Si
1033 2892 1140 2949 Galaad
1155 2890 1279 2962 idolum,

118 2965 269 3033 Quoniam
285 2963 363 3018 Dens
378 2979 443 3035 ego,
1026 2969 1126 3021 tamen
1143 2963 1195 3031 (ll.
1207 2962 1287 3035 ergo)
1304 2962 1413 3019 trustra
1426 2964 1508 3018 eraut
1533 2957 1564 3014 in
1592 2956 1693 3031 (ialgal
1720 2957 1817 3015 bobus

154 3039 184 3090 et
200 3050 258 3090 non
274 3034 382 3090 homo:
954 3055 976 3126 c
1067 3034 1272 3091 immolantes:

118 3108 151 3161 ln
168 3105 264 3163 medio
279 3105 321 3160 tni
337 3109 469 3173 sanctus,

153 3182 183 3233 et
196 3193 256 3233 non
272 3176 423 3248 ingrediar
437 3175 593 3232 civitatem.
1065 3177 1139 3252 agri.

116 3248 186 3305 Post
203 3248 359 3304 Dominum
374 3246 579 3316 ambulabunt,
994 3249 1081 3321 Fugit
1094 3248 1183 3306 Jocub
1201 3248 1230 3303 in
1246 3247 1395 3374 reqionem
1410 3245 1509 3320 Syriae.

154 3320 242 3404 qnasi
257 3319 301 3377 leo
316 3319 432 3392 rugiet;
1030 3331 1057 3378 et
1073 3319 1190 3377 servivit
1205 3321 1283 3376 larue
1310 3320 1339 3374 in
1356 3334 1454 3389 uxore,

116 3391 191 3456 Quia
205 3392 268 3462 ipse
284 3408 316 3445 ru
341 3391 389 3460 iet,
1030 3397 1059 3450 et
1074 3392 1104 3449 in
1120 3406 1209 3447 uxore
1224 3389 1359 3447 servavit.

154 3468 183 3519 et
198 3407 400 3518 lormidaffiunt
415 3460 467 3516 lilii
482 3459 584 3515 mario·
995 3463 1029 3521 in
1056 3462 1198 3537 propheta
1237 3467 1335 3519 nutem
1363 3458 1463 3517 eduxit
1496 3458 1639 3517 Dominus
1666 3455 1755 3514 lsrael
1783 3456 1819 3513 de

116 3534 152 3589 Et
163 3532 323 3589 avolabunt
337 3533 421 3604 quasi
438 3531 498 3588 avis
512 3547 545 3586 ex
560 3535 697 3602 AEgypto,
1065 3535 1210 3608 Egypto:

153 3609 182 3662 et
197 3603 282 3676 quasi
298 3604 434 3661 columba
450 3604 486 3658 de
500 3606 579 3658 terra
592 3601 797 3674 Assyriorum:
1030 3610 1059 3661 et
1074 3607 1103 3663 ia
1120 3605 1262 3689 propheta
1277 3606 1411 3660 servolos
1425 3606 1480 3659 eol.

152 3683 182 3732 ot
197 3675 344 3732 collocabo
359 3693 409 3733 eoo
424 3677 454 3730 io
470 3675 607 3729 domibus
623 3675 696 3737 ouis.
707 3671 939 3727 dioilDomiouo·
994 3677 1036 3733 hd
1051 3678 1236 3734 iracundiam
1252 3691 1299 3732 me
1310 3673 1475 3748 provocavit
1485 3672 1622 3746 Ephraim
1634 3672 1664 3727 in
1676 3672 1818 3728 amaritu-

116 3746 319 3805 Gircnmdedit
357 3764 403 3803 me
438 3746 468 3802 in
508 3745 661 3817 negatione
694 3743 749 3816 (ll.
782 3741 847 3798 adol.
877 3742 942 3814 sua)
1067 3749 1186 3805 dinibus
1202 3744 1276 3811 suis,

189 3818 342 3891 Ephraim,
1031 3823 1060 3874 et
1075 3819 1197 3892 sanguis
1209 3818 1274 3888 ejus
1285 3831 1373 3886 super
1389 3831 1456 3870 aum
1472 3814 1578 3880 veniet,

153 3893 183 3944 ol
198 3889 226 3945 io
243 3890 311 3946 dolo
324 3889 431 3945 domos
447 3886 558 3943 lsrael:
1030 3895 1061 3946 et
1075 3889 1266 3962 opprobrium
1283 3888 1347 3958 ejus
1363 3886 1495 3942 restituet
1511 3885 1538 3941 ei
1568 3883 1709 3940 Dominus
1734 3898 1818 3939 sune.

116 3961 208 4016 ludas
224 3966 322 4017 antem
338 3959 424 4015 testis
439 3958 590 4015 descendit
605 3973 672 4014 cnm
690 3961 757 4023 Deo,
996 3961 1077 4034 (Cap.
1095 3961 1187 4033 xlii.)
1200 3965 1348 4031 Loquente
1362 3956 1512 4031 Ephraim,

154 4037 183 4088 et
197 4049 264 4089 oum
280 4031 391 4089 sanctis
402 4029 508 4086 tidelis.
1033 4032 1134 4090 horror
1147 4030 1254 4088 invasit
1269 4027 1371 4095 lsrael,

1031 4109 1059 4159 et
1072 4104 1197 4176 deliquit
1210 4102 1239 4159 in
1256 4101 1336 4169 Baal,

117 4279 254 4335 Latinum
270 4281 461 4350 Iolorprelom
473 4276 521 4333 hio
537 4276 710 4342 reddidisse,
726 4277 787 4344 ‘'ll“
800 4276 849 4347 lus
862 4274 943 4346 judi·
996 4297 1061 4339 osse
1071 4278 1339 4353 interpretationum
1349 4276 1632 4352 agnoscit,quamvis
1643 4291 1707 4332 eam
1719 4278 1821 4348 poslon

113 4353 188 4407 cauit
204 4351 291 4410 baal:
302 4365 469 4421 quanquam
482 4349 667 4404 Martianaus
680 4363 771 4403 unum
785 4347 885 4402 laudat
896 4361 943 4402 co·
997 4369 1055 4409 non
1072 4354 1190 4424 penitus
1205 4350 1393 4423 comprobat:
1411 4373 1425 4400 «
1441 4350 1470 4405 ln
1481 4366 1514 4406 eo
1526 4350 1599 4417 loco,
1610 4349 1717 4420 inquit¹
1728 4347 1780 4402 nbi
1791 4350 1820 4403 et

115 4423 527 4489 dicomSanEormooeooem‚
543 4420 592 4491 qui
603 4417 940 4492 proooiooodhooGraeoo
957 4421 980 4487 D
999 4441 1052 4481 nos
1063 4430 1091 4480 et
1102 4424 1172 4480 Lxx
1185 4423 1367 4496 interpretati
1378 4438 1497 4478 somus:
1508 4419 1779 4492 Protepomtelsrael
1788 4417 1820 4474 in

114 4493 214 4562 babet,
229 4493 309 4549 domo
319 4492 496 4549 JerobaolEt
506 4492 561 4546 hoo
572 4491 691 4562 quidem
711 4494 937 4561 cognomentum
994 4495 1135 4553 Hebraico
1144 4495 1285 4566 scriptum
1297 4495 1604 4564 esauaooaaacaquod
1612 4491 1719 4563 Aquila
1728 4495 1822 4547 trane·

115 4564 332 4620 Godeooiofuil
359 4563 496 4619 lodicum
520 4562 570 4619 lib·
599 4579 637 4630 Ἡ,
667 4579 694 4617 V·
724 4563 768 4628 32,
799 4577 886 4632 (luam
911 4564 941 4616 02
995 4563 1457 4638 tulito'alqaualdaoae,idest
1477 4573 1553 4619 scuto
1580 4562 1818 4620 circumdedere.

115 4635 208 4691 alludi
224 4634 576 4707 historismapropheto‚
606 4633 684 4689 Inter
707 4637 782 4688 retes
810 4631 940 4704 plerique
995 4640 1076 4707 Quod
1089 4655 1155 4694 cum
1168 4639 1313 4694 inbonam
1325 4641 1436 4708 partem
1450 4640 1622 4708 putaremus
1638 4634 1776 4718 intelligi,
1792 4637 1821 4689 el

115 4723 221 4763 omnes
237 4711 301 4779 post
317 4706 515 4778 Hieronymo]
531 4705 673 4760 ooolionl-
720 4713 782 4760 ovet
808 4721 854 4759 mo
873 4719 940 4758 voro
996 4709 1378 4782 significareprotectionem
1389 4706 1822 4780 :exedilioncSymmachrcon

115 4800 199 4851 rania
210 4795 321 4851 Hebri-„q
334 4793 462 4851 nominis
472 4779 571 4854 ἥκῃ
580 4793 766 4849 differentiae
775 4795 940 4850 armorum
995 4782 1106 4838 trarius
1118 4780 1203 4837 nobis
1214 4796 1320 4836 sensus
1332 4775 1737 4849 subjiciturdicentisiadu'reoi
1744 4795 1782 4843 aa,
1790 4776 1820 4831 id

114 4883 241 4940 lectione
255 4868 354 4948 5927,
371 4886 513 4939 warum
531 4898 582 4954 pm
600 4882 742 4951 judicavit,
772 4886 942 4938 constanter
996 4859 1042 4909 est
1057 4852 1165 4908 tradam
1178 4856 1212 4908 lc.
1224 4852 1265 4907 Ex
1274 4849 1464 4907 translatione
1475 4867 1592 4922 qnoque
1601 4848 1819 4915 'theodotionis

114 4953 671 5027 ³⁰¹⁸
684 4954 942 5026 aanor·
997 4917 1820 5066 ,mlsvl

151 5102 161 5135 ¹
180 5100 270 5154 Locus
285 5096 442 5168 insigniter
456 5096 632 5167 depravatus
648 5094 676 5150 in
693 5111 765 5151 mss.
779 5095 941 5151 codicibus.
997 5066 1051 5122 ¹¹⁰⁰
1062 5069 1117 5133 m·
1132 5070 1248 5148 mium
1265 5072 1367 5148 ‘ime
1382 5070 1468 5147 ΜΨ
1494 5070 1688 5148 ΡΓΟὶΕέθΓΨ·
1713 5069 1747 5119 Et
1770 5062 1819 5118 ΜΟ

110 5173 213 5227 Canon
229 5167 512 5224 San,Germanen„i3
530 5167 583 5222 hoc
613 5168 700 5222 modo
716 5167 776 5236 egit
787 5185 795 5220 ἕ
807 5167 942 5234 Quomodo
997 5153 1103 5194 sensus
1114 5136 1713 5209 magisconvenitEomrnocomminanti.u
1725 5138 1820 5193 Esar.

109 5237 758 5365 dobOloEphraim:fzssoooobolodorael‘l
786 5237 944 5310 Exemplar
1033 5273 1067 5285 -·
1079 5243 1198 5299 Accedit
1209 5241 1363 5311 fidejussor
1377 5246 1406 5297 8.
1422 5242 1485 5367 ipse
1502 5242 1647 5312 Interpres
1673 5243 1701 5297 in
1732 5240 1820 5296 Com·

110 5312 435 5368 veroCarcassonensrs
481 5309 611 5366 cclesias:
639 5308 778 5379 Quomodo
807 5308 877 5364 dabo
905 5315 941 5375 le,
999 5314 1408 5385 ment.,«lnoo‚iaquicas,
1444 5330 1505 5380 oco,
1521 5312 1570 5369 uhi
1585 5319 1613 5369 et
1634 5329 1686 5368 nos
1710 5317 1738 5368 et
1752 5310 1821 5368 LXX

112 5383 273 5455 Ephraim,-
287 5382 458 5453 exnoooobo.
474 5390 617 5452 prolegom
631 5380 718 5436 lsrael
729 5383 742 5434 l
755 5380 942 5436 colbertinus
998 5386 1183 5457 interpretati
1199 5401 1314 5455 sumus,
1323 5390 1468 5457 protegam
1479 5393 1514 5447 te,
1529 5385 1626 5451 iarael,
1638 5384 1668 5439 in
1680 5384 1821 5439 Hebraico

111 5454 205 5512 codex
220 5455 390 5510 aniciensis
405 5453 532 5508 babebat
547 5451 667 5507 verbnm
681 5452 852 5522 expugnabo,
864 5453 941 5524 qood
997 5457 1142 5528 scriplum
1157 5461 1203 5512 est
1218 5457 1493 5525 Ammapeauelaetc.
1507 5477 1520 5504 o
1531 5456 1665 5517 numina.
1679 5455 1728 5526 qui
1738 5459 1768 5511 et
1779 5454 1821 5511 lo-

112 5522 944 5597 maansposteriorlerasitutilaotnmconspiciturinvelu·
996 5544 1065 5584 cum
1081 5528 1159 5584 huno
1175 5527 1324 5600 integrum
1340 5528 1451 5596 laudat,
1467 5528 1628 5609 expugnabo
1642 5526 1671 5582 in
1686 5526 1752 5582 aliis
1763 5540 1820 5583 ms.

113 5597 249 5655 atissimo
260 5597 315 5652 San
327 5595 529 5662 Germansnsi,
545 5613 573 5650 n.
590 5597 607 5650 3
627 5594 710 5652 Unde
721 5595 808 5651 ambo
820 5595 943 5651 nnncle·
997 5599 1159 5670 invenerat,
1175 5617 1226 5673 pro
1239 5609 1381 5672 prolegom
1392 5618 1399 5656 :
1412 5599 1441 5654 in
1458 5598 1525 5655 aliis
1540 5599 1637 5656 eidem
1656 5598 1745 5655 verbo
1761 5614 1821 5654 una

110 5666 943 5797 Funtutnosposuimusipsumflieronymumsecutiquia
992 5671 1143 5743 iunctum.

126 5742 169 5797 rb.
181 5755 213 5796 ur
219 5738 502 5796 Commentariorum
512 5738 544 5795 in
553 5739 626 5796 (leae
637 5738 712 5795 hanc
721 5739 729 5793 i
733 5742 847 5811 paemel
856 5755 941 5794 snam

1029 3123 1098 3164 narn
1114 3111 1143 3162 et
1155 3105 1261 3163 altaria
1275 3120 1376 3162 eornm
1392 3104 1477 3176 qnasi
1493 3100 1587 3160 acervi
1606 3116 1697 3175 super
1723 3098 1817 3157 inicos
1902 3120 1904 3125 ·
