3870 6120
142 178 215 237 ll69
898 181 1005 239 utera
1022 180 1096 240 tos.
1778 181 1849 243 illo

177 305 214 361 lit
226 304 263 361 ad
279 320 361 362 meae
374 304 511 363 miseriae
526 303 653 363 devoluti
668 308 749 361 aunt.
982 308 1012 376 Α
1062 321 1128 364 cum
1142 306 1221 366 disce
1243 310 1340 364 tarent
1353 307 1510 366 adversum
1523 323 1580 365 me.

138 376 288 434 Redaotus
304 393 371 434 sum
386 378 416 434 in
432 376 542 435 nihili:
618 446 625 460 θ
682 446 688 459 ·
1024 378 1099 446 Quid
1114 378 1194 436 enim
1215 324 1321 436 fficiam
1344 395 1411 437 cum
1434 379 1562 437 surrexit
1589 378 1626 439 ad
1650 377 1846 451 judicandum

177 446 328 507 abstulisti
366 446 742 512 uasiaentusdesrderrum
758 461 881 504 meum:
1092 450 1190 508 Densi
1879 484 1882 489 -

177 525 207 578 et
221 521 301 576 velut
313 538 351 577 nu
375 538 407 578 ea
422 520 592 594 pertransiit
606 517 689 576 salua
704 533 779 575 mea.
1057 525 1085 578 et
1100 538 1167 578 cum
1183 521 1343 595 quesierit,
1354 522 1423 594 quid
1440 522 1623 597 respondebo
1638 521 1701 579 itlit

138 596 224 648 Nunc
236 597 336 648 autem
350 592 381 649 in
397 593 557 666 semetipso
586 590 741 648 marcescit
764 588 863 647 anima
889 605 965 659 moa,
1021 591 1171 667 Numquid
1187 611 1245 654 non
1259 594 1289 650 in
1305 598 1387 651 utero
1402 593 1471 651 lecit
1485 610 1531 651 me
1546 594 1597 669 qui
1611 593 1732 651 etillum
1742 610 1845 668 opera·

176 667 206 720 et
220 664 373 737 possident
386 681 432 722 me
442 665 505 721 dies
519 662 699 721 afflictionis.
1091 671 1140 722 tus
1154 670 1220 723 eet:

137 734 229 793 Nocte
244 751 277 792 os
294 751 392 792 meum
409 737 574 810 periuratur
585 733 736 791 doloribus
749 749 756 801 ;
1054 741 1084 794 et
1097 737 1232 795 formavit
1244 753 1290 793 me
1306 736 1335 793 iu
1351 736 1437 793 vulva
1451 753 1529 794 unus
1544 736 1585 811 (h.
1597 740 1626 794 et
1639 735 1776 796 formavit
1788 753 1842 797 nos

174 811 204 864 et
216 805 267 881 qui
282 822 329 864 me
342 809 512 877 comeduut,
526 823 584 864 non
599 805 760 861 dorminut.
1090 809 1120 865 in
1136 808 1221 866 vulva
1235 808 1329 878 unali

135 879 170 934 ln
200 878 390 936 multitudine
417 896 520 937 eorum
551 874 964 934 consumiturvestimentum
1018 879 1049 937 Si
1065 881 1179 954 negavi,
1195 880 1273 954 quod
1288 879 1435 947 volebant,
1450 879 1641 1006 pauperibus,

212 967 323 1015 meum,
1054 959 1082 1008 et
1096 953 1198 1009 oculos
1214 952 1307 1007 vidae
1322 954 1491 1023 exspectare
1518 951 1572 1009 eoi.

171 1029 201 1078 et
215 1022 299 1095 quasi
315 1022 421 1096 capitio
438 1021 545 1079 tunicae
560 1019 769 1078 succinxerunt
785 1035 842 1076 me.
1016 1021 1047 1079 si
1061 1024 1175 1081 comedi
1190 1022 1335 1081 bucellam
1350 1038 1444 1078 meam
1459 1020 1553 1090 aolus,

133 1092 330 1166 comparatus
343 1111 410 1151 sum
425 1093 500 1151 luto.
1053 1098 1082 1151 et
1096 1112 1154 1152 non
1166 1095 1293 1153 comedit
1304 1092 1436 1168 pupillus
1451 1111 1486 1151 ex
1499 1110 1533 1152 ea
1547 1111 1555 1152 ι

170 1171 201 1221 et
216 1164 398 1222 assimilatus
413 1183 479 1223 sum
495 1163 598 1221 favillae
614 1165 644 1219 et
658 1161 761 1220 cinari.
1016 1165 1090 1231 Quia
1104 1168 1141 1224 ab
1157 1166 1282 1224 infantia
1297 1181 1362 1222 mea
1383 1165 1475 1223 erevit
1489 1181 1606 1223 mecum
1635 1165 1785 1225 miseratio
1798 1167 1839 1240 (ιι.

133 1235 236 1294 Clamo
252 1238 287 1293 ad
301 1242 339 1308 te,
355 1242 384 1294 et
398 1254 457 1295 non
471 1235 593 1293 exaudis
608 1251 655 1292 me
1088 1253 1218 1295 crescere
1233 1255 1280 1295 me
1295 1236 1362 1294 lecit
1374 1236 1450 1294 sicut
1462 1238 1556 1311 pater)
1571 1256 1578 1296 :

170 1313 228 1380 eto,
244 1314 272 1365 et
289 1325 345 1365 non
361 1309 483 1381 respicis
499 1324 556 1364 me.
1051 1311 1130 1366 etde
1145 1314 1228 1368 utero
1243 1308 1346 1367 matris
1361 1323 1433 1364 mee
1448 1324 1568 1381 egressa
1582 1312 1628 1366 cst
1642 1325 1768 1367 mecum.

131 1382 265 1436 ltututue
280 1396 312 1437 es
328 1381 400 1437 mibi
416 1381 446 1436 in
462 1377 622 1449 crudelem,
1015 1379 1045 1436 Si
1061 1381 1181 1456 despexi
1195 1382 1235 1451 (ιι.
1254 1380 1366 1453 aspexi)
1381 1384 1562 1453 pereuntem,
1573 1397 1607 1438 eo
1623 1381 1700 1454 quod
1717 1398 1774 1438 non
1791 1380 1842 1439 ha·

168 1456 199 1507 at
213 1451 243 1507 in
260 1452 368 1509 duritie
382 1468 489 1510 manus
505 1454 561 1507 tua
577 1447 742 1507 adversaris
756 1447 841 1504 milri.
1086 1453 1184 1511 buerit
1196 1452 1416 1523 indumentum,

131 1521 260 1579 Elevasti
276 1540 333 1592 me,
917 1550 920 1557 ¹
1050 1527 1080 1581 et
1094 1524 1206 1599 absque
1220 1525 1401 1599 operimento
1415 1539 1572 1596 pauperem
1591 1540 1598 1582 :

167 1595 535 1724 {iiiiii{iiiiiintum
552 1607 665 1664 ΝΜ
1014 1594 1754 1725 ⁵*ttttltlillltllllttlti”taram
1782 1672 1827 1725 ee

130 1709 664 1823 Scioenimquiamortitradesme,
700 1805 706 1817 ι
780 1805 787 1817 .
973 1684 1413 1868 Biiileuterieupergupillum
1430 1754 1551 1796 manum
1565 1754 1696 1821 meam„
1829 1709 1837 1725 ο

169 1808 220 1866 ubi
234 1814 394 1867 constitute
407 1816 453 1866 eet
465 1808 571 1865 domus
587 1822 666 1863 amm
681 1809 799 1862 virenti.
1047 1811 1137 1869 etism
1152 1828 1220 1868 cum
1235 1812 1262 1868 vi
1285 1826 1364 1868 erem
1381 1825 1427 1867 me
1451 1809 1480 1867 in
1502 1815 1587 1884 porta
1598 1825 1779 1884 superiorem
1794 1810 1835 1883 [h.

130 1882 343 1938 Verumtamen
352 1882 453 1938 ncned
460 1878 744 1937 consummationem
757 1878 959 1936 meam¹omit=
1083 1883 1250 1957 superioril.

203 1953 243 2009 tis
256 1969 377 2010 manum
392 1957 474 2009 tuam
491 1968 498 2007 :
1011 1953 1159 2012 Humerus
1174 1971 1257 2012 meus
1272 1954 1440 2027 ajunctura
1455 1952 1620 2024 suecedet,

164 2028 194 2079 ot
209 2023 236 2080 si
251 2025 427 2095 corruerint,
443 2022 506 2096 ipse
520 2020 659 2078 salvabis.
1045 2030 1074 2082 et
1084 2026 1344 2084 brachiummeum
1355 2022 1834 2097 cumeuisoeeibuacontrlngatur.

130 2095 255 2152 Flebam
270 2098 418 2169 quondam
433 2110 566 2168 supereo
581 2092 631 2166 qui
646 2090 774 2177 sillictus
788 2095 862 2161 erat,
1009 2095 1127 2170 Semper
1136 2098 1214 2155 enim
1224 2096 1309 2172 quusi
1316 2100 1466 2154 tumentes
1476 2111 1624 2170 superma
1635 2095 1836 2155 ductuetimul

165 2171 194 2222 et
208 2183 272 2223 com
297 2168 443 2226 otiabatur
457 2166 556 2224 anima
568 2181 633 2222 mea
648 2181 780 2238 paupera.
1080 2173 1183 2242 neum,

127 2185 341 2311 Exspectabam
357 2240 446 2308 bono,
461 2243 491 2296 et
504 2239 647 2295 venerunt
662 2235 732 2292 mibi
749 2233 827 2292 mala
843 2251 851 2291 ε
1044 2242 1074 2295 et
1088 2242 1204 2312 pondua
1219 2241 1284 2314 ejus
1299 2240 1374 2297 serre
1390 2255 1448 2296 non
1464 2235 1557 2311 potui.

164 2311 358 2381 praestolabar
372 2310 479 2379 lucem,
494 2315 522 2367 et
536 2325 587 2366 eru
610 2311 696 2364 erunt
711 2307 846 2365 tenebre.
1007 2309 1036 2367 si
1049 2313 1149 2385 putavi
1160 2329 1265 2370 aurum
1281 2312 1371 2370 robur
1386 2326 1496 2382 meum,

126 2380 270 2438 Interiora
284 2398 350 2439 mea
363 2382 562 2464 efferbuerunt
576 2325 687 2463 Ιιιὶιᾳιιρ
703 2378 765 2437 ulla
779 2378 891 2452 requie,
1044 2388 1073 2439 et
1087 2385 1193 2459 obryzo
1208 2384 1285 2441 dixi:
1302 2383 1421 2440 Fiducia
1436 2397 1513 2464 meu,
1536 2450 1543 2463 .
1560 2450 1577 2464 η
1660 2451 1667 2465 ι

164 2458 369 2525 provenerunt
384 2470 431 2510 me
445 2456 508 2510 drea
524 2451 704 2509 alllrctronre.
1007 2451 1037 2509 Si
1053 2451 1166 2512 letatus
1181 2472 1249 2512 sum
1265 2471 1355 2528 super
1369 2453 1471 2511 multis
1485 2453 1596 2509 divitus
1612 2467 1696 2524 mers,

128 2523 258 2582 Maerens
273 2525 456 2594 incedebam,
472 2525 537 2581 eine
549 2524 665 2592 lurore3
1043 2530 1072 2582 et
1109 2528 1158 2584 uia
1173 2528 1300 2599 plurima
1316 2526 1424 2598 reperit
1438 2540 1544 2581 manus
1561 2539 1637 2580 mea.

161 2613 355 2679 consurgene,
370 2598 400 2655 ln
415 2596 504 2653 turba
517 2593 650 2653 clamavi.
1007 2595 1038 2652 si
1054 2543 1113 2654 vigi
1129 2597 1222 2656 solem
1236 2598 1277 2671 [h.
1294 2597 1402 2670 lucem]
1417 2611 1485 2653 carm
1500 2594 1637 2667 fulgeret,

123 2665 228 2725 Frater
240 2667 283 2724 tur
298 2670 471 2737 draconum,
1011 2705 1014 2712 .
1046 2672 1076 2726 et
1089 2669 1190 2727 lunam
1207 2670 1390 2727 incedentem
1404 2666 1506 2724 clare:

161 2744 192 2795 et
206 2739 305 2797 socius
321 2739 533 2807 struthionum,
1007 2743 1041 2801 lit
1056 2739 1186 2799 letatum
1202 2746 1247 2799 ast
1261 2741 1292 2797 in
1311 2739 1484 2797 abscondito
1498 2749 1669 2802 cormeum,
1765 2775 1769 2779 -

120 2810 211 2868 Cutis
227 2827 291 2869 mea
303 2810 455 2885 denigrata
468 2816 513 2868 est
528 2824 689 2883 superma,
1042 2816 1072 2869 et
1084 2812 1235 2870 osculatus
1252 2829 1318 2869 aum
1334 2826 1456 2867 manum
1472 2823 1568 2866 meam
1583 2823 1633 2864 ore
1648 2821 1725 2865 meo.

159 2886 189 2938 et
203 2898 270 2939 ossa
285 2900 349 2940 mea
364 2886 505 2940 eruerunt
539 2898 576 2938 re
592 2883 737 2938 caumate.
1006 2887 1073 2953 Quo
1089 2889 1135 2942 est
1149 2885 1289 2956 iniquitas
1304 2882 1443 2954 maxima,

119 2955 217 3010 Versa
230 2958 276 3010 est
289 2955 331 3026 (ιι.
347 2955 382 3011 lit
396 2955 462 3026 luit)
479 2899 536 3009 inl
1574 3021 1580 3033 ι

157 3028 186 3080 tl
201 3042 235 3080 οι
256 3042 345 3082 unum
361 3042 460 3082 meum
476 3025 506 3081 iu
522 3041 620 3081 votem
638 3022 784 3080 flentium·
965 3051 987 3121 c
1006 3029 1034 3085 Si
1050 3028 1170 3102 gavisus
1184 3044 1251 3084 sum
1266 3028 1303 3084 ad
1320 3024 1517 3106 ruinsmtejus
1531 3037 1582 3094 qur
1597 3035 1645 3077 me
1665 3020 1776 3090 oderat,

121 3095 204 3168 (Cap.
248 3095 332 3169 XXI.)
347 3097 447 3171 Pepigi
463 3097 557 3153 loedue
571 3112 639 3152 cum
654 3096 749 3153 oculis
764 3094 851 3164 meis,
1041 3107 1070 3158 et
1084 3099 1236 3167 exsultavi,
1253 3098 1330 3173 qnod
1347 3097 1507 3154 invenisset
1520 3108 1588 3150 eum
1603 3090 1726 3149 malum.

156 3173 189 3223 ut
205 3183 241 3224 ne
257 3168 414 3241 cogitarem
430 3169 548 3241 quidem
564 3168 600 3224 de
614 3166 745 3240 virgine.
1005 3171 1068 3229 Non
1085 3172 1164 3229 enim
1180 3170 1247 3228 dedi
1263 3172 1299 3227 sd
1336 3168 1497 3226 occandum
1513 3168 1616 3238 guttur
1630 3178 1742 3235 meum,

118 3238 217 3304 Quam
232 3239 311 3295 enim
327 3245 439 3312 partem
452 3240 573 3296 baberet
586 3239 665 3295 Deua
680 3238 710 3294 in
725 3254 771 3297 me
785 3239 913 3312 desuper
927 3241 949 3312 ²,
1040 3248 1073 3301 ut
1087 3247 1253 3314 expeterem
1269 3186 1448 3299 maledicens
1461 3237 1591 3319 animam
1606 3235 1682 3318 ejus.

155 3316 185 3367 ot
200 3309 401 3368 haereditatem
418 3311 610 3385 Omnipotens
625 3311 661 3366 de
675 3310 824 3368 excelsis?
1004 3314 1034 3373 Si
1050 3332 1108 3372 non
1122 3315 1260 3371 dixerunt
1273 3312 1327 3370 viri
1342 3312 1353 3347 ⁸
1368 3309 1549 3373 tabernaculi
1565 3322 1644 3364 mut:

116 3380 271 3453 Numquid
288 3399 346 3439 non
360 3383 485 3456 perditio
500 3388 545 3439 est
560 3383 662 3453 iniquo
1039 3386 1108 3450 Ouia
1124 3387 1172 3443 det
1186 3387 1222 3443 de
1236 3384 1377 3442 carnibus
1391 3383 1457 3468 ejus
1474 3385 1507 3439 ut
1520 3376 1709 3437 saturemur?

154 3459 184 3509 et
199 3452 337 3511 alienatio
351 3455 542 3528 operantibus
557 3453 753 3525 injustitiam?
1004 3458 1086 3515 poris
1102 3475 1159 3516 non
1176 3457 1284 3514 mangis
1320 3470 1483 3529 0503„an

1299 3474 1421 3601 fmeum
1436 3523 1540 3584 viatori
1552 3521 1658 3594 patuit.

537 2957 636 3010 uotum
653 2950 766 3008 cithera
781 2968 858 3023 mes,
1042 2961 1072 3015 et
1087 2957 1203 3028 negatio
1218 2961 1321 3014 contra
1335 2955 1426 3012 Deum
1442 2949 1634 3009 altissimum.

115 3523 223 3581 Nonne
235 3524 298 3597 ipae
313 3527 477 3584 considerat
491 3526 553 3582 vias
568 3541 661 3595 meae,
1038 3530 1146 3587 ostium
1162 3528 1204 3600 (h,
1220 3530 1296 3587 (istis

154 3602 185 3653 ⁰²
200 3601 321 3653 ⁰⁰n⁰¹⁰³
335 3615 451 3669 8⁹⁰⁵⁸¹¹⁸
467 3614 547 3654 m⁸⁰⁸
561 3595 754 3654 dinumettl?
1001 3601 1030 3657 Si
1046 3600 1186 3658 abscondi
1197 3597 1426 3673 quasibomolb.
1440 3593 1704 3668 tdamipecratum
1716 3607 1827 3662 meum,

115 3665 146 3722 ⁸5
164 3667 312 3724 imbultli
328 3669 358 3725 in
374 3670 512 3735 vanitate.
1036 3678 1065 3729 et
1079 3672 1169 3731 celavi
1182 3673 1211 3727 in
1228 3674 1295 3729 sinu
1312 3687 1374 3728 mco
1388 3668 1575 3741 iniquitatem
1588 3679 1693 3722 meam.

150 3743 182 3795 ot
198 3739 349 3798 festinavit
363 3741 392 3798 in
404 3740 470 3798 dolo
485 3757 536 3813 pes
552 3739 657 3796 mcue‘l
1000 3745 1031 3801 Si
1046 3761 1079 3800 ex
1103 3745 1147 3800 avi
1164 3744 1198 3799 ad
1217 3742 1437 3799 multitudinem
1452 3738 1587 3819 nimiam,

110 3811 273 3883 ΔΡΙ)θηίὶαι
288 3828 335 3869 ¹¹²0
348 3811 379 3868 in
395 3818 504 3870 ⁸l⁸l⁰t⁸
515 3812 607 3883 jusit·
1035 3821 1062 3872 et
1078 3763 1224 3888 despectio
1237 3814 1466 3887 propinquorum
1481 3810 1588 3865 terruit
1602 3821 1671 3862 ma:
1751 3875 1758 3889 ι

146 3887 178 3938 et
192 3883 267 3938 sciet
283 3888 360 3939 Deus
376 3884 597 3958 simplicitatem
614 3897 723 3954 meam,
1034 3890 1063 3943 et
1078 3903 1135 3942 non
1152 3885 1248 3957 magia
1271 3883 1361 3950 tacui,
1376 3898 1429 3939 nec
1452 3894 1591 3953 egressus
1613 3893 1679 3934 sum
1703 3878 1823 3936 ostrum.

109 3952 139 4008 Bi
156 3953 320 4010 declinarit
332 3970 453 4028 gressus
469 3956 601 4011 monade
615 3954 673 4022 via,
997 3957 1068 4023 Qui„
1083 3958 1157 4014 mihi
1172 3957 1283 4013 tribuat
1297 3954 1474 4023 auditorem,
1658 4019 1665 4032 .

147 4029 177 4082 et
192 4027 221 4081 si
234 4024 276 4096 (ιι.
289 4042 346 4083 non
363 4027 461 4100 habat)
477 4031 612 4085 seculum
629 4038 674 4083 est
688 4024 789 4083 oculos
801 4040 943 4087 meoscor
1033 4035 1066 4086 ut
1080 4029 1261 4087 desiderium
1276 4042 1373 4083 meum
1389 4024 1581 4107 Omnipotens
1596 4021 1699 4078 audiat
1714 4033 1722 4077 :

189 4111 289 4152 meum
304 4098 326 4163 ἰ
1031 4106 1060 4158 et
1075 4101 1183 4158 librum
1199 4099 1309 4157 scribat
1323 4098 1386 4171 ipse
1401 4096 1451 4168 qui
1463 4094 1600 4166 judicat:

146 4170 178 4222 et
192 4168 223 4223 in
240 4169 378 4227 menibus
394 4169 468 4228 meis
483 4169 606 4227 adhaesit
621 4168 748 4225 macula.
996 4171 1031 4229 Ut
1047 4173 1212 4229 inhumare
1226 4187 1290 4226 meo
1306 4173 1419 4243 portem
1432 4167 1527 4234 illum,
1654 4234 1659 4246 Ι
1686 4233 1692 4247 .

107 4242 222 4305 Seram,
235 4245 264 4295 et
279 4240 356 4297 alius
369 4243 501 4299 comedat
517 4259 523 4296 :
1030 4248 1059 4300 et
1073 4245 1252 4301 circumdem
1268 4241 1351 4298 illum
1367 4240 1452 4313 quasi
1467 4252 1605 4295 coronam
1621 4234 1719 4292 ιιιιιιιι

146 4314 178 4366 θῖ
192 4313 347 4383 effluentes
362 4329 428 4369 mea
442 4313 618 4369 eradicetur.
993 4320 1048 4372 Per
1062 4314 1193 4388 singulos
1209 4314 1318 4399 gradus
1331 4307 1621 4385 meospronuntiebo
1636 4307 1732 4378 illum,

107 4382 137 4436 si
154 4381 310 4464 deceptum
326 4389 370 4440 eet
381 4401 431 4440 cor
445 4400 544 4441 meum
559 4399 649 4455 super
664 4382 796 4467 muliere,
954 4417 979 4484 D
1030 4391 1059 4443 et
1073 4387 1159 4460 quasi
1174 4385 1300 4460 praecipi
1316 4385 1436 4441 olieram
1451 4397 1530 4438 eum.

145 4457 177 4509 et
192 4469 217 4509 er
233 4455 269 4510 ad
285 4456 393 4512 ostium
411 4456 498 4513 amici
515 4456 571 4512 mei
584 4456 744 4513 insidiatus
758 4471 825 4512 aum
842 4469 849 4509 ι
993 4458 1023 4515 si
1040 4460 1195 4516 adversum
1211 4473 1258 4514 me
1273 4462 1352 4513 terra
1365 4471 1431 4512 mea
1444 4453 1563 4518 clamat,

108 4524 251 4580 Scortum
267 4527 306 4583 ait
320 4544 391 4583 uxor
402 4543 468 4583 mea
478 4527 609 4596 alterius,
1028 4534 1136 4587 etcum
1150 4530 1215 4602 ipsa
1229 4527 1304 4586 sulci
1320 4528 1385 4654 agua
1399 4525 1518 4582 delient.

147 4599 178 4651 et
193 4612 283 4668 super
297 4597 377 4655 illam
393 4598 583 4656 incurventur
597 4598 658 4657 alii.
991 4600 1021 4659 si
1039 4602 1150 4659 tructus
1164 4602 1229 4673 ejice
1244 4615 1327 4657 come
1350 4599 1358 4653 i
1374 4598 1485 4670 absque
1499 4591 1635 4678 pecunia,

107 4665 170 4723 Hoc
185 4668 265 4724 enim
283 4671 365 4726 netas
381 4675 437 4736 eat,
665 4708 668 4713 -
1028 4676 1058 4729 et
1073 4673 1202 4729 animam
1218 4669 1413 4744 agricolarum
1430 4669 1494 4740 ejus
1509 4666 1599 4723 alitur
1615 4681 1623 4723 ι

144 4742 177 4794 et
193 4738 337 4813 iniquitas
352 4743 489 4799 maxima.
992 4749 1047 4801 Pro
1063 4745 1211 4802 frumento
1226 4743 1338 4800 oriatur
1353 4739 1424 4799 mibi
1438 4738 1577 4807 tribulus,

107 4808 194 4880 ignis
211 4816 256 4867 eat
270 4828 364 4884 oeque
380 4815 415 4870 ad
431 4813 624 4886 perditionem
641 4814 796 4885 devorans,
1064 4820 1093 4873 et
1108 4833 1160 4890 pro
1173 4816 1281 4873 hordeo
1296 4815 1392 4887 spina.

143 4886 174 4938 et
189 4883 292 4941 omnio
305 4886 461 4943 eradicans
475 4884 636 4959 genimina.
1202 4903 1296 4944 scurra
1315 4901 1391 4943 suar
1409 4899 1503 4941 vanae
1520 4899 1571 4940 roe
1585 4883 1606 4942 ⁸.

104 4951 135 5007 Si
166 4956 332 5027 contempsi
361 4957 462 5014 subire
487 4955 633 5028 iudicium
648 4970 715 5012 cum
732 4971 815 5013 servo
830 4969 896 5012 meo
910 4957 938 5011 et
993 4957 1072 5032 [Cap.
1088 4958 1223 5031 xxxii]
1238 4957 1408 5015 omiserunt
1422 4961 1521 5012 autem
1546 4954 1674 5013 tresviri
1698 4953 1747 5013 isti
1771 4966 1817 5011 re·

181 5024 293 5087 ancillo
309 5044 384 5085 mee.
1064 5031 1208 5103 spondere
1223 5029 1289 5099 lob,

179 5218 254 5274 Cam
277 5221 405 5295 vulgatis
435 5222 551 5290 Reainae
575 5238 631 5280 rna.
647 5237 742 5280 eoram
770 5223 858 5282 habet
885 5242 937 5298 pro
993 5229 1142 5299 impressa
1174 5228 1272 5282 autem
1298 5223 1385 5282 lectio
1413 5223 1535 5282 Hebreo
1566 5221 1745 5280 conformior
1771 5225 1818 5281 est
1912 5231 1916 5237 ’

104 5306 197 5346 mecm
212 5308 219 5357 ;
233 5307 301 5349 com
318 5297 417 5350 tamen
433 5294 461 5351 in
473 5295 593 5352 Hebraeo
608 5294 726 5360 sistra:
743 5295 794 5352 sed
811 5312 878 5353 mox
892 5313 937 5355 re·
990 5298 1094 5357 textui.

103 5360 183 5419 etius
195 5361 494 5433 mittirmaaum‚nam
507 5383 601 5438 neque
613 5366 751 5423 Hebreue
762 5368 935 5426 oddilinam.
1027 5371 1203 5442 *expuncta
1218 5368 1344 5442 negandi
1360 5365 1514 5438 particula,
1531 5365 1602 5440 legit
1624 5366 1703 5422 idem
1719 5382 1775 5421 ms.
1791 5368 1818 5423 si

141 5451 153 5486 a
169 5450 261 5508 Addit
285 5453 363 5512 idem
390 5454 587 5514 mmmmm
616 5472 669 5528 m,
691 5457 769 5530 quod
800 5459 936 5518 flebam„
992 5442 1117 5499 dixerint
1132 5444 1198 5512 utri,
1214 5447 1281 5508 etc,
1297 5441 1392 5512 magis
1421 5441 1456 5496 ad
1487 5437 1620 5494 Greoum
1644 5440 1698 5490 τῶν
1725 5437 1815 5507 uxx;

105 5521 216 5605 nestit
991 5547 1061 5587 nem
1077 5531 1216 5588 Hebraeus
1231 5534 1330 5587 textus
1344 5538 1421 5590 tumre
1438 5511 1476 5588 ιιι
1492 5537 1548 5596 nrt,
1562 5527 1588 5582 ei
1604 5541 1660 5581 noa
1684 5525 1818 5585 ditmar

142 5593 236 5649 ⁸Alto
262 5595 321 5653 lere
345 5613 435 5656 sensu
466 5599 544 5656 idcm
571 5603 750 5657 mereretur
776 5603 815 5658 eat
840 5602 937 5658 ocatur
989 5606 1046 5661 eto.

104 5680 227 5733 mataps
242 5682 342 5727 meum.
359 5670 407 5727 Sic
431 5671 519 5729 etiam
545 5671 641 5728 lerunt
665 5671 754 5730 editio
777 5672 887 5729 sistit
908 5678 937 5731 et
1027 5673 1262 5730 ‘desiderantur
1284 5673 1313 5727 in
1339 5669 1490 5728 nonnullis
1512 5669 1624 5726 Latinis
1638 5668 1815 5729 editionibus

106 5734 341 5812 Compluteneis,
356 5747 471 5802 tantum
500 5743 578 5817 quod
601 5759 648 5802 cor
669 5760 721 5818 pro
749 5760 777 5802 cs
798 5743 934 5802 retinent.
992 5744 1054 5804 brec
1067 5745 1165 5815 aerbo,
1178 5763 1242 5820 que
1258 5761 1311 5802 nec
1323 5743 1430 5817 legisse
1444 5741 1593 5811 videntur,
1605 5744 1657 5800 aut
1669 5747 1749 5803 certe
1764 5759 1815 5802 ne·
