3878 6150
676 296 784 352 alasa
801 297 828 350 11
845 295 1049 353 maculat.
1664 305 1718 362 818

90 438 126 495 tp.
152 420 255 490 llel.)
282 420 353 477 Octo
379 436 526 477 annorum
554 425 617 478 crat
636 420 734 478 iosias
764 435 832 474 cum
848 425 876 489 Α
890 420 945 475 da:
962 420 1033 492 quia
1046 420 1268 494 dereliquerunt
1283 437 1341 493 me,
1354 423 1635 484 etsacrissceverunt
1659 429 1716 488 diis

90 527 135 568 arc
149 510 296 583 caepisset,
312 514 341 567 et
354 510 479 583 triginta
493 527 550 568 uno
566 528 642 567 anno
655 508 787 583 regnavit
802 508 832 563 in
887 507 1004 576 alienis,
1020 509 1171 568 irritantes
1186 528 1233 566 me
1248 511 1400 568 incunctis
1411 514 1550 585 operibus
1569 532 1715 576 manuum

90 597 194 657 talem:
211 615 319 655 nomen
335 600 440 655 matris
464 599 530 671 ejus
555 599 649 665 ldida,
666 599 726 655 filia
741 597 833 668 adaja
886 606 1051 672 suarum,ct
1064 601 1258 658 succendetur
1272 603 1435 676 indignatio
1451 620 1514 660 mea
1526 604 1556 659 in
1567 603 1631 662 loco
1647 606 1714 675 boc,

90 687 210 746 aemath.
228 688 367 760 Fecitque
381 689 459 761 quod
480 688 622 761 placitum
647 693 710 745 erat
733 702 831 744 coram
887 695 917 744 et
931 706 988 745 neo
1004 689 1224 763 exstinguetur:
1242 692 1311 763 Regi
1328 699 1428 748 autem
1442 693 1529 764 luda,
1545 696 1596 766 qui
1631 697 1714 753 misit

89 780 189 853 ine(b.
204 779 234 835 in
251 779 345 837 oculis
365 779 505 849 Domini),
535 787 564 836 et
591 778 754 836 ambulavit
781 794 834 851 per
885 795 937 834 vos
953 783 984 835 ut
998 780 1189 836 consuleretis
1206 782 1372 849 Dominum,
1388 781 1430 838 sic
1444 782 1568 841 dicetis:
1591 784 1657 841 Haec
1669 786 1713 842 di·

90 870 193 927 savias
205 868 295 926 David
317 868 492 942 patrissui:
524 886 581 926 non
611 869 769 926 declinavit
796 868 831 923 ad
887 868 1180 925 citDominusDeus
1206 870 1318 926 lsrael:
1350 872 1403 927 Pro
1431 888 1465 927 eo
1494 873 1573 944 quod
1601 875 1712 931 auditis

90 975 170 1030 tram,
180 960 241 1016 sive
251 958 286 1014 ad
300 957 449 1014 sinistram
460 960 503 1030 (T.
515 958 622 1030 cclx).
634 966 720 1014 Anno
735 963 832 1013 autem
886 959 975 1014 verba
989 960 1135 1015 uoluminis
1149 960 1190 1027 (b.
1208 977 1265 1015 non
1282 959 1390 1031 babet),
1406 966 1435 1016 et
1447 962 1633 1033 perterritum
1663 968 1710 1021 est

90 1065 111 1106 'o
126 1049 240 1105 decimo
255 1046 334 1120 rogis
346 1047 445 1116 lesia,
462 1047 543 1104 misit
555 1048 723 1120 rchapban
738 1045 833 1102 [ilium
885 1063 938 1104 cor
953 1052 1090 1116 tuum,et
1104 1047 1281 1104 humiliatus
1296 1066 1327 1104 cs
1342 1064 1441 1105 curam
1457 1051 1585 1117 Dersaioi,
1600 1052 1709 1110 auditis

90 1140 134 1203 r¹‚
150 1136 204 1193 lilii
217 1135 390 1201 Messalam,
415 1136 541 1193 scribam
568 1136 670 1209 templi
704 1134 833 1204 Domini,
888 1136 1192 1193 serniouihuscontra
1216 1138 1315 1193 iocum
1345 1138 1446 1205 istuua,
1475 1143 1504 1194 et
1530 1139 1711 1199 habitatores

90 1244 111 1285 ia
123 1225 170 1283 ci:
187 1226 266 1282 Vade
280 1226 316 1282 ed
333 1225 461 1282 llelciam
476 1228 659 1283 sacerdotem
679 1242 833 1297 maguum,
888 1229 1058 1300 ejus,quod
1075 1226 1532 1299 (ma.duo)videlicetfierentin
1561 1238 1712 1302 stuporem

90 1314 536 1388 iuueturffpecunia,quailtate
559 1320 604 1372 est
629 1315 658 1371 in
688 1314 832 1387 templum
887 1323 915 1373 et
943 1316 973 1371 in
1008 1316 1210 1384 maledictum,
1237 1321 1266 1371 ct
1293 1316 1410 1373 scidisti
1446 1317 1620 1375 vestimenta
1647 1324 1710 1386 tua,

90 1406 201 1476 omum)
217 1403 345 1470 Domini,
371 1420 460 1475 quam
489 1403 669 1475 collegerunt
688 1403 833 1475 janitores
887 1405 1149 1463 etilevisticorem
1166 1407 1454 1477 me,etegoaudivi,
1478 1408 1519 1463 eit
1547 1407 1706 1466 Dominus:

90 1514 105 1550 ι.
119 1494 184 1550 odd.
201 1491 346 1566 templi)e
369 1490 489 1566 populo,
505 1494 648 1567 deturque
666 1493 757 1549 fabris
781 1508 833 1565 per
886 1495 996 1551 idcirco
1008 1493 1146 1568 colligam
1162 1501 1191 1550 te
1204 1496 1240 1551 ad
1270 1500 1368 1569 patres
1392 1501 1470 1564 tuos,
1499 1502 1528 1553 et
1555 1496 1706 1569 colligeris

90 1584 179 1641 ositos
202 1583 233 1638 in
249 1583 336 1639 domo
358 1581 496 1638 Domini:
523 1585 572 1654 qui
595 1590 623 1639 et
651 1582 832 1639 distribuant
886 1583 1247 1657 adsepulcrumtuumin
1263 1601 1343 1656 pace,
1359 1590 1463 1641 utnon
1490 1584 1608 1642 viduant
1627 1587 1704 1645 oculi

90 1671 278 1743 distribuent)
294 1687 358 1727 eam
375 1669 422 1726 his
438 1670 487 1743 qui
504 1676 664 1744 operantur
679 1670 830 1743 intemplo
886 1673 929 1729 tui
945 1673 1045 1729 omnia
1059 1672 1137 1729 mala
1151 1691 1215 1745 qus
1232 1674 1408 1730 inducturus
1420 1690 1487 1730 sum
1502 1691 1594 1747 super
1607 1675 1705 1734 locum

90 1762 159 1833 imo)
172 1760 299 1832 Domini,
314 1761 350 1816 ad
367 1759 560 1816 instauranda
574 1765 732 1817 sartatecta
756 1769 828 1815 tem·
884 1764 987 1821 istum.

90 1892 103 1905 ..
119 1851 256 1919 domus):
271 1849 406 1923 tignariis
422 1849 558 1906 videlicet
573 1855 601 1905 et
624 1848 830 1917 cementariis,
920 1852 963 1923 (Τ.
977 1851 1073 1919 ccxl,
1089 1853 1154 1925 Gap.
1170 1850 1284 1923 lililll.)
1309 1852 1343 1908 itt
1371 1852 1616 1909 renuntiaverunt
1644 1853 1705 1925 regi

101 1939 153 2013 qui
166 1938 331 2012 interrupta
346 1945 538 2011 componunt,
553 1943 582 1995 et
598 1946 627 1993 ut
643 1945 780 1994 erriantur
795 1936 830 1993 li·
882 1942 960 2013 quod
982 1941 1104 1998 dixerat.
1121 1940 1175 2007 Qui
1204 1941 1302 1997 misit:
1317 1948 1347 1997 et
1373 1943 1545 2014 congregati
1573 1946 1644 1998 sunt
1666 1944 1702 2000 ad

92 2036 121 2087 et
134 2030 248 2100 lapides
261 2029 511 2101 delapicidinisad
520 2029 748 2086 instaurandum
759 2034 830 2085 tem·
881 2047 948 2087 eum
963 2046 1066 2087 omnes
1081 2046 1167 2087 senes
1180 2029 1195 2085 J
1200 2030 1258 2085 uda
1272 2036 1301 2086 et
1314 2030 1488 2087 Jerusalem.
1507 2031 1706 2104 ascenditque

103 2119 146 2192 (h.
166 2119 310 2191 domum).
338 2119 547 2176 Verumtamen
578 2135 636 2175 oon
652 2123 830 2191 supputetur
881 2136 931 2176 rex
945 2118 1088 2193 templum
1104 2118 1146 2191 (b.
1163 2119 1297 2189 domum)
1319 2120 1448 2188 Domini,
1462 2128 1491 2176 et
1518 2136 1622 2177 omues
1650 2122 1704 2178 viri

89 2214 219 2283 gentum
234 2210 312 2281 qaod
328 2209 487 2281 accipiunt,
502 2209 553 2266 sed
570 2209 598 2264 in
615 2212 758 2281 potestate
773 2206 827 2263 ha·
878 2208 895 2264 J
900 2209 968 2274 uda,
986 2208 1234 2278 universiquequi
1256 2207 1429 2263 babitabant
1442 2225 1505 2277 qma.
1521 2207 1702 2277 babitant)in

90 2299 165 2370 'sOlt'
185 2299 330 2370 Vulptuc.
354 2298 393 2370 et)
414 2298 443 2354 iu
472 2298 530 2354 ilde
558 2298 600 2369 (b.
632 2297 826 2353 Veruntamen
877 2297 1054 2365 Jerusalem,
1072 2313 1140 2352 cunr
1155 2313 1187 2352 eo
1203 2297 1370 2353 sacerdotes
1385 2301 1414 2351 et
1428 2295 1587 2368 propbeta,
1602 2302 1704 2354 elom·

90 2395 234 2460 appetetur
253 2390 402 2460 arpentum
426 2385 473 2443 hie
501 2387 550 2458 qui
577 2388 730 2458 scorpium,
759 2384 828 2456 quia
878 2387 1098 2461 nispopulusa
1114 2387 1363 2460 purvousqueed
1381 2404 1543 2460 rivagoum:
1572 2388 1704 2461 legitque

90 2477 126 2550 a).
143 2476 188 2549 (Τ.
204 2476 295 2545 CCX.)
324 2476 403 2533 Dixit
424 2482 522 2533 autem
552 2476 668 2532 Hsicias
696 2475 827 2547 pontifex
877 2477 992 2534 cunctis
1006 2476 1196 2533 audientibus
1211 2479 1311 2532 otnnia
1325 2477 1414 2534 verba
1430 2478 1497 2533 libri
1520 2479 1637 2535 traderis
1652 2480 1702 2549 qui

90 2564 533 2638 phanecribemzlibrumlegis
557 2570 649 2637 reperi
680 2565 709 2620 in
739 2564 826 2620 dorric
877 2565 1013 2622 inventus
1028 2574 1073 2622 est
1087 2565 1117 2621 in
1133 2566 1220 2621 domo
1236 2566 1362 2622 Domini.
1379 2566 1524 2638 Stetitque
1540 2585 1588 2623 rex
1612 2584 1703 2639 super

90 2654 118 2711 ni
135 2671 142 2710 :
159 2654 296 2726 deditque
311 2652 427 2711 Heleias
442 2654 579 2711 volumen
590 2654 630 2723 th.
643 2653 764 2725 librum)
776 2654 826 2709 Sa·
876 2654 1002 2727 gradum
1018 2654 1061 2723 (b.
1081 2652 1273 2723 columnam),
1303 2660 1332 2708 et
1360 2654 1454 2710 imdus
1480 2655 1625 2725 percussit
1651 2672 1701 2711 eo-

90 2742 826 2817 ‚qnietlegitilludvenitquoqucSepbanscriba
877 2761 940 2801 ram
970 2742 1107 2811 Domino,
1138 2749 1170 2797 ut
1199 2742 1386 2799 ambularent
1413 2748 1480 2815 poet
1521 2743 1699 2799 Dominum:

90 2848 163 2907 gem,
180 2839 208 2888 et
223 2831 402 2889 renuntiavit
415 2833 441 2889 ei
456 2832 497 2902 (h.
515 2834 645 2902 verbum)
657 2834 735 2905 quod
752 2849 823 2905 prae·
877 2840 905 2890 et
924 2831 1108 2889 custodirent
1137 2837 1281 2904 precepta
1310 2832 1385 2901 ojus,
1410 2838 1439 2887 et
1465 2832 1647 2899 testimonia,
1672 2836 1702 2889 et

90 2920 569 2992 statuit:Conllavernntservi
592 2921 635 2977 tui
668 2921 823 2993 pecuniam
876 2923 1124 2990 ceremoniasin
1150 2923 1232 2979 omni
1261 2924 1359 2989 corde,
1389 2930 1418 2978 et
1444 2922 1475 2978 in
1503 2928 1566 2980 teta
1590 2923 1701 2994 anima,

90 3014 197 3083 sparta
211 3010 354 3066 estdomo
369 3009 482 3066 Domini
496 3010 538 3082 (b.
565 3026 622 3065 non
652 3010 769 3082 babet):
795 3015 824 3066 et
876 3013 1202 3071 etsascitarentverba
1231 3013 1349 3068 loedcris
1373 3013 1474 3084 hujus.
1499 3029 1564 3084 quaa
1592 3014 1702 3082 scripta

93 3104 146 3155 unt
161 3106 193 3156 ut
208 3098 435 3156 distribueretur
448 3100 725 3172 iabrisapralectis
754 3117 823 3172 ope·
878 3110 961 3159 erant
975 3104 1005 3159 in
1021 3103 1096 3159 libro
1125 3102 1193 3158 illo:
1224 3102 1427 3173 acquievitque
1450 3104 1578 3174 populus
1606 3108 1700 3174 pecte.

90 3187 185 3261 ampli
208 3188 248 3261 (h.
269 3189 387 3262 demus)
416 3189 542 3246 Domini.
565 3189 758 3261 Narravitque
781 3162 859 3261 (h.C
879 3192 1129 3265 lltprecepitrex
1153 3191 1257 3248 Helcise
1287 3191 1417 3262 pontilici
1446 3196 1476 3246 et
1500 3191 1702 3249 sacerdotibus

92 3277 222 3357 avitque)
238 3279 354 3351 sephan
370 3278 468 3336 scriba
481 3278 553 3350 regi,
565 3279 666 3335 dicens
683 3298 690 3336 :
707 3280 824 3337 tibrum
880 3282 999 3338 secundi
1013 3281 1136 3350 ordinis,
1153 3286 1181 3338 et
1193 3279 1384 3352 janitoribus,
1400 3286 1433 3335 ut
1459 3281 1635 3352 projicerent
1666 3283 1702 3339 de

96 3367 462 3426 mibillelciessacerdos.
487 3370 578 3435 Quem
608 3387 675 3426 cum
706 3370 826 3443 legisset
880 3370 990 3443 templo
1005 3369 1120 3427 Domini
1134 3370 1236 3426 omnia
1248 3370 1391 3442 aesosque
1405 3370 1482 3426 lacte
1496 3369 1700 3439 lucrenlllaal,

90 3473 232 3514 incoram
249 3458 754 3530 rege,etaudissetrexvorbalibri
785 3459 824 3516 le·
880 3459 1200 3530 etlucotmr.etl¹ulp.
1229 3457 1566 3528 ioluco),etuniverae
1586 3457 1699 3515 militias

90 3545 228 3619 carluith.
242 3563 301 3602 non
322 3546 433 3619 habet),
449 3546 536 3604 scidit
559 3549 732 3604 vestimenta
760 3566 824 3606 sua.
879 3549 955 3621 cali,
971 3555 1000 3606 et
1011 3548 1176 3604 combussit
1194 3565 1229 3604 ea
1244 3548 1314 3604 ioris·
1325 3550 1487 3604 Jerusalem
1510 3547 1540 3603 in
1567 3546 1700 3605 convalle

90 3635 188 3707 acepit
201 3633 302 3691 Heleia
316 3634 471 3703 sacerdoti,
488 3641 517 3692 et
535 3636 656 3692 ahicam
685 3637 744 3693 lilio
772 3639 826 3695 Sa·
880 3640 1001 3705 Cedron,
1019 3635 1133 3692 attulit
1148 3636 1298 3708 pulverem
1315 3652 1417 3692 eorum
1447 3636 1478 3692 in
1506 3636 1639 3693 Beth-El.
1668 3635 1703 3691 Et

90 3767 93 3783 .
110 3727 140 3780 et
156 3722 292 3780 achobor
307 3722 366 3781 filio
382 3724 489 3794 bilche,
501 3730 531 3782 et
542 3725 661 3798 Sapban
673 3728 786 3793 scribe,
798 3733 827 3783 et
881 3727 989 3784 delevit
1002 3726 1153 3797 aruspices
1168 3725 1209 3794 (h.
1235 3726 1415 3794 sacerdotes)
1443 3741 1517 3797 quos
1546 3730 1705 3798 posuerant

90 3828 195 3869 eaervo
216 3813 305 3885 regis,
334 3815 517 3870 dicenstlte
545 3821 573 3870 et
597 3815 740 3873 consulite
770 3817 827 3873 Do·
882 3831 965 3887 reges
978 3813 1056 3869 luda
1069 3814 1104 3868 ed
1121 3812 1349 3868 sacrificandum
1362 3812 1390 3867 in
1404 3811 1526 3869 excelsis
1536 3829 1589 3884 per
1602 3812 1704 3869 civita·

91 3907 433 3975 msupermeetsuper
453 3903 604 3976 populoet
630 3921 719 3977 super
747 3908 826 3963 omni
881 3904 1069 3970 tesluda,et
1098 3902 1128 3957 in
1154 3902 1277 3958 circuitu
1305 3903 1482 3973 Jerusalem,
1509 3910 1539 3959 et
1561 3919 1622 3972 eos,
1653 3903 1705 3975 qui

94 3989 162 4063 ⁸(b.
179 3994 208 4046 et
222 4005 310 4063 super
325 4007 389 4048 re...
412 3996 442 4049 et
468 3993 564 4065 luda),
592 3994 628 4050 de
656 3994 752 4051 verbis
780 4013 828 4052 vo·
882 3995 1040 4056 adolebant
1054 3994 1206 4049 incensum
1224 3992 1301 4059 Daui,
1317 3996 1347 4049 et
1361 3993 1428 4063 soli,
1443 3997 1473 4049 et
1489 3994 1577 4061 luna,
1592 4000 1619 4049 et
1630 3992 1704 4050 duo-

90 4079 129 4136 iis
153 4077 238 4135 istius
255 4080 332 4152 quod
348 4081 499 4138 inventum
526 4089 588 4138 est:
614 4100 722 4156 magna
749 4089 827 4141 enim
883 4085 977 4144 decim
992 4082 1097 4156 signis,
1112 4086 1142 4137 et
1155 4080 1235 4137 omni
1252 4080 1364 4137 militiae
1375 4081 1450 4138 coeli.
1467 4083 1503 4138 Et
1517 4081 1614 4139 efferri
1639 4079 1707 4138 iecit

90 4167 188 4223 *omini
219 4184 362 4225 succensa
389 4177 434 4224 est
452 4175 556 4226 contra
578 4188 641 4242 nos,
671 4175 742 4244 quia
770 4191 828 4231 non
883 4177 981 4234 locum
996 4174 1033 4230 de
1046 4173 1135 4228 domo
1148 4171 1264 4227 Domini
1287 4172 1364 4228 toras
1387 4173 1550 4228 ierusalem
1577 4171 1607 4227 in
1635 4187 1704 4227 cos·

90 4259 166 4311 runt
179 4263 279 4328 patres
294 4257 386 4314 nostri
401 4259 489 4315 verba
505 4259 571 4315 libri
586 4259 685 4331 buJus,
699 4268 731 4318 ut
757 4264 830 4320 lace·
883 4264 957 4322 valle
971 4263 1094 4324 Deducit,
1111 4264 1140 4316 et
1153 4260 1317 4316 combussit
1330 4276 1398 4317 eum
1412 4259 1463 4327 ibi,
1481 4264 1510 4317 et
1536 4259 1648 4332 redegit
1675 4259 1705 4314 in

90 4346 259 4418 amnequod
276 4347 479 4420 scriptumest
495 4349 593 4406 nobis.
611 4352 711 4407 lerunt
731 4351 830 4425 itaque
884 4353 1045 4428 pulverem,
1060 4354 1089 4405 et
1104 4347 1224 4421 projecit
1243 4365 1332 4420 super
1355 4346 1503 4420 sepulcra)
1528 4365 1581 4403 mr.
1606 4348 1705 4419 sepul-

90 4449 124 4490 as
139 4435 277 4491 sacerdos
292 4442 322 4492 et
336 4435 470 4505 ahicam,
485 4439 830 4511 etAcbobor,etbapban,
885 4458 966 4498 crum
983 4441 991 4511 (
1007 4438 1096 4512 vulgi.
1114 4436 1259 4493 Destruxit
1274 4454 1390 4510 quoque
1404 4438 1543 4495 edicutns
1557 4436 1707 4494 examina·

90 4523 142 4592 aia,
158 4525 193 4579 ad
216 4524 336 4581 Holdam
365 4525 535 4598 prophetem
561 4546 679 4585 uxorem
706 4530 829 4597 Selium,
848 4535 1071 4603 morumque
1086 4531 1170 4582 erant
1200 4526 1229 4581 in
1256 4528 1343 4584 domo
1366 4526 1491 4592 Domini,
1518 4543 1570 4599 pro
1598 4526 1708 4598 quibus

90 4611 198 4669 thecua
213 4614 224 4647 ¹
238 4613 449 4685 (Th.'1¹hitevs)‚
466 4614 518 4671 tilii
533 4620 621 4674 araas
636 4622 767 4677 custodis
782 4639 830 4678 ve·
886 4618 1024 4675 mulieres
1039 4618 1175 4673 texebant
1188 4619 1268 4687 quasi
1282 4614 1323 4686 (b.
1340 4632 1397 4671 non
1409 4614 1710 4677 babetldomonculas

90 4716 111 4768 ι,
128 4716 192 4774 que
213 4703 362 4759 habitabat
378 4704 406 4760 io
428 4704 593 4762 Jerusalem
619 4710 647 4762 in
676 4712 828 4767 Secunda:
885 4709 954 4764 luci.
971 4705 1220 4778 congregavitque
1235 4721 1338 4760 onznes
1351 4705 1518 4760 sacerdotes
1533 4705 1567 4760 de
1583 4703 1706 4761 civitati-

91 4789 160 4862 iqos
173 4795 244 4846 sunt
255 4793 291 4848 ad
308 4808 385 4849 eam.
398 4793 432 4849 lit
443 4792 494 4848 illa
509 4795 661 4868 respondit
674 4799 716 4853 eis
729 4814 735 4852 :
766 4799 831 4855 Haee
887 4799 942 4854 bus
957 4795 1042 4865 luda,
1054 4800 1082 4850 et
1091 4794 1270 4849 contamino
1279 4793 1301 4848 it
1310 4792 1489 4859 excelsaubi
1503 4792 1710 4850 sacrificabant

95 4876 240 4936 Dominus
256 4881 333 4937 Deus
349 4881 457 4937 lsrael:
476 4883 565 4937 Dicite
579 4884 651 4953 viro,
676 4887 725 4958 qui
752 4890 833 4945 misit
887 4885 928 4956 (b.
945 4884 1113 4955 adolebant)
1128 4882 1306 4947 sacerdotes,
1320 4883 1355 4937 de
1378 4882 1498 4938 Gabbae
1526 4886 1588 4951 (ma.
1619 4880 1710 4952 Gaba)

90 4966 111 5021 ‚d
128 4981 193 5022 me:
213 4969 277 5023 liare
292 4968 365 5025 dicit
379 4969 520 5026 Dominus
535 4987 541 5026 :
559 4972 640 5041 Dece,
661 4989 715 5047 rgo
739 4977 832 5033 addu-
889 4990 982 5044 usque
998 4972 1170 5037 Ber-Sabee,
1187 4978 1215 5027 et
1230 4971 1373 5026 destruxit
1388 4970 1509 5042 arasth.
1526 4971 1555 5026 in
1584 4972 1711 5037 excelsa)

91 5054 171 5111 mala
182 5072 272 5129 super
285 5057 383 5115 locum
400 5058 489 5124 hunc,
506 5065 534 5116 et
549 5078 638 5133 super
652 5063 833 5124 habitatores
889 5068 1040 5136 portarum
1056 5061 1085 5115 in
1095 5061 1217 5117 introitu
1234 5059 1300 5116 ostii
1316 5060 1406 5116 Josue
1416 5059 1559 5134 principis
1572 5060 1711 5128 civitatis,

102 5144 203 5202 omnia
215 5147 305 5204 verbe
320 5146 395 5221 legis
405 5148 444 5222 (b.
463 5147 544 5223 libri)
555 5167 619 5223 qua
634 5151 704 5225 legit
718 5172 768 5211 rex
782 5160 834 5212 tu·
889 5154 966 5224 quod
982 5154 1044 5206 erat
1060 5149 1094 5204 nd
1111 5150 1263 5205 sinistram
1279 5154 1367 5221 portas
1390 5149 1527 5207 civitatis.
1557 5150 1711 5206 Verumta-

90 5322 232 5381 'eronens
257 5325 512 5398 ms:Vulgatique
526 5327 604 5397 libri,
622 5331 697 5386 Aetio
713 5348 720 5388 :
737 5335 835 5392 verius
889 5339 1043 5410 expressit,
1064 5354 1155 5409 quara
1176 5336 1349 5394 scholiastes
1378 5337 1470 5395 falsus
1498 5345 1545 5395 est
1568 5336 1713 5410 quidquid

103 5412 193 5468 Hebr.
209 5399 315 5476 tathaee
330 5431 341 5477 ,·
356 5423 418 5471 tum
429 5414 506 5471 idem
519 5433 587 5480 ms,
606 5419 834 5481 Messallamoum
890 5410 1072 5467 contrarium
1088 5410 1252 5482 reposuerit
1267 5411 1301 5466 ad
1320 5412 1494 5484 marginem.
1511 5410 1605 5467 Mser.

90 5484 165 5540 nino.
179 5483 311 5558 Denique
333 5503 360 5549 ev
389 5503 550 5559 pronomen
580 5494 657 5562 quod
691 5495 835 5567 sequitur,
925 5500 1377 5557 ³Massorethicamimitaturin
1395 5501 1449 5557 hec
1470 5516 1539 5557 voce
1557 5499 1713 5557 lectionem

90 5557 224 5641 rmluxta
240 5557 390 5642 Hebraeum
408 5564 492 5642 tacet.
891 5571 1065 5629 scholiastes
1081 5579 1189 5634 noster.
1206 5578 1239 5628 ut
1253 5572 1341 5628 etiam
1357 5574 1490 5644 superio
1511 5573 1598 5630 verbo
1622 5573 1716 5630 fletu·

90 5627 233 5687 ranslatro
260 5629 291 5687 S.
321 5630 489 5702 Hieronymi
517 5636 695 5692 ‹examussim
723 5642 836 5698 textum
891 5643 1002 5710 temcth,
1017 5660 1069 5716 pro
1084 5644 1285 5701 llessctemett.
1301 5647 1394 5702 ttsar.
