3870 6120
67 306 71 313 ’
106 354 146 417 m
691 345 856 408 naraon
878 346 1232 410 snnnmcrmoann
1769 348 1812 409 eo

107 485 243 566 Latinis,
260 483 316 567 qui
330 481 389 544 illa
405 499 466 543 nan
480 477 643 559 habebant,
673 479 729 541 sed
748 488 810 563 per
824 480 928 542 amnia
943 483 971 549 Α
985 482 1214 543 emendationis
1256 501 1371 562 genere
1399 483 1605 563 praemonitus
1629 503 1693 544 non
1729 491 1813 545 esset

1 657 3 662 ,
108 584 232 648 duabus
245 581 316 643 iliis
344 578 470 659 tinguis
498 576 741 652 concordabant,
770 579 930 639 credentes
985 579 1122 659 abipso
1151 580 1352 660 Hieronymo,
1382 580 1810 659 quisapiusineutcatsu-

82 677 603 761 ,amuiaitlasuperstuaprarsus
625 675 814 757 abrasimus,
845 677 932 738 vein·
986 677 1072 738 deses
1100 696 1168 738 esse
1195 678 1449 756 interrogandos,
1476 684 1508 738 et
1530 678 1726 740 diversarum
1758 700 1812 741 ur·

1 763 3 767 ¹
111 783 138 844 u·
151 781 185 843 in
200 779 309 840 multis
324 775 422 856 hujus
437 773 516 836 libri
529 773 609 835 lacis
630 779 767 856 apparet,
798 780 827 834 et
848 783 932 857 pra·
986 775 1073 836 bium
1091 776 1257 853 magistros
1286 775 1507 850 consulendos,
1537 777 1561 836 si
1591 776 1666 856 quid
1695 778 1727 837 in
1754 797 1813 840 sna

110 880 198 961 cipm
213 877 245 936 in
261 874 356 937 libris
371 873 507 954 Regum,
538 870 592 933 ubi
615 871 717 952 major
737 880 818 954 pars
845 893 933 932 erra·
987 874 1123 934 norade
1139 874 1270 934 nebraeo
1299 874 1505 936 translatione
1535 892 1661 936 movere
1689 877 1814 937 contin·

111 977 158 1038 ris
174 971 399 1036 inveniebatur.
425 971 520 1032 Nunc
548 990 617 1031 vera
647 990 761 1045 anenes,
793 970 851 1050 qui
878 969 935 1031 tac
988 977 1054 1049 gat.
1071 974 1118 1031 lta
1134 970 1326 1033 laudabilem
1358 978 1540 1033 sanctorum
1569 973 1709 1033 virerum
1739 992 1815 1053 ope·

111 1073 254 1135 aalsemen
291 1075 366 1131 sunt
403 1068 528 1146 lecturi,
571 1088 734 1148 rogamus,
783 1072 934 1149 qnatenus
989 1087 1057 1128 ram
1085 1086 1121 1128 ac
1146 1068 1340 1147 diligentiam
1373 1070 1558 1131 temeritatis
1587 1088 1735 1132 accusare
1751 1090 1815 1131 non

111 1170 202 1233 nullo
231 1168 321 1230 mado
345 1166 517 1250 predictas
523 1172 646 1249 partes,
676 1165 724 1227 oet
752 1186 859 1226 versus
885 1185 937 1225 sn·
989 1173 1038 1228 est
1066 1169 1184 1228 veritus
1211 1167 1265 1228 ille
1294 1173 1417 1241 auctor,
1448 1169 1503 1246 qui
1530 1167 1718 1246 religionem
1747 1172 1815 1230 Ste-

108 1265 342 1354 perflnastauic
368 1265 454 1333 oneri
481 1263 824 1346 ampliusadjungant.
846 1262 934 1323 Satis
990 1265 1090 1344 pisani
1119 1264 1167 1343 pie
1196 1264 1301 1345 potius
1330 1265 1474 1325 venerari
1516 1264 1688 1339 debuisset,
1718 1284 1814 1345 quam

113 1366 195 1429 enim
211 1364 341 1426 tucetin
369 1361 577 1445 quibuslacis
604 1367 704 1441 eraut,
731 1362 806 1442 quia
822 1381 936 1422 rasura
991 1363 1024 1423 in
1035 1379 1106 1422 eum
1123 1369 1187 1423 tam
1204 1361 1301 1423 libere
1327 1380 1417 1423 snam
1446 1380 1592 1423 exercere
1620 1362 1814 1424 facundiam.

22 1516 24 1520 ,
109 1462 297 1550 pergameni
326 1461 432 1522 eadem
462 1459 530 1522 Iaca
557 1480 618 1520 nan
646 1459 737 1520 cetat.
767 1459 938 1520 Interdici·
992 1459 1072 1532 Quid
1101 1460 1184 1521 enim
1212 1459 1353 1539 peccavit
1381 1458 1561 1540 Stephanus
1602 1460 1817 1522 cisterciensis

3 1588 10 1609 ι’
116 1582 185 1624 mus
198 1561 291 1621 etiam
307 1559 496 1620 auctoritate
510 1556 574 1619 Dei
588 1562 618 1617 et
645 1561 759 1618 nostrae
790 1555 938 1636 Congre-
991 1557 1026 1617 in
1041 1557 1257 1618 emaculandis
1284 1557 1381 1618 sacris
1408 1556 1620 1619 voluminibus
1644 1576 1751 1619 errore
1778 1558 1817 1619 li-

44 1738 47 1745 f
115 1658 270 1742 gationis,
283 1676 320 1717 ne
334 1656 405 1737 quis
421 1654 503 1715 bunc
530 1654 660 1733 tibrum,
690 1674 805 1734 mayaco
833 1652 939 1714 labare
992 1656 1169 1718 braciorum
1201 1655 1376 1734 interpolis,
1421 1656 1446 1716 si
1473 1656 1649 1717 cassiodori
1691 1656 1818 1735 regulas

109 1761 333 1842 praeparatum,
375 1753 536 1815 inhoneste
563 1759 709 1832 tractare,
739 1752 787 1813 uel
815 1751 938 1831 ungena
993 1761 1119 1816 secutus
1137 1753 1201 1814 sit?
1226 1753 1429 1815 Cassiodorus
1459 1755 1543 1814 enim
1570 1754 1618 1815 vir
1645 1754 1819 1815 eruditissi-

1 1848 19 1913 ᾋ
116 1876 176 1917 sua
200 1863 257 1936 per
283 1853 476 1935 scripturam
505 1849 554 1911 ael
582 1850 758 1932 marginem
786 1849 856 1926 ejus
884 1849 1311 1924 ati-Bmus,cumdoeeret
1338 1849 1420 1910 libro
1445 1850 1484 1910 de
1512 1850 1713 1911 Institutione
1742 1851 1819 1910 divi·

117 1952 196 2037 qnid
210 1957 318 2013 notare
329 1955 510 2033 presumat.
996 1965 1107 2009 narum
1135 1948 1321 2008 Litterarum
1336 1965 1407 2026 cap.
1434 1948 1483 2022 ta,
1513 1946 1580 2008 Sub
1607 1967 1668 2028 qna
1696 1946 1819 2008 cautela

157 2050 364 2112 Luculentum
395 2048 475 2109 adeo
506 2047 609 2109 saneti
639 2046 699 2108 viri
726 2046 942 2108 testimonium
996 2045 1098 2126 retegi
1127 2043 1235 2106 debeat
1248 2044 1380 2105 caelestis
1402 2047 1586 2124 auctoritas,
1602 2047 1648 2106 ita
1662 2045 1825 2124 conceptis

119 2167 180 2210 uos
194 2146 235 2208 ad
250 2145 330 2207 alias
344 2144 548 2225 probationes
576 2162 639 2205 non
667 2143 742 2206 sinit
762 2144 849 2204 abire
874 2142 944 2202 :dt-
997 2144 1085 2204 verbi
1101 2143 1269 2223 praecipit:
1300 2140 1425 2220 Quibus
1440 2141 1595 2224 passibile
1611 2142 1730 2220 suerit,
1759 2141 1827 2202 He·

1 2238 31 2306 .“
120 2244 301 2308 sertecnim
330 2260 396 2304 rem
412 2241 608 2323 propositam
626 2241 807 2322 explicavit,
827 2239 945 2302 Gallos
1001 2240 1114 2302 bream
1143 2240 1354 2322 Scriptum,
1384 2239 1432 2300 nei
1452 2239 1521 2314 ejus
1548 2240 1689 2301 doctores
1719 2240 1827 2322 requi-

122 2342 245 2404 scilicet
280 2345 436 2401 nostrates
460 2339 605 2401 Latinam
635 2359 650 2398 e
668 2341 763 2417 sonte
787 2337 947 2399 Hebraico
1002 2359 1069 2399 rere
1080 2359 1141 2399 non
1160 2339 1341 2399 detrectent.
1371 2336 1469 2399 Decet
1495 2338 1589 2412 enim,
1612 2343 1646 2398 ut
1675 2338 1757 2399 rende
1786 2339 1829 2399 ad

121 2440 290 2501 editionem
315 2437 508 2506 Hieronymi
527 2437 726 2517 jamjamque
748 2437 945 2518 suscepisse:
1006 2456 1063 2496 nas
1090 2436 1174 2496 venit
1201 2434 1356 2495 salutaris
1386 2433 1566 2515 translatio,
1598 2435 1672 2496 inde
1714 2436 1828 2497 iterum

125 2543 249 2600 anteros
291 2557 361 2597 vero
400 2555 505 2597 ornnes
535 2535 718 2617 interpretes
752 2534 945 2616 repudiasse.
1005 2533 1111 2594 redeat
1138 2533 1250 2593 decora
1274 2533 1435 2594 correctio,
1463 2534 1543 2595 Hinc
1572 2533 1671 2613 liquet
1698 2553 1718 2595 a
1742 2534 1830 2596 nullo

124 2636 300 2701 Galliarum
327 2636 424 2716 igitur
438 2635 586 2698 Ecclesiae
606 2637 834 2714 Hieronymum
863 2632 950 2694 velut
1003 2631 1231 2703 damnandam,
1261 2631 1314 2692 sed
1330 2631 1522 2692 laedendam
1541 2631 1644 2709 potius
1659 2632 1700 2693 ab
1730 2631 1831 2693 omni·

120 2734 286 2818 proprium
322 2734 520 2816 interpretem
562 2733 787 2813 suscipiebant,
830 2738 862 2792 et
896 2730 950 2809 qni
1003 2730 1063 2791 bus
1086 2729 1211 2790 abbatis
1239 2728 1455 2790 Cistercicnsis
1479 2729 1687 2807 diligentiam,
1711 2728 1829 2808 quaed

89 2906 92 2911 ¹
124 2833 165 2895 ad
193 2832 400 2895 Hebraeorum
429 2832 553 2895 codices
580 2830 767 2892 adornatam
796 2834 950 2891 noverant
1004 2833 1139 2888 statutas
1168 2827 1208 2888 ab
1236 2826 1305 2907 ipso
1334 2826 1527 2906 Hieronymo
1556 2827 1693 2906 regulas,
1724 2828 1831 2889 varios

124 2932 226 2994 sancti
240 2931 383 2993 Hectoris
412 2930 735 3011 translationem,per
750 2928 854 2989 amnia
880 2925 949 2987 He·
1004 2925 1148 2986 codicum
1178 2942 1308 2985 suorum
1338 2942 1458 2986 errores
1503 2925 1602 2986 soluit
1654 2923 1829 2986 emendari.

125 3027 237 3090 braicn
265 3033 358 3108 atque
390 3025 577 3088 Chaldaicis
614 3026 741 3086 veritati
777 3026 947 3102 eredentes,
1004 3022 1065 3085 Sed
1080 3021 1180 3083 dehis
1195 3022 1257 3083 elio
1272 3021 1342 3084 loco
1358 3021 1564 3084 commodius.

125 3124 265 3206 superfla
293 3143 430 3205 quaque
457 3143 496 3186 ex
525 3124 596 3185 eliis
636 3123 950 3204 interpretationibus
1044 3131 1096 3192 vt.
1121 3129 1294 3190 Ecclesiam
1324 3129 1514 3192 catholicam
1543 3130 1671 3209 publico
1701 3129 1830 3190 decreto

20 3272 25 3277 .
126 3220 268 3284 derivata
306 3221 339 3283 in
382 3239 489 3283 sacros
531 3221 654 3283 codices
682 3220 856 3282 Bibliorum
880 3218 988 3286 imisC
1008 3226 1287 3308 Hieronymianam
1332 3228 1476 3289 Latinam
1505 3227 1744 3290 translationem
1774 3245 1834 3287 au-

132 3320 212 3382 ceris
240 3319 467 3383 obliterabttnt.
497 3319 576 3382 Hinc
603 3325 692 3381 tanta
728 3319 822 3381 nobis
862 3317 954 3398 copia
1008 3325 1180 3386 theatinam
1222 3325 1409 3398 declarasse,
1453 3323 1611 3405 hujusque
1650 3342 1742 3385 usum
1771 3323 1834 3385 sibi

130 3417 362 3497 exemplarium
414 3417 552 3479 Canonis
593 3417 756 3479 Hebraicns
801 3415 952 3489 veritatis,
1008 3423 1178 3496 vindicare,
1217 3423 1417 3484 consentiunt
1448 3441 1558 3483 omnes
1585 3422 1634 3483 vel
1661 3421 1833 3483 mediocri-

31 3586 42 3599 ,ι
130 3534 202 3596 quae
217 3515 248 3576 in
272 3514 476 3578 Bibliothecis
491 3517 683 3577 Francorum
712 3515 954 3594 adhaesuper·
1008 3527 1056 3582 tar
1083 3520 1178 3582 docti.
1207 3525 1391 3600 Quanquam
1422 3520 1505 3581 enim
1533 3520 1564 3580 in
1580 3519 1710 3598 vulgata
1724 3537 1833 3580 sacro-

34 3610 37 3615 ’
131 3619 215 3674 sunt.
232 3614 375 3693 Quinque
403 3613 452 3674 vel
486 3631 539 3674 sex
568 3613 749 3702 hujusmodi
775 3612 955 3692 antiquissi·
1008 3637 1077 3679 rum
1093 3618 1263 3680 bibliorum
1293 3618 1430 3679 editione
1458 3619 1572 3679 Latina
1600 3618 1723 3696 aliquot
1748 3617 1832 3677 inte·

133 3728 201 3773 mos
229 3710 354 3773 codices
382 3710 507 3773 Hebraei
530 3711 675 3782 Cononis,
696 3711 868 3772 Latinitate
897 3712 953 3772 do·
1007 3716 1055 3796 gri
1078 3715 1150 3777 libri
1166 3716 1277 3777 retenti
1292 3716 1355 3776 sint
1370 3734 1407 3776 ex
1424 3715 1557 3794 antiqua
1584 3714 1640 3776 illa
1671 3714 1830 3788 versione,

130 3814 223 3869 natos
237 3808 277 3869 ab
302 3808 504 3888 Hieronymo,
523 3807 767 3888 suppeditarunt
795 3807 885 3869 nobis
913 3807 954 3869 ad
1007 3833 1152 3894 qumnsu
1181 3814 1344 3875 obtinebat
1372 3819 1446 3873 ante
1474 3812 1727 3892 Hieronymum:
1760 3830 1831 3872 ma·

130 3913 316 3986 presentem
332 3907 503 3969 editionem
523 3907 693 3969 Gallicanae
720 3907 950 3969 Bibliotlaecoe:
1007 3913 1093 3973 xima
1108 3919 1213 3973 tamen
1230 3929 1303 3991 pars
1318 3911 1438 3971 Veteris
1452 3910 1647 3972 Testamenti
1661 3928 1742 3989 pura
1772 3928 1833 3987 pn-

130 4022 201 4066 cnm
222 4021 280 4066 nec
308 4005 436 4066 unicum
466 4005 631 4086 exemplar
657 4005 790 4066 inveniri
816 4005 955 4085 potuerit
1007 4018 1040 4071 ta
1068 4017 1114 4071 est
1128 4009 1347 4089 interpretatio
1363 4027 1457 4087 quam
1483 4027 1499 4068 e
1523 4008 1662 4069 lontibus
1689 4006 1831 4068 Hebraeis

129 4101 162 4162 in
177 4101 247 4163 aliis
262 4102 453 4182 regionibus,
471 4103 525 4165 ubi
541 4111 648 4164 tamen
669 4102 827 4164 innumeri
842 4122 952 4184 super·
1007 4108 1098 4169 nobis
1113 4106 1211 4168 edidit
1239 4107 1373 4167 eximius
1392 4106 1446 4166 ille
1473 4106 1597 4166 doctor.
1627 4105 1706 4165 Huic
1734 4105 1832 4183 igitur

82 4214 85 4219 ·
130 4200 362 4262 essedieuntnr
385 4201 508 4263 codices
531 4201 653 4263 Latinae
682 4200 851 4280 Vulgatae;
881 4220 952 4279 quae
1007 4204 1261 4285 Hieronymianae
1289 4203 1499 4275 translationi,
1542 4201 1704 4281 adjunctis
1744 4200 1835 4262 Itala

129 4295 269 4374 quidem,
284 4297 343 4358 etsi
371 4297 597 4377 Hieronymum
620 4297 761 4360 habebat
788 4305 952 4359 auctorem
1007 4301 1151 4371 cerritus
1170 4300 1371 4382 quibusdam,
1397 4306 1426 4360 et
1454 4300 1606 4360 inunum
1634 4298 1733 4359 ueluti
1761 4319 1833 4359 ear-

130 4394 230 4456 multa
245 4402 353 4457 tamen
368 4395 482 4458 retinet
510 4396 647 4458 admista
673 4396 712 4458 de
739 4398 809 4459 aliis
837 4397 953 4459 editio·
1002 4409 1064 4483 pus
1091 4405 1246 4481 compacta
1272 4405 1413 4479 utraque,
1430 4398 1577 4478 effloruit
1608 4394 1831 4476 Vulgataitla,

129 4492 234 4567 nibus,
250 4493 365 4555 etbnsc
392 4494 499 4556 omnia
528 4501 678 4575 tanquam
701 4496 862 4576 superflua
886 4515 952 4556 era·
1006 4518 1073 4578 qnae
1100 4516 1183 4558 senne
1210 4498 1369 4557 omninum
1397 4493 1709 4571 uersaturmauibus,
1724 4491 1836 4574 quana-

129 4589 456 4653 dendaincodicibus
485 4592 738 4673 Hieronyminnae
770 4590 986 4655 translatio-D
1001 4616 1062 4676 qua
1098 4599 1266 4677 perpetuus
1304 4599 1350 4654 tat
1390 4592 1575 4654 saeculorum
1619 4597 1648 4651 et
1684 4596 1834 4651 constans

129 4687 178 4749 nis
210 4691 391 4769 procuravit
405 4691 584 4770 Stephanus
603 4691 702 4752 abbas
727 4690 949 4752 Cisterciensis.
1006 4713 1083 4754 usus
1111 4693 1154 4752 ad
1176 4712 1231 4752 nas
1256 4691 1445 4752 transmisit.
1474 4693 1519 4752 tta
1544 4697 1617 4751 ante
1633 4708 1690 4750 nos
1713 4687 1833 4749 scribe·

169 4788 323 4849 Caeterum
362 4807 426 4850 non
454 4795 502 4849 est
529 4788 625 4868 hujus
652 4787 714 4850 loci
741 4787 883 4866 linguam
921 4795 953 4849 et
1005 4791 1061 4852 bat
1088 4798 1200 4851 auctor
1237 4790 1351 4851 eruditi
1374 4788 1446 4848 libri
1468 4789 1507 4848 de
1535 4783 1836 4864 Claristnterpreti-

16 4952 19 4957 ,
128 4900 290 4946 sermones
330 4883 430 4946 critici
458 4883 624 4964 cujusdam
652 4884 814 4965 scriptoris
847 4891 953 4945 retun-
1005 4889 1076 4951 bus.
1106 4890 1172 4950 Hoc
1194 4887 1298 4964 ipsum
1327 4887 1435 4948 docuit
1462 4885 1568 4947 Sixtus
1609 4885 1644 4957 V,
1688 4882 1831 4961 pontifex

129 4980 212 5054 dere,
231 4980 282 5060 qui
314 4980 443 5042 utilibus
471 4987 613 5043 veterum
655 5000 693 5044 ac
725 4981 951 5044 hodiernorum
1008 4987 1177 5047 maximus.
1194 4985 1384 5046 Praelatione
1400 4984 1530 5063 praelium
1544 4980 1655 5043 Bibliis
1670 4979 1745 5051 suis,
1776 4978 1833 5039 ubi

130 5079 358 5141 ffl⁰¹¹⁸⁰h0f¹1ffl
387 5078 547 5140 laboribus
572 5079 726 5153 intidflssfls
752 5078 953 5160 compartio-
1005 5084 1150 5162 Vulgata
1166 5082 1313 5144 editionis
1328 5081 1548 5143 auctoritatem
1578 5077 1766 5158 praedicans,
1792 5076 1833 5137 da

127 5195 200 5247 nem
239 5175 380 5238 criminis
419 5175 587 5238 adornavit
623 5178 774 5240 adversus
803 5178 951 5239 abbatem
1005 5181 1358 5244 librisineecontentis
1386 5179 1471 5239 bunc
1499 5178 1532 5238 in
1564 5176 1692 5238 modum
1722 5174 1827 5235 disse-

130 5275 340 5355 Stephnnttm,
371 5273 457 5353 quod
484 5273 668 5336 tndaeomm
697 5276 865 5354 magistros
888 5274 953 5335 stli-
1007 5279 1085 5339 ruit:
1105 5277 1173 5356 Qui
1187 5296 1318 5357 namque
1337 5276 1370 5336 in
1386 5296 1420 5336 ca
1448 5274 1527 5337 libri
1554 5273 1754 5335 continentur
1782 5272 1834 5351 (ut

127 5371 233 5448 visset,
264 5378 299 5434 ut
328 5390 367 5433 ex
395 5369 555 5432 codicibus
583 5372 723 5435 Hebraeis
738 5372 893 5452 judicium
909 5372 952 5433 ia·
1006 5397 1024 5435 a
1054 5374 1227 5455 majoribus
1251 5375 1370 5434 nastris
1398 5373 1492 5454 quasi
1510 5381 1571 5454 per
1598 5389 1709 5432 marsus
1738 5366 1831 5429 nobis

32 5512 37 5521 .
127 5475 229 5548 cerel,
258 5488 407 5550 quaenam
449 5469 614 5530 retinenda
641 5479 746 5532 esseut
772 5471 805 5532 in
834 5471 953 5532 Latinis
1007 5471 1160 5531 traditum
1175 5471 1232 5551 est)
1248 5471 1361 5530 retenti
1387 5476 1463 5530 sunt
1483 5469 1605 5552 partim
1636 5488 1674 5527 ex
1692 5485 1837 5526 cammu-

129 5582 291 5628 sncrorum
315 5568 489 5630 Bibliorum
518 5568 763 5648 exemplaribus,
806 5587 951 5647 quasnam
1007 5568 1042 5629 ni
1068 5574 1097 5627 et
1128 5568 1350 5649 antiquissima
1382 5568 1518 5648 quadam
1539 5566 1676 5629 editione
1702 5562 1835 5640 Latina,

34 5672 38 5677 '
128 5678 204 5725 vero
220 5665 404 5745 castiganda
427 5665 477 5730 nel
518 5666 727 5747 amputanda.
744 5667 840 5736 Quasi
853 5667 886 5729 io
914 5684 951 5728 eo
1006 5686 1099 5748 quam
1121 5671 1249 5729 sanctus
1278 5664 1493 5743 Hieronymus
1519 5663 1689 5746 Vulgatam
1712 5661 1838 5725 editio·
