3878 6150
57 260 60 265 '
108 270 162 328 575
627 272 657 328 s.
679 275 881 333 evenerum
900 279 1027 337 osvius
1044 285 1292 342 smniorsuce.
1759 279 1815 335 57⁶

36 460 38 465 ,
107 400 150 456 Au
165 396 273 455 ideirco
290 413 343 453 nos
353 397 481 454 vocastis
498 395 533 452 ad
550 395 680 469 nuptias,
697 401 728 454 ut
743 398 934 471 spoliaretis?
948 411 975 479 Α
991 407 1135 475 venimus,
1151 414 1180 465 et
1194 410 1348 466 trederein
1361 425 1467 465 munus
1481 405 1736 464 philisthinorum.
1747 405 1819 471 Qui·

108 488 176 554 0⁰ae
193 486 334 544 fundebat
348 486 425 559 apud
438 485 563 543 Samson
589 484 746 560 lacrymas,
771 492 800 544 et
827 505 933 562 quera·
989 494 1045 554 bus
1061 499 1213 570 respoudit
1225 511 1369 556 samson:
1384 499 1498 565 lucete,
1514 502 1544 554 et
1569 496 1710 568 spondete
1739 494 1817 551 mibi

108 575 438 635 beturdiceus:0disti
462 593 517 642 ma,
535 580 564 633 et
588 594 645 634 non
675 577 799 652 diligis:
825 580 934 637 idcirco
988 588 1367 658 quodnonmeoooidatis‚
1398 585 1680 645 Dixeruntglt'onte
1698 584 1816 641 oecide-

109 668 271 741 problema,
287 667 364 739 quod
382 665 560 738 proposuisti
575 666 643 722 filiis
655 667 755 739 pupuli
784 668 852 737 mvi,
875 686 933 726 11⁰ss
989 689 1067 746 mus,
1083 677 1133 732 sed
1149 676 1281 732 vinctum
1299 677 1460 732 trademus.
1483 676 1718 747 ligaveruntque
1740 688 1813 728 euru

108 755 151 812 vis
167 755 239 811 mibi
255 770 409 826 exponere.
425 758 462 810 At
478 754 688 828 illcrcspondit
709 773 716 811 ι
734 758 811 814 Patri
825 773 890 816 mee
905 764 935 815 et
987 765 1105 822 duobus
1120 766 1203 822 novis
1218 767 1352 835 lenibus,
1368 770 1398 821 et
1411 763 1543 821 tulerunt
1557 765 1592 819 de
1608 770 1691 835 petra
1715 761 1814 817 Etem.

109 845 195 902 metri
213 843 293 901 nolui
309 844 416 912 dicero,
433 847 462 901 ut
477 844 530 901 tibi
541 843 671 901 indicere
682 846 804 919 potero?
815 848 932 921 Septem
987 854 1042 920 Qui
1058 871 1125 911 eum
1140 855 1266 912 venisset
1281 856 1317 911 ud
1333 854 1431 911 locum
1448 853 1581 918 eissille,
1597 857 1626 908 et
1641 850 1812 907 philisthim

107 935 198 1007 igitur
212 934 317 991 diebus
328 933 453 990 convivii
467 934 554 990 tiebat
565 935 643 1007 apud
655 934 745 1008 (l'ulp.
757 940 836 1006 ante)
848 953 931 994 eum:
986 943 1180 1001 vociterantes
1195 946 1391 1001 occurrissent
1405 944 1442 1012 ei,
1455 942 1541 998 irruit
1555 940 1682 1013 Spiritus
1693 939 1814 996 Domini

107 1028 287 1098 tandemque
302 1025 349 1081 die
364 1024 489 1097 septime
500 1042 567 1082 curn
584 1026 932 1099 cimolastaeaset,espu·
987 1032 1016 1089 iu
1032 1051 1101 1090 eum
1116 1053 1122 1090 :
1139 1042 1169 1090 et
1183 1035 1261 1090 sicut
1276 1033 1371 1090 solent
1385 1033 1421 1088 ed
1438 1033 1556 1087 odorem
1573 1029 1650 1102 ignis
1666 1028 1726 1085 lina
1738 1045 1815 1086 cou-

5 1170 8 1179 .
108 1116 262 1181 suicouae
286 1113 386 1171 sittim
411 1113 551 1170 indicavit
579 1114 693 1171 civiblw
724 1115 797 1174 suls·
829 1120 861 1172 El
889 1116 932 1172 iiii
987 1118 1816 1194 sumi,itevinculaquibusligatuseret,dissipatasuut

108 1205 244 1263 dixerunt
255 1204 281 1260 ei
295 1204 341 1259 die
357 1203 482 1276 septimo
493 1204 642 1261 entcsoiis
656 1204 822 1262 accubitum
838 1206 930 1277 3Quid
986 1216 1014 1269 et
1028 1212 1133 1268 soluta.
1147 1213 1185 1284 (C.
1202 1211 1274 1284 bil.)
1290 1211 1501 1282 lucentemque
1523 1207 1683 1275 maxillam,
1701 1209 1729 1262 id
1755 1218 1817 1275 est,

109 1293 226 1350 dulcius
242 1290 337 1361 melle,
354 1298 383 1348 et
402 1292 673 1364 quidlcuneluvtius
686 1293 756 1358 tOui
767 1295 852 1351 ettad
863 1312 929 1351 eos:
986 1302 1189 1359 mandibulam
1204 1302 1291 1369 asini,
1308 1318 1371 1372 ques
1388 1299 1511 1366 jacebat,
1522 1296 1678 1368 arripiens,
1689 1295 1813 1352 interle-

108 1383 137 1441 Si
154 1399 210 1439 non
233 1381 371 1437 arassetis
387 1380 416 1437 iu
442 1379 532 1437 vitule
556 1398 631 1451 mea,
658 1399 716 1438 uon
743 1381 931 1440 invenissetis
985 1386 1487 1459 eitiueemilleviros,eteit:ln
1515 1383 1634 1442 maxilla
1663 1383 1751 1454 esini,
1785 1387 1815 1440 in

34 1526 38 1533 .
109 1471 337 1549 propositionem
355 1470 680 1543 meum-Irruititaque
702 1472 815 1529 insum
840 1472 931 1544 Spiri·
984 1479 1157 1537 mandibula
1172 1478 1245 1550 pulli
1274 1478 1444 1543 asinarum,
1462 1473 1553 1532 delevi
1569 1479 1667 1543 eos,et
1681 1474 1816 1547 percussi

108 1567 158 1619 tus
172 1560 298 1632 Domini,
312 1560 520 1634 descenditque
533 1559 717 1630 Ascalonem,
734 1566 763 1619 et
784 1563 932 1635 percussit
985 1569 1065 1626 mille
1080 1569 1167 1625 viros.
1183 1567 1315 1639 Cumque
1327 1566 1388 1622 hec
1400 1567 1489 1622 verba
1503 1580 1611 1621 census
1621 1563 1813 1635 complesset,

107 1651 148 1708 ibi
164 1651 285 1724 trigiute
300 1649 388 1706 viros.
405 1651 534 1716 Quorum
550 1649 663 1706 abietes
677 1653 772 1707 vestes
787 1651 868 1708 dedit
893 1650 930 1707 iis
984 1657 1108 1730 projenie
1123 1656 1327 1713 mandibulam
1343 1657 1379 1711 de
1395 1671 1497 1721 mauu,
1512 1659 1541 1710 et
1565 1652 1678 1709 vucavit
1702 1667 1813 1708 numen

108 1741 158 1814 qui
175 1739 324 1814 problema
336 1737 493 1797 solverant.
511 1742 666 1812 iratusque
681 1734 771 1796 nimis
796 1741 930 1798 ascendit
945 1790 970 1857 B
984 1744 1445 1815 lociilliusltametb·l.ebi,quod
1457 1743 1667 1814 interpretetur
1686 1740 1812 1797 elevatio

108 1832 138 1887 in
150 1832 268 1887 ducrum
285 1828 376 1902 petris
387 1827 433 1885 eui
445 1846 452 1885 :
465 1845 538 1884 uxor
552 1833 650 1885 eutem
665 1831 730 1901 ejus
746 1829 931 1903 accepitme·
985 1833 1121 1901 mertile,
1136 1834 1303 1905 sitiensque
1319 1831 1413 1901 valde,
1426 1831 1563 1887 clamavit
1578 1831 1613 1886 ad
1635 1829 1809 1899 Dominum,

109 1920 198 1978 ritum
216 1936 308 1976 uuum
322 1918 358 1974 de
372 1918 476 1975 amicis
490 1918 555 1990 ejus
570 1922 598 1974 et
612 1919 765 1991 pronubis.
984 1928 1014 1979 et
1028 1923 1087 1980 eit:
1104 1923 1146 1991 'l'u
1163 1922 1269 1981 dedisti
1286 1922 1315 1978 in
1331 1938 1419 1978 manu
1438 1921 1514 1977 servi
1529 1920 1571 1976 tui
1588 1918 1715 1976 salutem
1729 1918 1808 1974 benc

145 2008 312 2083 [Capilli]
341 2008 409 2065 Post
437 2007 622 2081 eliquentum
649 2014 748 2065 eutem
778 2009 930 2081 temporis,
985 2012 1145 2069 maximam
1161 2017 1249 2085 etque
1263 2011 1431 2068 victoriam:
1449 2017 1479 2065 et
1492 2026 1528 2065 en
1544 2009 1594 2065 siti
1611 2005 1810 2077 morior,iuci·

110 2115 177 2157 curu
194 2099 256 2155 dics
272 2098 392 2154 triticeo
410 2096 516 2153 messis
530 2097 684 2163 instarent,
694 2097 772 2154 venit
794 2098 931 2167 Samson,
986 2100 1115 2173 demque
1126 2101 1154 2156 in
1167 2099 1566 2156 manusincircumcisorum.
1578 2098 1700 2170 Aperuit
1711 2096 1813 2169 itequs

110 2186 237 2243 invisere
254 2184 353 2242 volens
369 2201 488 2242 uxerem
505 2202 600 2254 suern,
616 2190 645 2242 et
659 2186 760 2243 attulit
775 2186 800 2242 ei
816 2187 931 2243 hedum
986 2190 1128 2248 Dominus
1153 2191 1292 2245 molarem
1318 2190 1436 2245 dentem
1462 2187 1491 2242 iu
1521 2185 1639 2242 maxilla
1667 2185 1755 2251 asini,
1784 2192 1812 2241 el

110 2275 147 2332 de
160 2275 267 2348 capris.
282 2274 415 2346 Cumque
429 2272 600 2330 cubiculum
615 2276 679 2346 ejus
695 2275 782 2332 solito
797 2275 933 2333 velletis·
986 2295 1110 2353 egresse
1126 2283 1196 2335 suut
1210 2295 1245 2334 ex
1261 2293 1294 2334 eo
1310 2293 1403 2351 eques.
1419 2277 1532 2339 Quibus
1552 2275 1679 2342 haustis,
1695 2272 1812 2330 relocil-

110 2368 198 2433 trare,
215 2363 366 2437 prohibuit
382 2379 449 2419 eum
474 2368 556 2436 pater
581 2362 660 2420 illius
686 2363 806 2422 dicens:
831 2365 933 2423 Putavi
986 2368 1055 2425 levit
1070 2367 1219 2440 spiritum,
1235 2368 1351 2424 etvircs
1367 2365 1486 2436 recepit.
1502 2364 1612 2421 idcirco
1627 2363 1809 2435 appelletum

111 2454 189 2527 quud
206 2452 319 2510 odisses
334 2469 409 2524 curii,
424 2456 453 2509 et
468 2453 532 2510 idco
548 2453 655 2510 tradidi
670 2452 750 2511 illem
761 2455 854 2511 amico
864 2462 933 2514 tuo:
987 2461 1032 2516 est
1047 2474 1153 2514 nomen
1167 2456 1222 2513 loci
1237 2456 1329 2525 illius,
1341 2456 1408 2511 ione
1423 2454 1586 2511 invocantis
1616 2454 1652 2510 de
1680 2451 1811 2516 maxitle,

113 2543 165 2602 sed
177 2541 265 2599 babet
276 2558 417 2615 sororem,
433 2559 497 2614 que
509 2542 646 2615 junioret
658 2541 808 2616 pulchrior
818 2544 932 2616 illaest,
988 2551 1125 2621 usquein
1142 2551 1314 2618 presentem
1331 2544 1419 2601 diem.
1435 2543 1639 2615 iudicavitque
1664 2539 1754 2598 lsrsal
1783 2541 1812 2596 iu

8 2674 13 2689 .
111 2631 336 2705 eittibipruee
362 2631 513 2689 uxor.Cui
541 2633 693 2706 respondit
719 2634 862 2691 Samson:
893 2636 933 2691 sb
988 2638 1094 2694 diebus
1109 2633 1279 2690 Philistbim
1296 2633 1400 2705 viginti
1416 2633 1513 2689 cunis.

112 2719 168 2777 huc
183 2719 230 2777 die
247 2737 303 2776 nou
314 2720 467 2794 eritcuipn
481 2720 512 2776 iu
541 2737 588 2778 me
607 2726 710 2778 contre
723 2721 909 2781 Philistheos
926 2741 933 2782 :
1024 2727 1102 2800 (Cup.
1115 2724 1200 2794 XVI.)
1214 2723 1291 2779 Abiit
1305 2739 1424 2795 quoque
1440 2723 1468 2777 in
1485 2721 1604 2788 Gazam,
1620 2727 1649 2776 et
1672 2717 1747 2775 vidit
1772 2717 1812 2774 ibi

112 2808 311 2866 teciamenim
329 2807 650 2885 vertamusquti.)
679 2810 877 2883 perrexitque,
906 2819 935 2869 et
990 2813 1174 2872 meretricem
1191 2811 1355 2879 mulierem,
1377 2811 1572 2882 ingressuque
1599 2814 1645 2865 est
1672 2808 1706 2864 ed
1734 2823 1811 2865 eam.

112 2898 190 2972 cepit
218 2898 483 2972 trecentesrulpes,
502 2900 934 2972 caudasqueeerumjunxitad
989 2904 1070 2969 Quod
1086 2918 1154 2959 cum
1171 2901 1323 2958 audissent
1345 2899 1525 2968 Philistbim,
1540 2903 1570 2954 et
1598 2897 1815 2971 percrebuisset

1 3036 2 3040 ,
114 2987 840 3064 caudas,etieccsligevitiumedio:quesigue
869 3007 933 3047 suc·
990 2992 1067 3063 epud
1083 3007 1144 3056 eos,
1158 2989 1284 3048 intrnsse
1301 2991 1540 3057 urbamSausnn,
1552 2987 1816 3044 circumdederunt

112 3078 251 3148 eeudeus,
260 3075 384 3145 dimisit,
393 3081 424 3133 ut
438 3076 495 3134 buc
508 3075 636 3150 illucque
646 3077 854 3136 discurrerent.
866 3079 933 3144 Qus
989 3079 1180 3153 cumpositis
1191 3078 1221 3134 iu
1234 3084 1317 3145 porte
1328 3076 1653 3134 civitatiscuntodibus:
1665 3082 1694 3132 et
1704 3075 1817 3131 ibitote

45 3197 48 3201 «
112 3165 213 3223 stettin
233 3170 423 3237 porrexerunt
437 3167 933 3240 iusegetestilisthiuorum.Gui-
949 3158 971 3226 C
990 3175 1074 3226 necte
1099 3185 1166 3226 cum
1191 3167 1307 3225 silentio
1327 3166 1544 3239 prestolantes,
1561 3171 1594 3221 nt
1622 3166 1699 3221 lacto
1730 3180 1818 3219 mene

114 3254 171 3311 bus
186 3255 345 3324 succensis,
362 3259 391 3331 et
405 3260 593 3328 comportate
604 3258 667 3328 jam
680 3258 789 3330 fruges,
802 3258 936 3315 etadbuc
990 3265 1145 3316 exeuntem
1174 3259 1347 3314 occiderent.
1371 3257 1413 3329 (G.
1436 3255 1522 3323 bill.)
1549 3253 1688 3311 bormivit
1716 3259 1817 3310 eutem

115 3348 228 3400 etentes
242 3344 271 3399 iu
287 3343 408 3417 stipula,
423 3352 613 3402 concremate
628 3352 710 3416 sunt,
726 3347 756 3402 in
767 3352 892 3415 tantum,
905 3353 937 3403 ut
990 3348 1114 3404 Samson
1133 3363 1224 3417 usque
1239 3347 1276 3403 ed
1293 3345 1386 3402 nectis
1402 3345 1532 3400 medium
1547 3360 1554 3400 ε
1571 3347 1600 3400 et
1615 3343 1683 3399 iude
1696 3358 1820 3400 consur·

114 3431 217 3490 vincas
233 3450 351 3506 quoque
365 3438 394 3489 et
409 3432 843 3492 uliveteflemmecousumeret.
858 3437 938 3492 ltine·
990 3451 1074 3510 gens,
1085 3435 1280 3509 apprehendit
1290 3435 1393 3491 ambas
1409 3439 1497 3506 purte
1513 3434 1589 3489 iores
1599 3448 1668 3489 cum
1680 3432 1817 3506 postibus

18 3532 24 3539 “
117 3528 249 3596 runtque
263 3522 454 3579 philisthim:
472 3524 544 3590 Quis
559 3524 627 3581 iecit
642 3524 717 3581 bunc
732 3541 793 3581 rem
803 3524 936 3589 iOuihua
991 3527 1055 3584 suis
1068 3533 1096 3583 et
1107 3542 1183 3596 sere,
1193 3524 1407 3597 impositasque
1418 3522 1553 3579 humeris
1565 3522 1655 3592 (t'etp.
1667 3521 1732 3577 cdd.
1744 3518 1820 3592 suis)

81 3604 84 3609 ’
115 3611 226 3670 dictum
241 3613 435 3670 est:Ssmson
446 3628 536 3687 gener
548 3612 771 3671 Tbemnethaei:
788 3613 858 3688 quia
869 3612 938 3670 tulit
992 3615 1167 3690 portavited
1187 3612 1325 3671 verticem
1347 3612 1456 3669 montis
1479 3613 1529 3684 qui
1554 3610 1673 3683 respicit
1687 3609 1817 3667 Hebron.

116 3718 237 3760 uxorem
252 3703 329 3774 ejus,
345 3705 374 3757 et
388 3700 469 3758 ultori
481 3703 611 3771 tradidit,
627 3702 688 3759 bec
714 3708 850 3776 operatus
879 3707 934 3760 est.
990 3704 1033 3776 (C.
1044 3702 1127 3774 blV.)
1138 3708 1207 3759 Post
1217 3702 1279 3758 berc
1289 3703 1399 3757 amavit
1409 3700 1574 3767 mulierem,
1585 3716 1650 3770 quer
1661 3699 1817 3755 habitabat

116 3791 378 3865 Ascenderuntqus
395 3791 574 3861 Philistbim,
590 3796 618 3849 et
635 3792 862 3850 comlnrsserunt
876 3797 935 3849 tem
990 3793 1021 3851 in
1036 3792 1111 3849 valle
1126 3792 1255 3856 Sorec,et
1271 3793 1430 3846 vocabatur
1443 3789 1541 3844 Deliis.
1555 3787 1766 3860 Veneruntque
1780 3787 1815 3841 ed

116 3879 271 3938 mulierem
287 3897 375 3954 quam
393 3885 504 3954 patrem
520 3882 595 3954 ejus.
609 3881 721 3947 Quibus
736 3883 777 3940 ait
790 3887 913 3939 Semsou
928 3899 935 3938 τ
992 3897 1057 3938 earn
1070 3879 1218 3953 principes
1231 3878 1578 3950 Philistbinurnm,etque
1593 3876 1731 3932 dixerunt
1742 3891 1749 3928 ε
1760 3880 1818 3932 De·

13 4044 18 4050 ¹
117 3971 198 4029 Licet
212 3970 272 4027 benc
290 3970 425 4040 feceritis,
436 3975 533 4028 terren
551 3970 647 4029 adbuc
662 3988 696 4028 ex
709 3971 794 4028 vobis
805 3974 936 4044 expetam
992 3969 1057 4043 cipe
1071 3983 1150 4039 eum,
1167 3973 1195 4024 et
1212 3967 1292 4024 disce
1308 3967 1344 4022 ab
1360 3965 1421 4035 illo,
1437 3965 1467 4021 in
1492 3982 1550 4037 quo
1576 3969 1687 4021 tantem
1713 3962 1821 4021 babeat

119 4059 272 4130 ultionem,
286 4066 314 4117 et
330 4066 399 4116 tuuc
414 4061 576 4133 quiescam.
592 4061 798 4133 Percussitqua
814 4076 864 4118 eos
896 4061 940 4118 in·
993 4057 1208 4125 fortitudinem,
1218 4056 1247 4113 in
1259 4074 1319 4129 quo
1331 4056 1417 4112 modu
1428 4071 1495 4111 eum
1508 4070 1646 4128 superare
1657 4051 1820 4117 valeamus,

118 4149 394 4223 gentiplsga,iteut
405 4155 559 4222 stupentes
572 4166 672 4207 eurem
685 4150 940 4223 lemortirnpcne-
993 4152 1023 4205 et
1036 4147 1166 4203 vinetum
1183 4146 1323 4217 dilligere.
1340 4145 1420 4210 Quod
1436 4145 1460 4200 si
1479 4143 1591 4207 leceris,
1617 4142 1756 4198 dabimus
1767 4142 1821 4198 tibi

117 4238 437 4295 rentlltdcsceudens
462 4237 605 4296 habitavit
619 4237 648 4296 lu
677 4239 819 4313 spelunea
850 4244 941 4312 petras
994 4236 1102 4306 singuli
1119 4234 1202 4291 mille
1217 4239 1376 4291 etcertum
1392 4237 1556 4305 argenteos.
1570 4235 1678 4289 Lucnrte
1692 4237 1821 4304 estergo

118 4325 211 4383 ittam.
227 4327 321 4399 Igitur
335 4327 527 4384 ascendeutes
542 4327 709 4386 Philisthim
726 4328 755 4384 in
770 4332 877 4386 terram
888 4328 940 4386 Ju-
995 4323 1089 4383 Dalile
1099 4324 1135 4381 ed
1147 4324 1270 4380 Samson
1284 4338 1290 4379 :
1304 4322 1356 4378 Dic
1369 4322 1452 4390 mibi,
1463 4320 1594 4387 obsecro,
1606 4320 1635 4376 in
1648 4337 1706 4393 quo
1721 4320 1761 4376 sit
1771 4327 1821 4376 lue

118 4415 168 4484 da,
183 4417 381 4474 castrametati
398 4421 478 4485 sunt,
494 4418 524 4475 in
539 4417 602 4476 loco
616 4417 667 4490 qui
691 4422 792 4490 postea
820 4423 941 4475 vocatus
995 4414 1124 4472 mexime
1139 4412 1290 4482 tortitudo,
1306 4423 1332 4468 et
1346 4412 1415 4484 quid
1427 4412 1535 4483 sitque
1548 4411 1821 4481 ligalueerumpere

118 4513 163 4563 est
177 4506 258 4573 bebi,
274 4505 304 4561 id
318 4513 372 4575 est,
387 4506 516 4573 maxilla,
529 4507 577 4561 ubi
589 4523 692 4562 eorum
707 4506 938 4563 estiususexer·
957 4529 980 4595 D
996 4501 1209 4575 nequeeslGui
1226 4501 1378 4572 respoudit
1392 4502 1513 4555 Samson
1527 4515 1534 4554 :
1550 4498 1578 4552 si
1595 4504 1707 4568 septem
1724 4495 1820 4553 nervi·

119 4593 205 4650 nitus.
230 4593 429 4668 Dixeruntque
453 4596 487 4651 ed
513 4611 564 4652 eos
595 4595 632 4652 de
659 4594 736 4651 tribu
765 4595 864 4652 luda:
882 4595 940 4651 Gur
993 4592 1053 4649 esis
1069 4590 1202 4661 ionibus,
1219 4591 1343 4645 necdum
1361 4588 1446 4644 sireis
1459 4592 1486 4644 et
1503 4585 1817 4655 edbrrcbumcntibue,

117 4683 292 4740 ascendistis
303 4685 456 4742 adversum
473 4701 526 4741 nus
538 4687 550 4741 t
562 4684 616 4750 Qui
645 4685 877 4758 responderunt:
903 4683 940 4741 Ut
995 4678 1104 4754 ligatus
1120 4678 1211 4748 luero,
1227 4677 1363 4733 infirmus
1376 4694 1424 4732 cro
1440 4682 1473 4732 ut
1488 4675 1582 4732 ceteri
1604 4674 1753 4732 homines.
1768 4675 1816 4731 At·

117 4770 245 4846 ligemus
260 4775 395 4843 Samson,
410 4775 554 4841 venimus,
569 4781 598 4831 et
613 4775 772 4832 reddemus
789 4775 815 4833 ei
831 4791 894 4848 que
910 4773 939 4831 in
995 4768 1185 4840 tuleruntque
1200 4768 1236 4824 ed
1251 4782 1315 4824 eam
1331 4773 1455 4838 satrape
1471 4764 1693 4821 philistinorum
1706 4768 1818 4836 septem

117 4879 172 4920 nos
187 4871 324 4936 operatus
338 4867 394 4920 est.
411 4865 628 4921 Descenderunt
642 4879 711 4936 ergo
726 4864 784 4921 trie
795 4862 885 4920 millia
898 4862 939 4918 ri·
996 4859 1092 4925 tunes,
1110 4863 1144 4912 ut
1164 4857 1298 4912 dixerat:
1314 4854 1424 4926 quibus
1446 4855 1537 4909 vinxit
1559 4869 1639 4922 eum,
1659 4851 1821 4909 leteutibue

2 4960 6 4965 '
117 4968 217 5009 rurum
234 4952 419 5009 deluudaad
435 4969 556 5026 specum
572 4953 666 5010 silicis
679 4953 773 5019 litem,
789 4951 940 5007 dixerunt·
994 4947 1072 5020 epud
1091 4961 1123 5002 se
1137 4944 1264 5010 insidiis,
1282 4945 1356 5000 etin
1379 4942 1514 4999 eubiculo
1544 4941 1631 4998 linem
1661 4941 1704 4997 rel
1719 4954 1821 5014 exepe-

25 5052 29 5057 ·
117 5057 174 5114 que
189 5041 224 5097 ed
235 5045 358 5098 Samson
373 5060 379 5100 :
395 5043 496 5101 Nescis
512 5043 590 5116 quod
606 5040 773 5099 philisthim
795 5042 942 5112 imperent
995 5034 1163 5104 euntibus,
1179 5032 1375 5105 clamavitque
1395 5033 1431 5089 ed
1447 5047 1513 5088 eum
1528 5048 1534 5088 :
1551 5029 1718 5089 ruilisihim
1734 5045 1824 5103 super

117 5131 203 5189 nobis
214 5131 229 5189 i
242 5149 335 5205 quere
350 5132 404 5189 boc
415 5133 509 5189 tacere
525 5132 642 5189 voluisti
660 5133 671 5187 i
698 5130 811 5199 Quibus
822 5128 938 5186 illeait:
995 5130 1035 5195 te,
1048 5126 1184 5182 Samson.
1196 5123 1249 5188 Oui
1264 5121 1344 5195 rupit
1356 5120 1486 5191 vincula,
1497 5138 1555 5193 quo
1567 5121 1653 5177 modo
1668 5118 1695 5177 si
1705 5126 1826 5192 rumpat

116 5220 446 5291 Sicutleceruntmihi,
463 5222 585 5279 lecieis.
602 5220 884 5295 bigere,inquiuut,
913 5224 942 5273 te
996 5214 1063 5288 quie
1080 5212 1163 5269 iilum
1179 5214 1215 5269 de
1230 5227 1323 5284 stupe
1338 5219 1449 5267 tortum
1464 5209 1619 5283 putamine
1634 5209 1655 5277 ¹,
1669 5223 1738 5265 cum
1754 5208 1824 5264 odo·

118 5400 159 5457 ris
171 5401 291 5471 Grecis,
306 5400 361 5458 boc
376 5401 463 5458 modo
481 5398 687 5458 llPOBltllblA.
699 5396 807 5453 Eadem
824 5411 942 5467 quoque
999 5395 1133 5451 mutetur
1147 5392 1176 5448 in
1192 5389 1320 5448 nomine.
1337 5389 1430 5448 llesr.
1651 5454 1657 5469 ι
1749 5456 1756 5469 ⁸

117 5488 218 5529 vocem
233 5472 331 5530 Graece
347 5474 487 5546 scriptum
505 5473 540 5527 ed
559 5470 719 5543 marginem
737 5466 941 5537 ruperimusin
1031 5465 1040 5500 ¹
1056 5462 1221 5537 exscriptor
1235 5460 1362 5521 Genouis
1381 5458 1529 5519 Hebraicas
1544 5456 1675 5515 veritatis
1690 5456 1823 5515 codicem

119 5559 177 5600 ms.
193 5546 292 5601 codice
308 5550 409 5601 nostro
424 5560 507 5602 num.
523 5545 549 5599 3.
563 5547 710 5615 siparum
735 5539 941 5612 refertquibue
995 5553 1083 5595 suum
1101 5536 1262 5592 emendans
1275 5533 1368 5608 ponit,
1384 5533 1417 5589 de
1440 5539 1539 5606 etupae,
1555 5532 1665 5614 tomum·
1687 5530 1824 5586 stamine.

118 5614 237 5687 litteris,
251 5617 360 5675 Grecis
370 5620 422 5674 sut
434 5614 557 5688 Latinis,
573 5614 766 5684 exscribatur,
782 5626 851 5669 cum
869 5608 942 5668 mibi
995 5606 1190 5684 ltlenuscriptt
1205 5605 1301 5664 centeri
1317 5599 1703 5679 codicesleguut,uted1ti,
1718 5602 1826 5660 ortae
