3878 6150
109 234 180 293 1007
623 235 653 287 S.
675 233 878 289 bennonim
897 232 1024 287 DlVlNA
1042 227 1290 285 slsclornncn.
1747 229 1811 287 tint

108 363 153 429 nt,
170 358 247 415 cade
261 355 415 428 completa,
431 355 560 411 remansi
575 371 627 429 ego
644 371 652 411 ι
944 354 1117 432 Ᾱῦυιηᾳυο
1129 351 1314 408 ambularent
1324 351 1486 423 cherubim,
1497 353 1581 410 ibant
1592 354 1811 428 pariteretrote

144 432 190 487 rui
214 445 250 484 ue
264 442 353 500 super
367 427 469 483 taciem
486 443 581 482 meam
610 431 639 483 et
653 426 784 485 clamans
799 428 844 484 aio
863 443 870 485 :
1055 426 1141 496 juxta
1154 441 1187 480 ea
1203 424 1257 495 (At.
1274 423 1335 492 eos)
1353 441 1359 477 :

108 505 182 572 Heu,
193 447 266 567 (beu,
282 499 339 553 heu
356 499 410 567 (At.
427 498 485 554 beu
500 500 582 555 semet
599 543 604 566 ,
623 498 746 555 Domine
761 500 839 556 Deus
855 515 862 554 :
1024 500 1053 552 et
1067 512 1135 551 cum
1150 495 1298 551 elevarent
1319 494 1472 552 cherubim
1488 495 1549 554 alas
1574 514 1646 554 suns
1662 503 1696 553 ut
1709 500 1811 558 exalta·

144 587 250 644 ergone
265 569 419 642 disperdes
434 586 537 626 omncs
553 571 694 642 reliquias
711 571 809 638 lsrael,
1059 571 1161 622 rentur
1176 566 1212 621 de
1226 571 1314 635 terra,

145 641 430 702 ellandenslnrorem
446 646 531 697 tunm
548 658 637 714 super
651 641 840 700 Jerusalem?
1023 654 1081 695 non
1097 637 1267 693 residebant
1282 641 1362 705 rote,
1379 639 1429 694 sed
1446 644 1475 696 et
1489 640 1562 714 ipse
1572 641 1665 713 justa
1680 648 1773 699 crant.

110 717 146 773 llt
160 715 233 772 dixit
248 713 283 769 ad
301 728 347 768 me
364 730 371 768 :
989 710 1143 766 Stantibus
1156 708 1226 778 illis,
1243 709 1362 765 stabant
1378 725 1385 766 :

112 786 254 860 Iniquitas
278 784 379 840 domus
405 783 494 841 lsrael
511 789 539 841 ct
552 783 629 841 Juda
649 801 757 858 magna
780 790 825 842 ost
846 782 936 840 nimis
1024 786 1133 837 etcum
1148 781 1268 836 elevatis
1284 781 1482 838 elevabantur.

199 856 295 922 valde,
989 853 1115 924 Spiritus
1130 853 1208 907 enim
1225 851 1288 907 vito
1303 858 1367 909 erat
1381 853 1410 908 in
1427 854 1479 910 eis.

147 933 176 985 et
191 926 301 1000 repleta
315 930 360 981 est
375 933 452 982 terra
466 928 673 1000 sanguinibus,
701 984 705 991 ,
990 925 1026 980 Et
1040 939 1160 995 egressa
1173 928 1218 980 est
1232 923 1326 996 gloria
1341 924 1457 981 Domini
1472 943 1489 982 a
1504 925 1606 983 limine
1622 928 1728 1002 templi
1745 947 1752 986 ε

147 1006 176 1057 et
191 1000 294 1055 civitas
310 996 423 1069 repleta
437 1002 482 1053 est
496 1000 668 1058 aversione:
1026 1002 1055 1052 et
1070 996 1152 1051 stetit
1167 1012 1257 1066 super
1272 995 1435 1054 cherubim.

111 1074 255 1130 Dixerunt
269 1068 348 1124 enirn
367 1085 374 1121 ε
992 1068 1025 1123 Et
1040 1067 1184 1123 elevantia
1199 1067 1351 1123 cherubim
1374 1068 1436 1125 alas
1460 1085 1540 1139 snas,
1564 1070 1694 1127 exaltata
1720 1076 1812 1128 sunta

148 1141 311 1213 Dereliquit
325 1138 467 1195 Dominus
480 1144 600 1213 terram,
1064 1147 1140 1193 terra
1154 1154 1252 1194 coram
1270 1154 1340 1194 me:

145 1220 175 1271 et
190 1213 334 1269 Dominus
352 1227 410 1265 non
425 1211 514 1270 videt.
1028 1207 1135 1281 etffiillis
1159 1210 1388 1282 egredientibus,
1416 1216 1485 1268 rote
1510 1228 1630 1286 quoque
1659 1213 1812 1271 subsecuta

111 1286 206 1360 lgitur
216 1288 245 1341 et
257 1298 339 1338 meus
350 1297 409 1338 non
421 1290 520 1353 parcet
530 1283 644 1353 oculus,
656 1299 750 1354 neque
761 1282 937 1339 miserebor:
1064 1287 1136 1336 sont
1151 1297 1158 1336 :

148 1357 226 1413 viam
241 1369 343 1410 eornm
356 1369 446 1424 super
460 1360 549 1428 caput
563 1371 664 1411 eornm
681 1354 814 1426 reddam,
993 1353 1026 1408 llt
1037 1352 1119 1408 stetit
1131 1351 1160 1407 in
1173 1351 1293 1407 introitu
1306 1356 1393 1424 porte
1405 1354 1511 1411 domus
1521 1356 1642 1412 Domini
1653 1355 1811 1415 orientalis:

113 1428 148 1484 st
162 1443 227 1485 ecce
240 1425 284 1480 vir
299 1425 349 1498 qui
365 1425 486 1481 indutus
502 1430 565 1482 erat
579 1426 676 1496 lineis,
1029 1424 1064 1478 llt
1079 1423 1173 1496 gloria
1189 1423 1238 1479 Dei
1254 1423 1342 1479 lsrael
1358 1431 1420 1480 crat
1434 1443 1524 1500 super
1539 1445 1582 1495 ca,

148 1500 201 1571 qui
225 1498 352 1553 habebnt
367 1497 624 1554 attramentarium
649 1498 679 1552 in
703 1496 791 1553 dorso
815 1495 938 1568 suoidt.
995 1498 1097 1568 lpsum
1112 1499 1156 1550 est
1173 1495 1282 1550 animal
1320 1497 1377 1551 uod
1402 1498 1459 1553 vidi
1487 1500 1591 1556 subter
1615 1506 1711 1556 Deum
1736 1500 1811 1556 lsrael

184 1569 293 1625 lumbis
309 1567 395 1639 suis),
1063 1568 1147 1637 Juxta
1162 1565 1285 1622 havium
1298 1512 1416 1623 {thobar
1432 1587 1439 1625 ε

147 1639 305 1768 ἓοεροηὲὶὲῑῑ
316 1640 577 1767 νεΐῗέςιέωέῇὶῐέᾳῶ
593 1640 739 1713 verbum),
754 1639 853 1696 dicens
868 1653 876 1695 ι
995 1636 1204 1774 Queptprppeltcpp
1218 1638 1455 1767 qpppucobrerpblitm
1472 1648 1582 1727 essent.

169 1730 212 1769 eci
230 1729 254 1768 si
437 1729 443 1765 r
535 1729 542 1765 1
581 1754 587 1768 .
1389 1730 1406 1767 u
1434 1729 1449 1767 u

111 1786 193 1857 (cop.
210 1783 256 1852 X.)
271 1782 306 1837 lit
320 1729 389 1851 eidi,
405 1728 435 1838 el}
448 1798 514 1839 ecce
529 1783 559 1838 in
576 1781 858 1853 hrrnamento,qnod
874 1782 938 1836 erat
954 1733 978 1796 B
1031 1785 1061 1836 et
1076 1725 1203 1852 qua’trlr'or
1217 1726 1270 1837 31ae
1281 1782 1331 1836 uni
1342 1753 1354 1848 ;’
1454 1730 1468 1769 ³
1483 1731 1546 1785 ω’

149 1871 238 1928 super
253 1857 341 1925 caput
355 1853 517 1923 cherubim,
535 1855 619 1927 quasi
640 1856 714 1927 lapis
731 1853 900 1927 sapphirus.
1030 1857 1059 1908 et
1075 1851 1241 1908 similitudo
1257 1868 1365 1908 manus
1381 1853 1511 1913 bominis
1531 1857 1587 1913 sub
1605 1855 1662 1912 alis
1677 1874 1783 1913 eorum.

149 1926 234 1999 qnasi
250 1925 363 2008 species
379 1925 585 1981 similitudinis
600 1927 677 1983 solii.
993 1925 1026 1980 Et
1038 1922 1202 2006 similitudo
1213 1924 1346 2008 vultuum
1359 1941 1470 1998 eorum,
1480 1927 1537 1999 ipsi
1547 1927 1650 1985 vultus
1663 1929 1808 2001 quosvide·

112 2002 284 2127 Etaffiailua'd
296 2011 459 2150 svpplpplepdi
476 2067 598 2123 indutus
613 2073 676 2125 erat
689 2067 787 2133 lineis,
803 2071 832 2123 et
847 2065 888 2121 ait
903 2080 909 2119 :
1027 1995 1522 2147 etriplpplptrpptaegppppmtcplppppsss
1539 2071 1729 2144 singulorum
1752 2086 1803 2127 aare

148 2139 353 2265 ingppderpin
380 2140 476 2194 medio
502 2143 716 2212 rotarumque
740 2144 811 2195 sunt
833 2138 939 2192 subtus
993 2208 1024 2280 (c
1063 2138 1408 2280 supppessstualmingtredi.
1451 2213 1499 2270 ''t

188 2225 352 2266 ccrurm.
1019 2225 1070 2262 e.
1133 2250 1139 2262 .
1216 2226 1322 2266 eevavr
1352 2229 1426 2268 mes
1451 2230 1536 2270 rrius

155 2286 183 2337 et
192 2279 408 2352 implemannm
416 2285 497 2336 tuam
506 2280 609 2352 prunis
619 2281 697 2354 ignis
708 2298 773 2352 quae
784 2284 854 2336 sunt
864 2279 940 2336 inter
1028 2224 1061 2335 ef
1073 2279 1233 2336 introduxit
1243 2298 1289 2337 me
1299 2283 1334 2337 ad
1347 2229 1462 2355 portalfn
1473 2256 1580 2341 dom’us
1595 2286 1713 2343 Domini
1723 2284 1799 2342 orien-

190 2351 352 2419 chernbim,
1064 2349 1165 2418 talem,
1182 2368 1245 2422 qua
1261 2355 1381 2425 respicit
1395 2355 1467 2411 solis
1481 2363 1592 2413 ortum.

154 2429 181 2480 et
196 2423 314 2480 ellunde
328 2438 417 2493 super
429 2422 584 2480 civitatem.
994 2424 1030 2478 llt
1045 2436 1110 2477 ecco
1125 2423 1154 2477 in
1170 2422 1293 2480 introitu
1309 2432 1397 2496 porta
1412 2427 1515 2500 viginti
1530 2429 1665 2513 quinque
1680 2428 1752 2485 viri:

118 2496 330 2568 Ingressusque
345 2499 390 2549 est
404 2493 434 2548 in
451 2501 609 2566 conspectu
625 2511 702 2560 meo,
1031 2497 1060 2549 et
1072 2493 1133 2548 vidi
1149 2493 1178 2548 in
1196 2496 1290 2551 medio
1306 2513 1406 2554 eorum
1422 2500 1567 2557 lenoniam
1584 2499 1681 2558 tilium
1696 2500 1799 2569 banael

153 2567 306 2622 cherubim
331 2569 428 2620 autem
453 2566 571 2622 stabant
585 2584 602 2622 a
617 2565 727 2622 dextris
742 2566 850 2621 domus
873 2580 940 2619 cum
1068 2565 1211 2620 Pbettinm
1227 2567 1322 2624 silium
1338 2571 1461 2639 banaia,

188 2638 391 2710 ingrederetur
405 2636 459 2709 vir,
1032 2635 1180 2707 principes
1198 2639 1308 2710 populi.

153 2713 180 2766 et
196 2709 290 2765 nubes
305 2706 440 2780 implevit
454 2709 563 2764 atrium
579 2708 714 2764 interius.
995 2706 1132 2778 Dixitque
1148 2708 1184 2763 nd
1199 2725 1245 2764 mc
1261 2726 1268 2767 :

118 2785 154 2838 lit
169 2781 279 2837 elevata
302 2784 347 2836 est
371 2779 464 2851 gloria
488 2779 603 2837 Domini
629 2782 756 2852 desuper
770 2777 890 2851 ,cherub
905 2775 942 2833 ad
997 2778 1052 2834 Fili
1068 2778 1208 2847 bominis,

191 2852 281 2908 limen
297 2853 404 2907 domus
419 2892 426 2907 .
1033 2850 1063 2905 bi
1080 2854 1149 2906 sunt
1163 2851 1218 2907 viri
1234 2851 1285 2923 qui
1300 2851 1429 2924 cogitant
1444 2852 1645 2927 iniquitatem,

153 2928 183 2980 et
198 2926 307 2988 repleta
321 2926 367 2977 est
382 2922 488 2978 domus
504 2923 591 2992 nube,
1034 2927 1063 2977 et
1078 2925 1204 2978 tractant
1217 2923 1375 2980 consilium
1391 2925 1552 2996 pessimum
1568 2926 1599 2981 in
1615 2927 1686 2984 urhe
1701 2928 1756 2996 istu,
1767 2926 1798 2981 di·

152 3000 182 3053 et
197 2996 304 3050 atrium
321 2992 463 3065 repletum
479 2997 525 3049 est
535 2992 692 3077 splendore
706 2991 806 3065 gloriae
817 2990 942 3046 Domini.
1070 2997 1169 3049 centes
1185 3010 1191 3048 :

117 3068 153 3123 Et
167 3066 283 3122 sonitus
299 3063 412 3146 alarum
436 3064 589 3120 cherubim
605 3065 782 3120 audiebatur
797 3079 891 3134 usque
906 3063 940 3119 ad
959 3102 980 3168 c
999 3064 1100 3120 Nonne
1115 3064 1228 3121 dudum
1242 3066 1392 3122 aedificatae
1407 3074 1477 3123 sunit
1492 3070 1620 3126 doinus?

190 3136 299 3192 atrium
314 3140 453 3204 exterius,
1035 3135 1096 3191 bac
1109 3139 1155 3191 est
1168 3134 1259 3207 lebes,

157 3207 240 3279 quasi
256 3224 310 3264 vox
324 3205 374 3263 Dei
390 3205 599 3278 omnipotentis
614 3205 772 3278 loquentis.
1035 3223 1088 3262 nos
1103 3210 1201 3262 autem
1217 3225 1329 3264 carnes.

120 3281 252 3350 Cumque
274 3276 457 3350 precepisset
470 3278 543 3350 viro,
560 3278 612 3351 qui
627 3279 748 3334 indutus
771 3282 836 3333 erat
859 3275 944 3332 lineis
999 3278 1110 3334 Idcirco
1126 3278 1284 3336 vaticinare
1295 3281 1330 3335 de
1344 3277 1396 3344 eis,
1839 3286 1842 3351 t

192 3351 292 3406 dicens
308 3366 314 3404 :
1034 3349 1203 3417 vaticinare,
1217 3351 1258 3407 siti
1274 3349 1411 3407 hominis·

155 3422 245 3547 Serape
259 3420 357 3547 igpem
374 3420 410 3475 de
426 3419 523 3475 medio
548 3423 680 3476 rotarum
695 3436 761 3493 quae
784 3422 854 3476 sunt
870 3417 946 3473 inter
998 3420 1135 3548 DtLirruit
1148 3424 1177 3476 in
1194 3439 1240 3478 me
1254 3423 1378 3495 spiritus
1393 3418 1521 3485 Domini,
1534 3422 1564 3475 et
1579 3419 1653 3475 dian
1665 3420 1700 3476 ad
1714 3432 1764 3473 mc:

191 3507 281 3548 ceru
304 3506 368 3546 rm:
1055 3508 1184 3549 onere:

154 3563 306 3635 ingressus
323 3560 371 3617 ille
385 3559 465 3615 stetit
475 3560 561 3632 juxta
575 3566 680 3617 rotam.
998 3509 1151 3620 Hmcfflicit
1165 3564 1307 3620 Dominus
1323 3582 1330 3621 :

119 3635 155 3691 nt
170 3634 301 3691 extendit
314 3631 424 3690 cherub
435 3647 556 3688 manum
574 3632 715 3690 demedio
730 3630 895 3699 cherubim,
907 3630 943 3686 ad
998 3635 1045 3690 Sic
1061 3634 1150 3690 locuti
1166 3636 1249 3704 estis,
1263 3637 1369 3693 domus
1385 3633 1485 3700 lsrael,

189 3706 287 3778 ignem
302 3705 430 3776 quierat
445 3703 521 3784 inter
535 3702 686 3760 cherubim
703 3721 710 3760 :
1034 3706 1225 3789 cogitationes
1240 3708 1336 3764 cordis
1351 3707 1439 3762 vestri
1455 3719 1507 3774 ego
1523 3704 1589 3760 novi
1606 3721 1613 3759 :

155 3781 184 3834 et
199 3795 265 3834 sum
289 3778 338 3844 sit,
353 3783 380 3831 et
395 3774 475 3830 dedit
490 3792 519 3829 rn
536 3791 641 3833 manus
665 3776 730 3848 ejus
746 3775 797 3847 qni
820 3773 945 3830 indutus
999 3776 1145 3834 Plurimos
1159 3779 1307 3834 occidistis
1323 3779 1353 3835 in
1368 3777 1441 3833 urbe
1464 3776 1530 3842 bac,

191 3853 254 3931 erat
268 3794 354 3931 fineis
372 3863 379 3903 :
1035 3849 1069 3903 Et
1084 3848 1229 3921 implestis
1243 3851 1306 3905 vias
1321 3850 1385 3920 ejus
1401 3846 1572 3904 interiectis.

155 3936 207 3993 qur
222 3933 369 3991 accipiens
385 3930 523 3987 egressus
535 3921 590 3974 est.
999 3918 1155 3991 Propterea
1170 3920 1230 3976 bec
1246 3921 1318 3977 dicit
1333 3920 1474 3977 Dominus
1493 3918 1592 3973 Deus:

119 3993 155 4048 Et
167 3991 304 4064 apparuit
313 3990 343 4044 in
355 3986 508 4044 cherubim
522 3988 685 4046 similitudo
696 4005 804 4046 manus
814 3985 944 4045 bominis
1034 3990 1178 4047 interlecti
1194 3993 1293 4061 vestri,
1305 4009 1379 4064 quos
1394 3989 1535 4062 posuistis
1552 3988 1582 4044 in
1599 3987 1694 4044 medic
1706 3983 1760 4056 ejus,

192 4063 298 4119 subtus
314 4073 424 4133 pennas
439 4074 551 4116 eorum.
1034 4061 1064 4116 bi
1080 4067 1151 4118 sunt
1164 4080 1277 4133 carnes,

120 4134 155 4190 ht
168 4133 239 4202 vidi,
255 4138 284 4190 ct
298 4147 364 4189 ecee
378 4134 503 4203 quatuor
519 4135 587 4187 rote
599 4131 686 4202 juata
699 4131 854 4189 cherubim
871 4148 878 4185 :
1034 4141 1062 4189 et
1076 4133 1138 4190 baec
1152 4139 1197 4191 est
1210 4135 1289 4191 lebes
1306 4150 1313 4190 :

156 4209 221 4261 rota
236 4220 294 4260 una
305 4204 390 4272 juata
405 4201 514 4257 cherub
528 4218 632 4272 unum,
1035 4207 1064 4260 et
1078 4205 1200 4262 educam
1216 4222 1267 4263 vos
1282 4206 1317 4262 de
1332 4204 1427 4261 medio
1442 4203 1517 4274 ejus.

156 4281 185 4332 et
200 4279 263 4332 rota
278 4274 335 4332 alia
346 4275 431 4347 iuxta
445 4271 555 4329 cherub
572 4289 664 4329 unum
681 4291 688 4330 :
1000 4273 1136 4332 (lindiam
1153 4277 1311 4345 metuistis,
1738 4335 1743 4347 ,

121 4347 239 4474 Specipp
258 4351 364 4473 autepp
386 4348 517 4399 rotarum
541 4352 603 4400 erat
626 4345 711 4417 qussi
735 4343 809 4401 visio
836 4341 945 4416 lapidis
1034 4350 1063 4402 et
1090 4347 1221 4420 gladium
1244 4348 1382 4405 inducam
1409 4358 1585 4419 supervos,
1610 4342 1652 4398 ait
1677 4342 1781 4399 neuun

119 4488 156 4544 nt
170 4418 423 4561 nscpgoytssshgalrum
440 4486 605 4544 similitudo
621 4502 681 4544 una
694 4490 822 4559 quatuor
838 4502 846 4541 ε
961 4416 1166 4559 ὓΕιΙέἷῗῗίἱιω
1181 4504 1231 4545 ros
1246 4489 1280 4543 de
1295 4487 1392 4544 medio
1407 4487 1483 4558 ejus,

155 4561 241 4631 quasi
255 4560 292 4616 sit
307 4563 371 4616 rota
384 4558 413 4614 iu
430 4558 526 4615 medio
544 4561 625 4615 rote.
660 4566 663 4575 ’
1034 4560 1169 4630 daboque
1181 4575 1232 4615 vos
1246 4558 1276 4614 in
1292 4575 1381 4615 manu
1396 4556 1540 4630 bostium,

119 4632 252 4703 Cumque
266 4630 463 4699 ambularent,
475 4630 505 4686 in
520 4635 647 4703 quatuor
661 4634 761 4703 partes
771 4626 944 4700 gradieban·
1034 4634 1063 4685 et
1077 4631 1182 4686 faciam
1197 4631 1227 4685 in
1244 4629 1327 4687 vohis
1339 4627 1464 4700 judicia.

154 4705 227 4758 tur:
244 4718 302 4758 non
318 4699 538 4757 revertebantur
552 4698 751 4768 ambulantes,
1000 4700 1103 4757 Gladio
1118 4700 1228 4756 cadetis
1244 4715 1252 4755 :

155 4775 205 4830 sed
220 4773 256 4828 ad
270 4774 378 4839 lacum,
390 4771 425 4827 sd
442 4787 529 4843 quem
539 4769 582 4827 ire
592 4769 758 4827 declinabat
768 4784 832 4841 que
846 4767 944 4840 prima
1033 4770 1064 4826 in
1079 4770 1188 4827 linibus
1203 4769 1291 4826 lsrael
1303 4768 1442 4841 judicabo
1456 4783 1519 4838 vos,

189 4847 263 4913 erat,
290 4841 489 4913 sequebantur
515 4844 544 4898 et
567 4845 688 4909 catere,
714 4855 768 4896 nec
792 4843 943 4896 conuerte-
1033 4845 1063 4897 et
1076 4841 1174 4898 scietis
1189 4841 1259 4913 quia
1272 4856 1326 4912 ego
1341 4838 1494 4896 Dominus.

190 4915 309 4970 bantur.
998 4911 1064 4968 llec
1078 4928 1137 4968 non
1152 4911 1207 4967 erit
1220 4910 1304 4967 vobis
1318 4910 1349 4966 in
1362 4909 1500 4977 lebetem,

119 4986 154 5041 nt
166 5001 253 5043 omne
267 4998 373 5066 corpus
388 4997 500 5051 earum,
514 4986 544 5038 et
557 4981 643 5052 colla,
659 4985 689 5038 et
703 4998 820 5050 manus,
831 4983 861 5036 et
874 4995 943 5051 pen·
1032 4986 1062 5039 et
1072 4998 1123 5039 vos
1139 4998 1197 5038 non
1211 4981 1295 5038 eritis
1310 4979 1339 5035 in
1355 4979 1451 5036 medin
1465 4979 1531 5049 eius
1546 4976 1577 5032 in
1591 4989 1696 5033 carnes
1710 4989 1718 5031 ι

190 5072 245 5128 ne,
259 5059 288 5112 et
302 5052 416 5113 circuli.
1032 5053 1064 5108 ia
1080 5053 1189 5109 linibus
1204 5051 1292 5108 hracl
1303 5050 1441 5122 judicabo
1454 5064 1518 5105 vos.

155 5126 340 5199 plauserant
354 5123 457 5189 oculis,
472 5121 503 5178 in
517 5122 641 5179 circuitu
657 5126 784 5195 quatuor
798 5125 940 5178 rotarum.
998 5123 1032 5180 nt
1046 5123 1147 5179 scistis
1161 5121 1229 5192 qnia
1242 5137 1294 5194 eqo
1310 5119 1452 5178 Dominus
1468 5135 1476 5174 ι
1784 5181 1789 5193 ,

118 5199 154 5254 lit
168 5200 247 5254 rotas
262 5196 335 5254 istae
348 5193 463 5252 vocavit
475 5192 630 5260 volubiles,
642 5192 780 5249 audiente
794 5208 851 5249 nae.
1033 5193 1102 5266 quia
1116 5193 1269 5266 preceptis
1292 5191 1365 5248 meis
1386 5206 1444 5248 non
1457 5186 1648 5257 ambulastis,
1662 5190 1691 5243 et
1710 5184 1805 5257 iudica

118 5271 250 5336 Quatuor
264 5272 362 5324 autem
376 5264 467 5322 facies
480 5262 609 5320 babebat
622 5278 716 5320 naum
1068 5278 1133 5321 mea
1148 5279 1207 5320 non
1219 5262 1340 5331 facistis,

152 5339 241 5397 iacies
257 5354 327 5406 aaa,
344 5334 434 5393 iacies
448 5333 559 5391 cherub
575 5349 583 5388 ε
663 5401 670 5415 ·
1034 5332 1085 5391 sed
1096 5331 1302 5405 iustoiudicio
1311 5331 1455 5413 gentium,
1466 5344 1531 5401 qna
1546 5327 1578 5385 in
1589 5325 1715 5385 mrcuitu
1724 5328 1807 5383 vesho

152 5414 182 5466 et
196 5409 286 5466 iacies
301 5407 441 5473 secunda,
456 5403 545 5462 iacies
558 5402 711 5460 hominis:
1068 5408 1150 5473 snat,
1165 5403 1237 5460 estis
1252 5404 1376 5475 operata.

151 5484 181 5537 et
194 5480 225 5536 in
241 5478 327 5536 tertio
341 5477 433 5534 iacies
448 5473 542 5532 leonis
557 5489 565 5529 ε
997 5474 1033 5530 lit
1046 5474 1156 5532 lactum
1171 5478 1228 5545 est,
1243 5489 1310 5529 cnm
1324 5470 1542 5545 prophetarem,

151 5554 181 5606 et
194 5550 224 5606 in
241 5552 345 5621 quarto
361 5548 449 5603 facies
464 5543 582 5618 aquile.
1032 5543 1160 5602 Pbettias
1172 5545 1252 5601 illius
1267 5543 1379 5600 Banaie
1394 5543 1529 5598 mortuam
1544 5540 1591 5595 est
1606 5551 1616 5594 ε

116 5617 150 5675 st
162 5617 275 5676 elevata
287 5619 343 5688 (At.
354 5616 468 5688 elevati)
483 5619 552 5672 sunt
563 5612 716 5670 cherubim
732 5627 740 5668 ε
995 5614 1031 5671 Et
1043 5615 1132 5672 cecidi
1146 5613 1177 5672 in
1192 5614 1298 5672 faeiem
1320 5626 1413 5670 msam
1429 5609 1651 5668 alamuosa
1663 5604 1810 5680 maguam

142 5687 244 5760 ipsum
266 5692 313 5746 est
334 5685 446 5748 animal
461 5686 540 5760 quod
566 5684 697 5742 videram
714 5682 802 5755 juxta
824 5683 937 5743 flumen
1068 5684 1151 5742 dixi:
1238 5756 1240 5761 Ι

172 5759 302 5818 Ghobar.
1030 5757 1107 5827 flea,
1120 5755 1190 5827 beu,
1207 5754 1277 5822 ben,
1291 5751 1413 5810 Domine
1426 5754 1506 5809 Dens
1520 5765 1530 5807 z
