3870 6120
194 230 245 287 33¹
713 235 743 287 8.
764 232 968 288 HIERONYMI
987 229 1114 286 DlVlNA
1131 234 1377 291 BlBLIO'l'HllCA.
1701 261 1704 269 ·
1843 231 1898 288 332

195 354 317 426 mensis,
332 353 875 428 erigestabernaculumtestimonit,et
886 354 1010 425 ponceio
1027 355 1055 422 Α
1069 354 1212 412 ordinatis
1226 372 1323 413 coram
1339 356 1547 429 propositionis
1563 356 1701 430 panibus,
1721 355 1799 412 siout
1822 374 1900 430 pra·

195 459 229 502 ao
244 460 354 510 arcam,
370 443 563 512 demittesque
578 447 645 497 anta
661 442 741 497 illam
756 441 864 510 velum,
882 448 912 498 et
934 442 1017 498 illata
1070 450 1187 513 ceperat
1199 445 1339 501 Dominus
1353 446 1435 502 Mosi.
1452 446 1553 502 Posuit
1568 452 1597 502 et
1626 445 1839 501 candelabrum
1870 447 1900 501 in

197 549 310 602 mansa,
327 547 416 605 pones
431 546 597 603 supeream
614 547 679 603 quae
695 532 749 588 rite
771 535 914 604 precepta
935 536 1016 589 sunt.
1070 531 1259 588 tabernaculo
1276 533 1723 605 testimoniieregionemensa
1752 534 1785 590 in
1814 540 1898 606 parte

198 620 412 681 Candelabrum
423 620 512 676 stabit
526 636 594 676 oum
613 619 741 676 lucernis
768 620 842 691 suia,
869 625 899 676 et
926 619 1018 675 altare
1072 618 1206 680 australi.
1220 620 1323 678 locatis
1337 639 1390 695 per
1404 623 1537 679 ordinem
1559 621 1698 689 lucernis,
1712 622 1800 693 iuxta
1824 639 1900 694 pras·

200 710 437 779 aureaminouo
468 707 602 765 adoletur
630 710 796 777 incensum,
825 725 922 765 coram
952 724 1020 764 area
1072 712 1191 778 ceptum
1207 709 1336 767 Domini.
1355 712 1497 768 Posuitet
1512 710 1604 768 altare
1620 726 1741 767 aureum
1754 711 1897 767 subtecto

200 796 1019 870 testimonii'l'entcriuminintroitutabernaoulipones,
1072 796 1233 853 testimonii
1267 803 1369 856 contra
1395 800 1504 866 velum,
1530 805 1559 856 et
1585 799 1712 856 adolevit
1740 815 1830 872 super
1865 815 1898 855 eo

200 891 230 943 et
243 891 312 943 ante
327 885 399 942 illud
416 885 676 942 altureboloeausti
689 902 696 941 ε
710 886 825 943 labrum
839 885 916 941 inter
930 885 1020 940 altare
1074 883 1228 941 incensum
1240 893 1416 959 aromatum,
1427 889 1639 959 siouijusseret
1653 887 1797 944 Dominus
1811 887 1897 944 ltloei.

200 981 230 1032 et
242 974 477 1047 tabernaculum,
493 975 571 1047 quod
591 975 727 1048 implebis
749 992 835 1047 aqua.
851 974 1021 1030 Circumde-
1075 974 1176 1028 Posuit
1190 979 1219 1030 et
1232 976 1390 1032 tentorium
1406 977 1435 1032 in
1451 977 1572 1033 introitu
1588 976 1769 1033 tabernaculi
1800 976 1896 1047 [Vatp.

202 1065 306 1138 bisque
334 1065 441 1121 atrium
470 1064 614 1134 tentoriis,
631 1068 660 1121 at
698 1064 864 1136 ingressam
889 1064 964 1135 ejus.
990 1064 1024 1118 at
1075 1061 1901 1137 aaa.testimonii).etaltaraholocaustiinvestibulote·

201 1156 354 1226 assumpto
369 1153 517 1210 unctionis
531 1152 605 1221 oleo,
616 1169 708 1226 unges
722 1150 1022 1209 tabernaculum'oum
1077 1149 1690 1225 stimonii,ollerensineoholocaustum,ot
1701 1152 1901 1221 sacrificinm

200 1243 279 1299 vasis
293 1243 366 1309 suis,
383 1247 416 1298 ut
429 1242 650 1298 sanctificentur
665 1260 672 1298 ι
688 1241 780 1297 altare
803 1240 968 1297 holocausti
995 1247 1024 1295 ct
1076 1239 1219 1295 Dominus
1233 1243 1399 1313 imperarat.
1414 1242 1541 1298 Labrum
1558 1259 1678 1316 quoque
1698 1243 1805 1300 statuit
1828 1242 1904 1298 inter

200 1330 384 1388 omniavasa
410 1330 495 1401 ejus:
513 1330 629 1387 labrum
654 1347 721 1386 oum
746 1331 810 1386 basi
826 1346 899 1386 sua:
926 1330 1024 1385 omnia
1077 1328 1299 1385 tabernaculum
1314 1331 1478 1387 testimonii
1504 1335 1533 1387 et
1547 1330 1650 1400 altare,
1672 1331 1802 1404 implens
1831 1329 1903 1385 illud

201 1419 349 1476 unctionis
364 1418 427 1476 oleo
443 1419 639 1486 consecrabis,
657 1422 688 1474 ui
702 1418 762 1474 sint
776 1422 879 1474 sancta
908 1420 1024 1473 sancto·
1078 1432 1164 1486 aqua.
1181 1417 1384 1490 Laveruntque
1403 1424 1508 1488 Moses,
1526 1425 1556 1476 et
1570 1422 1674 1490 Aaron,
1699 1436 1734 1476 ao
1755 1419 1811 1475 lilii
1839 1420 1904 1490 ejus

203 1524 282 1565 rum.
297 1507 523 1581 Applioabrsque
538 1510 634 1563 Aaron
658 1515 686 1564 et
700 1506 778 1563 lilios
806 1507 871 1577 ejus
884 1506 921 1562 ad
947 1506 1024 1562 iores
1079 1520 1185 1561 manua
1200 1522 1270 1561 suas
1285 1511 1313 1562 ei-
1329 1509 1428 1577 pedes,
1445 1525 1512 1564 cum
1538 1508 1762 1580 ingrederentur
1792 1512 1903 1564 tectum

200 1598 382 1655 tabernaculi
394 1597 567 1669 testimonii,
584 1602 613 1653 et
627 1596 703 1653 lotos
714 1596 902 1668 aqnainduea
913 1596 1025 1652 sanctis
1080 1592 1206 1661 foderis,
1223 1599 1251 1650 et
1265 1595 1436 1651 accederent
1450 1597 1486 1652 ad
1502 1594 1604 1664 altare,
1621 1597 1697 1653 sicut
1723 1600 1904 1669 praeceperat

201 1688 344 1756 vestibus,
360 1691 393 1743 ut
408 1686 576 1743 ministrent
592 1684 677 1756 mihi,
693 1689 721 1742 et
735 1686 836 1742 unctio
865 1700 966 1742 eorum
994 1685 1023 1739 in
1080 1679 1223 1740 Dominus
1240 1683 1324 1740 Masi.
1341 1685 1438 1741 Erexit
1451 1690 1480 1741 et
1494 1685 1603 1742 atrium
1620 1702 1792 1760 pergyrum
1807 1688 1904 1742 taber·

201 1773 907 1847 sacerdotiumprofloiatsempiternuml'acitque
929 1773 1025 1830 Moses
1079 1772 1176 1829 naculi
1191 1776 1220 1829 et
1235 1771 1347 1841 altaris,
1363 1773 1450 1830 ducto
1465 1774 1494 1829 in
1511 1774 1663 1831 introitum
1688 1775 1753 1845 elus
1778 1774 1904 1832 tentorio

201 1865 391 1936 omniaque
407 1868 582 1936 praeceperat
606 1863 757 1919 Dominus.
789 1863 830 1935 (Τ.
860 1862 963 1933 xuni,
993 1864 1024 1919 G.
1079 1860 1902 1936 [G.CXXX1X.]Postquamomniaparlectasunt,operuit

203 1952 377 2023 cxxxvlfl.)
391 1952 485 2025 Igitur
499 1967 598 2008 manee
612 1952 708 2025 primo
738 1948 808 2008 anni
837 1950 969 2020 secundi,
994 1950 1025 2006 ln
1080 1951 1410 2008 nubestebernaculum
1423 1950 1595 2020 testimonii,
1612 1957 1641 2009 et
1664 1952 1757 2024 gloria
1786 1951 1905 2008 Domini

203 2042 496 2115 primadiemsnsis‚
525 2040 698 2098 collocatum
724 2046 768 2096 eet
791 2038 1024 2096 tabernaculum.
1079 2039 1212 2111 implevit
1235 2039 1319 2095 illud.
1335 2040 1393 2097 Nec
1408 2044 1521 2113 poterat
1536 2041 1631 2098 Moses
1647 2040 1763 2113 ingredi
1792 2045 1902 2098 tectum

204 2132 360 2202 Erexitque
375 2130 447 2187 illud
459 2130 566 2201 Moses,
583 2129 719 2202 etposnit
732 2129 892 2186 tabulasac
906 2131 1027 2186 basesst
1080 2128 1209 2197 l'oedoris,
1226 2128 1575 2202 nubaoperienteomnia,
1585 2130 1780 2202 utmajestate
1788 2129 1903 2187 Domini

207 2223 313 2289 vectes,
331 2219 495 2291 statuitque
521 2218 686 2286 columnas,
709 2218 892 2291 etexpandit
915 2222 1024 2274 tectum
1080 2217 1907 2290 coruscante,quiaounotanubesoperuerat.Siquando

203 2308 534 2380 supertabernaculum‚
545 2307 685 2379 imposito
696 2308 821 2378 desuper
833 2305 1024 2378 operimento,
1080 2307 1174 2362 nubes
1199 2305 1421 2363 tabernaculum
1463 2307 1627 2375 deserebat,
1644 2307 1908 2379 proficiscebantur

203 2397 281 2453 sieut
295 2396 437 2452 Dominus
452 2398 657 2466 imperaverat.
673 2396 775 2451 Posuit
784 2400 813 2451 et
822 2395 1026 2451 testimonium
1079 2394 1133 2449 lllii
1151 2394 1240 2450 lsrael
1256 2410 1307 2465 per
1321 2399 1434 2451 turmas
1450 2411 1538 2452 suas:
1555 2395 1579 2452 si
1595 2395 1742 2469 pendebat
1768 2396 1906 2467 desuper,

204 2485 234 2539 in
256 2501 333 2555 arca,
349 2485 476 2542 subditis
492 2482 721 2550 instruentibus,
735 2483 921 2540 etoraoulum
935 2484 1025 2539 deeu-
1080 2483 1401 2539 manebantineodem
1421 2482 1494 2540 loeo.
1524 2483 1622 2540 Nubes
1648 2485 1760 2557 quippe
1790 2484 1908 2541 Domini

205 2588 267 2647 per.
292 2573 424 2645 Cumque
440 2572 588 2629 intulisset
614 2587 710 2628 arcam
736 2571 767 2627 in
791 2569 1024 2642 tabernaculum,
1080 2572 1239 2628 incubabat
1251 2571 1391 2644 perdiem
1405 2572 1604 2640 tabernaculo,
1621 2577 1650 2629 et
1665 2573 1745 2646 ignis
1760 2573 1792 2630 in
1810 2580 1906 2644 nocte,

206 2663 347 2735 appendit
373 2667 441 2718 anta
467 2678 533 2718 eam
558 2660 666 2732 uelum,
694 2665 727 2717 ut
752 2659 882 2734 expleret
909 2661 1026 2716 Domini
1080 2660 1250 2717 videntibus
1265 2660 1381 2717 cunctis
1396 2660 1609 2734 populislsrael
1624 2668 1814 2735 percunctas
1825 2680 1906 2720 man·

201 2751 379 2824 jussionem.
396 2752 498 2809 Posuit
508 2759 535 2808 et
550 2765 682 2807 mansam
698 2749 928 2806 intabernaoulo
942 2750 1026 2806 teeti·
1081 2751 1180 2807 aiones
1191 2766 1272 2807 suas.

207 2840 299 2897 monii
314 2841 351 2898 ad
381 2839 497 2914 plagam
526 2838 783 2913 septentrionalem
812 2838 1025 2906 curavalam,

736 2990 859 3063 Explicit
872 2988 944 3047 tiber
957 2990 1025 3047 Ello
1039 2990 1143 3059 smoth,
1159 2989 1189 3046 id
1203 2993 1242 3046 est
1255 2989 1375 3046 Dardas.

667 3295 786 3357 TITULl
815 3295 913 3354 LIBRI
940 3294 1157 3365 volsellam
1184 3294 1248 3352 DST
1276 3294 1441 3352 LEVl'l'lGl.

204 3576 226 3632 1.
243 3574 297 3632 Ubi
312 3575 357 3630 lex
371 3572 610 3630 holocaustorum
626 3570 661 3629 de
675 3572 838 3629 immundis
849 3571 1027 3629 animalibus
1041 3578 1063 3647 c
1082 3571 1157 3628 Vlll.
1173 3571 1214 3627 De
1228 3571 1289 3628 viro
1300 3570 1411 3627 fluxum
1423 3569 1545 3627 seminis
1559 3569 1738 3642 sustinente,
1747 3572 1793 3629 uel
1810 3573 1845 3630 de
1855 3573 1911 3651 iia,

239 3664 283 3720 vel
294 3663 397 3719 avibus
410 3661 527 3718 Domini
543 3660 758 3733 promulgatur.
1117 3678 1180 3732 que
1196 3677 1246 3734 per
1261 3676 1399 3717 somnum
1413 3660 1582 3731 contingere
1602 3659 1709 3719 solent.
1736 3661 1777 3718 De
1804 3677 1901 3723 mena.

204 3752 611 3823 ltsaeriflciumpropeccato
622 3750 1025 3823 perignorantiemadmisao.
1117 3749 1191 3805 trois
1208 3749 1379 3816 mulierum,
1396 3747 1440 3805 vel
1457 3747 1611 3820 profluvio.

239 3842 409 3898 iubeturde
419 3840 584 3912 ignorantia
601 3839 747 3910 pontilicis
758 3856 810 3911 pro
825 3855 922 3896 errore
934 3856 1026 3913 popa·
1080 3839 1124 3894 lx.
1141 3844 1179 3894 Da
1195 3838 1311 3894 duobus
1322 3837 1424 3907 hircis,
1438 3841 1467 3894 at
1482 3838 1518 3893 ds
1532 3836 1650 3893 duobus
1663 3837 1769 3897 vitulis
1784 3855 1832 3912 pro
1844 3857 1887 3913 po·

240 3930 272 4001 li,
287 3947 340 4003 pro
350 3934 416 3986 actu
431 3928 588 3996 immundi,
605 3933 633 3983 et
648 3928 848 3986 recordatione
861 3928 982 4000 peccati,
998 3931 1027 3984 et
1116 3926 1184 3999 pulo
1200 3930 1228 3983 et
1243 3923 1383 3998 pontifice
1398 3924 1599 3982 immolandis.

238 4022 349 4076 temere
363 4016 548 4074 curantibus.
1080 4015 1111 4071 ll.
1128 4014 1308 4087 Pracipitur,
1324 4014 1461 4070 alumnis
1475 4012 1604 4083 victima,
1619 4029 1684 4086 quaa
1700 4014 1733 4073 in
1748 4031 1816 4091 agro
1835 4034 1882 4073 na·
1915 4002 1933 4089 ’,-

203 4107 252 4163 ΙΙΙ.
270 4108 308 4162 Do
318 4105 461 4162 sacrificio
471 4120 572 4161 eorum
581 4103 631 4176 qui
643 4119 693 4174 per
702 4120 830 4161 errorem
843 4105 1025 4162 sanctificata
1115 4109 1220 4174 ctatur,
1233 4110 1265 4161 ut
1279 4104 1416 4178 primitie
1430 4121 1465 4162 ax
1480 4104 1582 4161 eadem
1594 4104 1720 4164 Domino
1731 4108 1876 4175 offerantur,
1907 4178 1916 4185 -

232 4196 639 4266 comedunt‚etdenegantaet
649 4194 834 4266 pejerantem
842 4193 1023 4249 libamentis.
1113 4199 1140 4249 et
1152 4210 1187 4249 no
1202 4193 1376 4265 sanguinem
1391 4193 1612 4264 quisoomedat‚
1642 4194 1689 4251 vel
1705 4195 1877 4262 morticinum,
1901 4188 1933 4261 ἓ

201 4284 249 4340 lv.
262 4283 302 4340 De
318 4283 517 4340 oblationibus
533 4282 732 4348 sacerdotum,
744 4299 816 4354 quas
833 4297 926 4355 prose
938 4282 1024 4338 oller-
1112 4281 1158 4337 vel
1173 4286 1293 4354 captum
1310 4298 1326 4337 a
1342 4282 1446 4338 bestia.

235 4387 266 4427 re
282 4370 417 4440 debeant,
433 4370 476 4427 vel
492 4371 560 4443 qaid
577 4371 613 4426 de
623 4370 823 4428 oblationibus
837 4386 1023 4442 consequan-
1078 4369 1124 4426 lll.
1139 4369 1240 4426 Timor
1253 4369 1304 4426 Dei
1314 4371 1494 4442 imperatur:
1510 4371 1678 4430 timendum
1688 4376 1798 4445 patrem
1808 4388 1815 4429 ε
1826 4370 1876 4427 ido·
1901 4384 1930 4423 ·.

199 4463 257 4532 tur,
275 4460 311 4516 de
325 4459 410 4532 adipe
426 4463 454 4515 et
465 4460 621 4532 sanguine.
1111 4457 1140 4514 la
1155 4475 1212 4514 non
1229 4458 1372 4529 iacienda,
1387 4464 1418 4516 et
1429 4463 1542 4529 namra,
1558 4474 1623 4531 qua
1633 4461 1671 4518 ad
1686 4460 1876 4535 legamatira·
1906 4470 1909 4475 ·

199 4547 232 4604 V.
249 4548 400 4614 Quomodo
416 4547 550 4604 initiandi
566 4553 637 4604 aunt
649 4549 830 4614 sacerdotes,
846 4548 890 4604 val
912 4548 1022 4619 quibus
1112 4547 1287 4604 tilicationes
1300 4548 1457 4619 pertinent.

235 4637 367 4694 vestibus
381 4636 534 4694 induendi.
549 4642 591 4694 De
614 4636 752 4693 unctione
780 4636 963 4694 tabernaouli
992 4644 1022 4693 et
1076 4637 1143 4693 llll.
1164 4636 1334 4709 Pracipites
1348 4636 1462 4693 nullum
1477 4653 1511 4693 ex
1523 4636 1615 4693 lsrael
1630 4634 1880 4696 sternebantur·
1926 4704 1930 4709 Ι

235 4743 373 4784 vasorum
389 4727 460 4796 ejus.
478 4726 533 4783 Ubi
549 4729 659 4798 Moyses
674 4725 752 4782 sicut
766 4725 892 4797 pontifex
916 4724 1023 4796 accipit
1112 4723 1188 4780 idolo
1204 4727 1447 4781 consecrandum.
1462 4725 1625 4781 Demochie
1636 4727 1903 4800 etadultoramun,

236 4815 398 4888 portionem
413 4818 509 4871 Aaron
525 4814 704 4871 sacerdotis:
723 4814 775 4869 lilii
795 4817 890 4870 Aaron
920 4812 1021 4870 illicita
1111 4816 1181 4868 sunt
1191 4829 1332 4885 persone,
1350 4813 1459 4886 quibus
1473 4812 1560 4871 liceat
1573 4815 1713 4889 conjugio
1728 4816 1834 4876 sociari.

235 4907 331 4973 ignem
345 4904 500 4961 offerentes
516 4903 647 4976 percussi
663 4908 743 4960 sunt.
1032 4943 1058 5010 ὓ
1076 4900 1745 4979 lllll.Praoipitursaroardosneminemlugere,
1755 4902 1891 4980 nmaarl·
1907 4886 1923 4905 ⁵

196 4993 243 5049 Vl.
260 4991 639 5065 Sacerdotibuspraeolpitur
649 4992 750 5048 vinum
761 5009 818 5048 non
828 4992 939 5062 bibere,
948 5006 1016 5047 oum
1107 4991 1451 5062 duom‚autrepudiatam
1460 5006 1579 5048 uxorem
1587 4994 1899 5067 anorpamzstenrpora·

230 5083 375 5154 templum
392 5081 608 5153 ingrediuntur.
626 5086 665 5136 De
678 5081 797 5137 mundis
813 5089 840 5137 et
854 5081 1018 5137 immundis
1110 5079 1188 5135 libus
1202 5079 1281 5135 vitiis
1297 5079 1476 5136 maculatum
1493 5080 1672 5138 sacrificium
1688 5099 1748 5141 non
1775 5083 1896 5141 onan:
1918 5138 1930 5155 ,.

227 5169 407 5227 animalibus
423 5174 451 5225 et
466 5169 570 5225 avibus
585 5170 784 5226 comedendis.
1108 5169 1223 5225 nullum
1236 5167 1432 5242 alienigenam
1442 5173 1550 5227 Sancta
1560 5175 1733 5229 sanctornm
1745 5171 1908 5249 attingere·-
1926 5210 1929 5215 -

190 5259 1018 5332 Vll.Demulierepariente,etimmundaDelepracon·
1071 5258 1147 5314 lllV.
1164 5257 1346 5314 Deviotimis
1366 5258 1568 5330 pacificorum,
1597 5275 1661 5332 qna
1690 5261 1753 5317 sint
1778 5262 1900 5319 Domino
1923 5252 1933 5301 ἶ

226 5345 704 5404 taminationevaldiscrimineDe
726 5347 807 5420 lepra
827 5348 1016 5406 vestimento·
1106 5347 1314 5404 consecranda.
1332 5352 1372 5403 De
1386 5347 1572 5405 solemnitate
1583 5364 1768 5423 azymorum,
1789 5354 1819 5409 et
1831 5366 1923 5427 ουν,Ι

226 5454 304 5492 rum.
321 5436 362 5492 De
378 5434 571 5492 mundatione
587 5435 683 5508 leprae.
697 5438 737 5493 De
752 5437 851 5492 divitis
867 5444 895 5493 et
906 5454 1016 5510 ponpa·
1106 5436 1268 5492 sacratione
1279 5435 1428 5507 spicarum
1444 5435 1473 5493 in
1489 5437 1671 5495 Pentecoste.
1920 5482 1933 5493 ..

226 5525 267 5582 ris
282 5525 374 5600 lepra,
390 5529 419 5582 et
435 5524 626 5581 mundatione
643 5526 809 5582 domorum.
1070 5525 1129 5582 XV.
1144 5525 1182 5581 De
1198 5541 1298 5582 mense
1313 5525 1713 5599 septimo‚lejrsnio‚etleriia
1727 5512 1934 5591 abenner-''-
