3878 6150
124 335 183 391 'tob
804 339 912 394 stistte
929 341 942 393 1
961 338 1163 395 tituenus.
1780 336 1835 393 7oe

125 464 407 536 ieceruntitnmque
420 463 572 536 essetjem
590 462 737 534 meridies,
753 461 898 520 illudebat
910 463 953 521 eis
968 462 1090 533 Aiiluc,
1112 481 1178 522 ecce
1202 465 1267 522 cmii
1288 466 1488 523 contenebreti
1512 469 1592 536 sunt,
1618 469 1648 522 et
1670 466 1764 524 nubes
1790 463 1833 536 (h.

126 552 217 621 Xliss,
232 552 334 609 diceus
351 568 358 607 ε
375 551 588 609 Clematevooe
610 552 720 625 majore
745 569 753 609 z
779 553 853 609 deus
877 553 954 609 enim
1009 555 1161 628 nubibus),
1177 560 1332 622 etventus,
1357 560 1386 613 et
1407 557 1481 612 iacta
1504 561 1548 612 est
1572 554 1671 629 pluvie
1695 553 1826 628 grandis.

124 647 183 710 set,
200 646 229 698 et
243 641 366 699 torsitsn
384 639 526 712 loquitur,
540 644 592 697 aut
606 640 636 697 iu
652 641 813 698 diversorio
827 646 882 712 est,
894 644 955 713 (eut
1009 646 1179 701 decendens
1195 645 1293 717 itsque
1309 643 1390 701 dhab
1406 645 1477 701 abiit
1492 643 1522 701 in
1536 644 1646 701 Jezrasi
1660 648 1708 700 :et
1724 658 1830 700 monus

124 731 157 789 in
171 731 292 801 itinere,
305 734 356 786 eut
370 735 449 787 certe
466 729 584 799 dormit,
610 734 639 786 et
661 730 814 786 excitetur.
839 730 953 787 Gtama-
1009 732 1124 787 Domini
1141 732 1216 789 iacta
1231 738 1275 790 est
1289 749 1379 805 super
1392 732 1495 803 Etiam,
1511 732 1707 802 accinctisque
1722 729 1833 786 tumbis

125 820 201 877 beet
212 836 279 893 ergo
291 834 361 875 voce
372 833 492 891 magna,
507 817 717 876 etiucidcbent
729 821 849 892 etjuxta
864 821 953 876 ritum
1009 821 1146 877 currebat
1160 825 1227 877 ante
1244 821 1335 886 theb,
1350 822 1443 878 donec
1458 821 1569 878 veniret
1584 821 1612 876 in
1629 819 1750 878 iezraei.

125 923 218 965 suum
234 905 339 963 cultris
362 912 391 963 et
414 905 564 972 lanceolis,
591 906 683 962 donec
709 907 956 977 profunderentur
1044 908 1121 981 (Cup.
1138 909 1490 984 XtX.)Nuntiavituutem
1499 906 1832 979 Ababiesabelomnis,

124 996 282 1071 unguine.
299 999 458 1068 Postquam
483 999 583 1051 eutem
607 995 725 1051 transiit
753 996 901 1065 meridies,
927 998 956 1051 et
1008 1013 1075 1070 qum
1086 1000 1193 1055 iecerat
1204 999 1292 1067 litias,
1309 1006 1338 1056 et
1350 1001 1495 1071 quomodo
1509 999 1666 1056 occidisset
1679 997 1833 1055 universes

124 1085 954 1162 iliisprophetantibus.venerettempusquosacrificium
1010 1088 1168 1160 prophetas
1196 1088 1304 1160 giudic.
1334 1088 1474 1162 Misitque
1503 1087 1619 1145 iexebei
1650 1085 1787 1143 nuntium
1817 1100 1834 1141 e

123 1177 226 1236 otierri
250 1176 335 1243 eoiet,
362 1191 415 1233 neu
439 1174 616 1232 audiebatur
639 1190 704 1246 vox,
730 1190 825 1246 neque
848 1176 955 1247 aliquis
1010 1175 1113 1247 titiam,
1129 1177 1230 1234 dicens
1247 1193 1255 1234 ε
1272 1178 1336 1233 iiec
1351 1177 1423 1233 mibi
1440 1177 1549 1234 (sciant
1572 1176 1624 1246 dii,
1646 1181 1675 1232 et
1697 1176 1757 1232 bec
1781 1174 1835 1230 ad·

122 1266 336 1341 respondebat,
351 1279 407 1321 uec
419 1264 591 1321 attendebat
606 1268 723 1320 orantes
746 1279 753 1319 ε
780 1263 854 1319 dixit
877 1263 955 1321 Eiies
1009 1266 1092 1330 dant,
1108 1266 1165 1323 nisi
1188 1267 1242 1324 bac
1268 1268 1340 1324 bore
1360 1283 1426 1324 cras
1449 1283 1573 1340 posuero
1597 1265 1726 1322 animam
1751 1267 1833 1319 tuum

122 1357 207 1414 omni
224 1353 333 1429 popuiu
350 1371 358 1412 ε
373 1353 477 1410 Venite
492 1354 527 1409 ad
546 1368 601 1410 me.
624 1355 656 1409 Et
680 1354 837 1409 accedente
863 1355 897 1410 ad
924 1370 956 1410 ee
1009 1355 1087 1412 sicut
1101 1356 1230 1412 animam
1247 1358 1335 1413 unius
1350 1374 1384 1414 ex
1399 1356 1468 1413 iilis.
1485 1357 1529 1428 (T.
1557 1353 1702 1421 LXXXii.)
1724 1350 1835 1407 Timuit
1885 1390 1887 1395 .

123 1445 247 1520 populu,
263 1444 379 1500 curavit
398 1442 489 1500 uitare
513 1441 642 1512 Domini,
667 1443 745 1515 quod
771 1443 955 1500 destructum
1008 1461 1077 1518 ergo
1088 1445 1176 1510 Elias,
1189 1449 1218 1501 et
1228 1462 1351 1518 surgens
1362 1445 1434 1503 ebiit
1448 1460 1624 1518 quocunque
1638 1460 1705 1500 eum
1721 1441 1834 1498 serebat

122 1536 233 1595 iuerat.
249 1534 285 1590 st
298 1531 369 1590 tutit
383 1531 541 1589 duodecim
557 1530 671 1605 lapides
685 1533 773 1604 juxte
796 1548 954 1589 numerum
1007 1533 1144 1590 voluutas
1161 1551 1168 1592 :
1185 1535 1322 1607 venitque
1339 1535 1369 1591 in
1391 1534 1550 1592 Ber-Sabee
1574 1534 1615 1598 (h.
1641 1532 1741 1588 timuit
1763 1544 1833 1602 ergo

123 1627 260 1683 tribuum
277 1623 402 1681 illiorum
418 1622 558 1694 Jacob‚ad
575 1638 662 1694 quem
680 1622 776 1679 sectus
791 1628 837 1679 eet
858 1639 955 1680 sermo
1007 1621 1106 1680 Helias
1123 1663 1202 1680 .......
1219 1628 1248 1680 et
1263 1640 1389 1697 surgens
1465 1627 1495 1680 et
1519 1621 1598 1679 venit
1622 1622 1651 1677 in
1677 1616 1832 1689 Bersabee)

126 1715 255 1787 Domini,
267 1715 369 1771 dicens
385 1730 392 1768 :
410 1712 499 1770 isreel
514 1713 571 1769 erit
585 1729 692 1769 nomen
707 1717 803 1770 tuum.
817 1717 850 1768 et
864 1714 953 1769 editi·
1007 1710 1095 1779 iude,
1111 1718 1141 1769 st
1155 1713 1269 1770 dimisit
1285 1713 1324 1769 ibi
1340 1728 1464 1786 puerum
1479 1728 1580 1783 suum,
1599 1715 1629 1768 et
1651 1709 1779 1784 perrexit
1802 1706 1832 1765 tn

123 1806 202 1863 nevit
213 1804 251 1861 de
260 1803 409 1875 lapidibus
419 1803 512 1859 uitare
523 1801 554 1856 in
566 1802 684 1858 nomine
695 1801 953 1875 Dominiziecitque
1009 1802 1169 1872 desertum,
1181 1802 1257 1858 viam
1274 1802 1363 1860 unius
1378 1802 1581 1874 diei.Cumque
1595 1799 1773 1868 venisset,et
1784 1812 1833 1853 ee·

122 1894 344 1967 aqueductum,
360 1892 446 1965 quasi
460 1907 512 1964 per
526 1891 600 1947 duas
621 1890 820 1947 aretiunoutss
843 1892 874 1946 iu
898 1892 953 1948 cir·
1008 1889 1090 1947 deret
1104 1891 1208 1949 subter
1222 1909 1312 1950 unum
1325 1892 1511 1965 juniperum,
1527 1890 1630 1965 petivit
1644 1888 1747 1945 enims
1771 1902 1832 1944 sum

123 1983 204 2043 cuitu
221 1981 335 2050 altaris,
348 1989 376 2037 et
390 1979 558 2053 composuit
569 1978 650 2051 ligna
665 1979 825 2052 divisitque
849 1980 952 2037 bovem
1006 1981 1039 2035 ut
1053 1984 1226 2049 moreretur,
1243 1986 1273 2037 et
1285 1982 1343 2049 eit(
1359 1980 1481 2039 Suffecit
1496 1980 1580 2050 mihi,
1604 1977 1738 2046 Domine,
1760 1974 1832 2032 totle
1916 1976 1920 1981 '

122 2088 175 2144 per
188 2070 335 2139 membre,
346 2078 373 2126 et
388 2068 487 2141 posuit
501 2084 591 2141 super
604 2066 695 2141 liges,
706 2073 735 2124 et
750 2068 791 2124 ait
807 2085 814 2125 :
833 2067 954 2142 {mplete
1005 2069 1136 2125 animem
1153 2086 1249 2127 meam
1267 2087 1274 2127 ι
1292 2069 1479 2143 nequeenim
1506 2069 1612 2127 melior
1636 2084 1714 2137 eum,
1740 2080 1832 2139 quam

123 2162 252 2234 quatuor
259 2157 376 2232 bpdriae
385 2173 472 2229 equa,
483 2160 513 2212 et
522 2155 635 2213 iuudits
646 2172 737 2230 super
747 2157 952 2215 holocaustum
1005 2161 1103 2229 patres
1118 2159 1186 2215 mei.
1203 2159 1387 2233 Projscitque
1401 2176 1444 2229 ee,
1456 2164 1486 2217 et
1501 2157 1678 2216 obdormivit
1692 2156 1749 2214 sub
1765 2169 1833 2210 um·

123 2255 152 2307 et
173 2264 266 2322 super
289 2246 378 2320 tigne.
393 2246 582 2318 {iussumque
597 2245 671 2302 dixit
687 2263 694 2301 :
710 2246 805 2303 titiam
822 2249 952 2305 secundo
1004 2246 1057 2302 bra
1066 2247 1200 2320 juniperi
1214 2247 1255 2312 (b.
1272 2250 1377 2306 subter
1392 2265 1481 2305 unam
1495 2249 1696 2321 juniperum);
1712 2250 1742 2301 et
1766 2258 1834 2302 ecco

123 2338 177 2397 bue
188 2337 284 2395 iecite.
298 2335 430 2402 Quicum
441 2333 580 2391 iecissent
591 2334 769 2401 eteecundo,
779 2334 821 2391 ait
835 2351 842 2391 τ
857 2336 951 2392 Etiam
1005 2336 1127 2408 angelus
1148 2338 1265 2395 Domini
1282 2341 1289 2373 ¹
1307 2337 1403 2412 tetigit
1417 2354 1496 2411 eum,
1512 2343 1542 2394 et
1555 2335 1630 2393 dixit
1645 2334 1689 2391 iiii
1706 2336 1831 2407 :Surge

121 2427 207 2487 tertie
224 2425 354 2498 idipsum
371 2423 674 2495 inciteTeceruntque
688 2429 717 2478 et
731 2423 871 2494 tertic,et
885 2440 951 2482 cur·
1004 2429 1035 2482 et
1053 2427 1183 2483 comede.
1209 2431 1243 2484 st
1266 2428 1404 2500 respexit,
1429 2431 1458 2484 et
1479 2443 1546 2484 ecce
1569 2427 1605 2482 ad
1627 2428 1716 2498 ceput
1741 2438 1830 2480 suum

123 2518 229 2575 rebant
255 2530 341 2589 aque
368 2513 447 2569 circa
469 2511 574 2581 aliare,
600 2516 629 2568 et
652 2510 734 2570 iussa
757 2514 952 2585 aquaeductus
1004 2515 1221 2573 subcinericius
1237 2517 1332 2590 penis,
1348 2523 1378 2574 et
1389 2533 1441 2574 ves
1456 2533 1539 2590 eque
1564 2533 1573 2575 :
1598 2514 1725 2573 comedit
1748 2527 1829 2586 ergo,

122 2605 298 2680 repletseet.
313 2603 516 2675 Dumquejam
533 2607 650 2674 tempus
666 2604 745 2658 esset
757 2605 788 2657 ut
800 2603 954 2659 offerretur
1005 2608 1035 2660 et
1054 2605 1140 2673 bibit,
1162 2611 1192 2661 st
1215 2624 1333 2664 rursum
1359 2607 1538 2664 obdormivit
1553 2624 1560 2662 ε
1577 2618 1770 2674 reversusque
1783 2605 1830 2658 eet

122 2694 328 2753 holocaustum
350 2692 492 2749 accedens
516 2690 595 2747 Elios
618 2690 772 2763 propbeta,
798 2690 839 2746 ait
864 2708 871 2746 :
896 2692 953 2748 Do·
1004 2695 1127 2766 angelus
1140 2695 1257 2751 Domini
1273 2697 1414 2758 secundo,
1429 2700 1459 2752 et
1473 2695 1568 2765 tetigit
1592 2709 1672 2760 eum,
1698 2691 1830 2761 dixitque

122 2783 202 2843 nine
216 2782 295 2839 Deus
311 2780 560 2850 Abraham,1saao
575 2783 604 2835 et
618 2778 816 2847 Israei,bodie
830 2780 952 2837 ostende
1003 2781 1045 2837 illi
1061 2801 1067 2840 :
1082 2784 1186 2857 Surge,
1202 2785 1332 2854 comede,
1348 2785 1470 2857 grandis
1486 2783 1565 2840 enim
1581 2782 1633 2838 tibi
1654 2785 1747 2837 restat
1769 2778 1828 2835 vie.

120 2874 190 2949 quia
205 2877 239 2929 tu
253 2887 284 2928 es
304 2872 380 2928 Deus
390 2869 482 2926 israel
499 2869 540 2941 (b.
559 2868 590 2923 in
606 2867 721 2941 israel),
736 2872 766 2924 et
780 2884 841 2941 ego
850 2885 952 2928 servus
1004 2872 1048 2942 (T.
1074 2872 1242 2941 Lxxxttt.)
1266 2873 1321 2939 Qui
1345 2890 1412 2930 oum
1437 2873 1622 2939 surrexisset,
1648 2867 1776 2926 comedit
1799 2873 1830 2924 et

120 2967 202 3034 tuus,
217 2961 344 3034 etjuxts
368 2962 545 3032 preceptum
569 2957 609 3027 (b.
632 2957 765 3030 verbum)
784 2962 868 3013 tuum
896 2957 950 3014 ieci
1003 2959 1087 3032 bibit,
1098 2966 1127 3017 et
1136 2960 1585 3019 ambulavitiniortitudinecibi
1595 2954 1832 3028 iliiuffquadrx·

121 3050 223 3110 omnis
234 3050 324 3106 verbe
337 3048 408 3105 hero.
422 3047 534 3104 Exaudi
551 3062 608 3114 me,
624 3046 758 3114 Domine,
772 3047 876 3104 exaudi
893 3064 948 3107 me,
1003 3049 1088 3119 ginta
1101 3051 1207 3109 diebus
1232 3058 1261 3108 et
1283 3052 1482 3125 quadraginta
1503 3051 1650 3117 noctibus,
1675 3062 1768 3119 usque
1791 3046 1828 3102 ed

122 3144 154 3199 ut
165 3141 247 3197 dicat
260 3137 388 3212 populus
403 3137 457 3193 iste
473 3137 543 3209 quie
558 3141 589 3192 tu
606 3152 638 3192 es
653 3134 795 3193 Dominus
810 3135 897 3204 Deus,
920 3141 950 3193 et
1003 3148 1133 3196 montem
1149 3141 1201 3197 Dei
1217 3141 1323 3199 Horeb.
1335 3142 1468 3212 Cumque
1483 3141 1612 3197 venisset
1626 3136 1707 3204 illuc,
1720 3136 1831 3193 mansit

121 3234 153 3288 tu
167 3227 338 3287 convertisti
362 3243 412 3283 cor
435 3241 536 3282 eorum
562 3224 669 3281 iterum
695 3224 736 3297 (h.
762 3226 948 3296 retrorsum).
965 3207 987 3276 G
1006 3226 1035 3282 iu
1052 3230 1235 3300 spelunea,et
1249 3247 1315 3287 ecce
1328 3245 1425 3287 sermo
1442 3229 1555 3286 Domini
1567 3229 1604 3284 ad
1615 3225 1830 3298 eum,dixitque

121 3318 234 3379 Decidit
244 3320 341 3375 sutem
353 3315 431 3389 ignis
442 3313 600 3382 Domini,et
611 3312 721 3369 voravit
734 3312 950 3383 holocaustum,
1006 3315 1049 3372 itii
1066 3333 1073 3372 ε
1090 3318 1162 3383 Quid
1179 3318 1227 3375 hic
1241 3320 1315 3392 egis,
1331 3319 1412 3376 sliat
1425 3320 1463 3375 tr
1486 3318 1536 3375 iile
1554 3314 1706 3389 respondit
1732 3333 1739 3371 :
1763 3313 1829 3370 Zelo

122 3413 152 3467 et
163 3408 258 3482 ligna,
274 3412 303 3465 et
318 3405 443 3479 lapides,
460 3402 609 3476 pulverem
625 3418 755 3475 quoque,
779 3407 808 3459 et
829 3419 949 3476 squam,
1004 3405 1116 3463 zelatus
1131 3424 1198 3463 sum
1213 3425 1267 3481 pro
1281 3408 1403 3465 Domino
1417 3414 1477 3465 Deo
1492 3407 1682 3475 exercituum,
1693 3403 1764 3478 quie
1779 3403 1829 3459 de·

125 3514 189 3572 quse
202 3501 267 3554 eret
280 3495 311 3552 in
326 3494 501 3568 aqueductu
517 3491 714 3564 lamponem.
732 3491 851 3566 LXXX.)
867 3493 949 3560 Quod
1004 3493 1187 3567 reliquerunt
1202 3503 1319 3570 pscium
1334 3503 1419 3554 tuum
1434 3499 1445 3533 ¹
1459 3496 1511 3553 iiiii
1525 3493 1625 3564 lsreei,
1651 3494 1755 3552 altaria
1778 3496 1831 3549 tus

124 3604 191 3645 cum
218 3585 341 3642 vidisset
368 3581 465 3641 omnis
492 3581 628 3654 populus,
651 3580 756 3638 cecidit
785 3582 815 3637 in
844 3581 950 3638 iaciem
1003 3584 1220 3652 destruxerunt,
1236 3591 1265 3643 st
1280 3585 1437 3659 prophetes
1451 3591 1518 3643 tuos
1533 3585 1704 3642 occiderunt
1718 3581 1829 3655 gladio,
1931 3626 1934 3633 .

123 3693 222 3745 suam,
236 3678 266 3733 et
280 3672 321 3732 ait
343 3691 350 3731 :
375 3672 520 3729 Dominus
542 3671 604 3743 ipse
627 3673 672 3727 est
696 3674 782 3739 Deus,
808 3672 950 3729 Dominus
1004 3672 1283 3731 etderolictussum
1299 3691 1352 3748 ego
1367 3675 1459 3744 sotus,
1484 3680 1513 3732 et
1537 3676 1673 3746 querunt
1696 3671 1827 3728 animam

122 3765 185 3840 ipse
200 3768 247 3822 est
261 3764 346 3821 Deus.
357 3762 494 3834 Dixitque
507 3759 586 3817 litias
601 3761 637 3818 ed
653 3775 703 3817 eos
715 3776 722 3814 :
733 3759 950 3832 Apprebendite
1004 3778 1112 3830 meam,
1129 3768 1161 3819 ut
1175 3764 1309 3821 auserunt
1324 3780 1399 3821 eum.
1416 3765 1449 3820 iit
1464 3765 1505 3819 ait
1519 3764 1545 3820 ei
1562 3779 1569 3819 :
1587 3761 1729 3834 Egredere
1739 3764 1768 3816 et
1782 3761 1830 3815 ste

121 3854 282 3929 prophetes
297 3851 377 3920 Buei,
390 3854 420 3907 ct
433 3867 470 3907 ne
495 3866 573 3906 unus
597 3847 716 3922 quidem
743 3849 864 3923 effugiat
885 3851 947 3923 (nu.
1002 3850 1033 3906 in
1049 3857 1149 3907 monte
1164 3869 1262 3909 coram
1280 3852 1444 3918 Domino,et
1459 3869 1525 3907 ecce
1539 3851 1684 3909 Dominus
1709 3847 1826 3915 transit,

121 3944 227 4018 fugiat)
242 3943 342 4000 exeis.
358 3944 437 4009 (tuos
453 3954 520 3995 cum
535 3937 838 4009 comprehendissent,
864 3939 948 3996 duxit
1001 3945 1030 3996 et
1044 3941 1168 4012 spiritus
1181 3943 1302 4014 grandis
1316 3947 1345 3998 et
1359 3942 1444 3998 iortis
1457 3941 1630 3997 subvertens
1647 3943 1773 4003 montes,
1798 3941 1828 3993 et

119 4033 162 4106 (b.
185 4031 334 4104 deposuit)
357 4045 408 4086 eos
433 4028 513 4085 Titias
542 4027 576 4083 ed
604 4030 764 4083 torrentem
794 4028 891 4096 Cison,
919 4033 948 4083 et
1001 4035 1155 4086 conterens
1170 4037 1269 4102 petras
1284 4036 1352 4088 ants
1370 4032 1524 4087 Dominum
1550 4047 1557 4085 :
1584 4045 1642 4085 non
1666 4027 1696 4082 iu
1719 4025 1826 4098 spiritu

119 4120 267 4179 interiecit
280 4135 331 4177 eus
343 4119 394 4176 ibi.
412 4118 446 4175 st
461 4116 593 4173 ciiiilius
608 4115 643 4172 ed
664 4114 743 4172 ehsb
769 4133 776 4172 :
803 4118 945 4182 Ascende,
999 4118 1153 4176 Dominus.
1170 4120 1205 4175 Dc
1221 4125 1285 4191 post
1300 4119 1437 4190 spiritum
1455 4118 1681 4174 commotioznon
1697 4116 1728 4171 in
1743 4129 1826 4171 uom-

119 4216 147 4269 et
162 4209 297 4279 comede,
310 4212 340 4266 et
354 4207 440 4265 bibe:
455 4205 525 4279 quia
539 4220 631 4262 sonus
646 4203 746 4261 mults
760 4203 864 4277 pluvie
889 4209 944 4262 eet.
999 4207 1128 4264 motione
1140 4207 1293 4265 Dominus.
1307 4210 1341 4264 st
1354 4212 1419 4280 post
1432 4207 1659 4264 commotionem
1671 4204 1758 4277 ignis:
1770 4217 1829 4258 non

120 4301 162 4372 (T.
180 4298 314 4370 LXXXI).
331 4296 467 4354 Ascendit
480 4294 561 4352 Abeb
577 4297 609 4350 ut
623 4294 790 4350 comederet
808 4297 837 4350 st
863 4293 944 4350 bibe·
999 4294 1029 4351 in
1043 4296 1110 4368 igne
1123 4297 1314 4354 Dominustit
1325 4302 1391 4369 post
1399 4297 1498 4370 ignem
1509 4295 1614 4352 sibilus
1624 4310 1701 4350 eure
1716 4291 1831 4350 tenuia·

119 4393 182 4459 τοῖς
197 4387 278 4444 Tities
292 4390 391 4444 autem
406 4383 540 4442 ascendit
553 4382 584 4440 in
598 4383 736 4439 verticem
753 4382 890 4452 Carmeti,
915 4387 944 4439 et
997 4384 1079 4449 Quod
1103 4402 1171 4442 oum
1196 4387 1327 4443 audisset
1353 4386 1440 4457 litias,
1461 4384 1575 4458 operuit
1601 4382 1714 4439 vultum
1739 4397 1827 4437 suum

121 4494 232 4550 prunus
257 4476 418 4532 interram
450 4473 551 4546 posuit
582 4473 687 4528 faciem
720 4472 811 4542 (Vctp.
839 4471 944 4528 addunt
1001 4472 1103 4545 pallio,
1119 4481 1148 4531 et
1160 4492 1298 4547 egressus
1313 4477 1395 4533 stetit
1409 4476 1439 4531 in
1455 4475 1531 4531 ostiu
1547 4471 1705 4547 spelunca,
1720 4476 1750 4527 et
1761 4485 1828 4528 ecce

120 4568 216 4639 snam)
231 4566 308 4622 inter
322 4580 419 4637 genus
433 4579 497 4632 sua,
513 4567 541 4618 et
554 4561 626 4617 dixit
641 4561 678 4616 ed
695 4577 819 4631 puerum
836 4577 922 4617 suum
940 4580 947 4620 :
965 4565 989 4631 1)
1003 4579 1057 4619 vox
1073 4564 1109 4619 ed
1124 4581 1191 4620 eum
1208 4565 1309 4621 diceus
1325 4583 1332 4621 t
1348 4564 1422 4629 Quid
1449 4563 1494 4620 hic
1517 4562 1592 4635 egis.
1613 4561 1699 4618 sttui
1722 4561 1758 4616 Di
1780 4558 1829 4614 iiie

119 4658 251 4717 moende
266 4661 295 4713 et
307 4655 441 4730 prospice
452 4658 554 4710 contra
568 4667 659 4709 mere.
673 4652 727 4717 Oui
748 4667 814 4707 cum
840 4667 942 4707 escen·
1001 4653 1154 4725 rsepondit
1178 4669 1185 4708 :
1211 4653 1278 4710 Zeto
1309 4654 1423 4709 zeletus
1452 4668 1518 4709 sum
1545 4667 1596 4723 pru
1623 4649 1746 4707 Domino
1769 4647 1828 4704 Dec

119 4748 221 4813 disset,
237 4751 267 4802 et
281 4744 499 4817 contemplatus
514 4746 593 4798 esset
607 4741 648 4798 ait
673 4756 680 4798 ε
706 4740 769 4797 Nou
794 4744 839 4796 est
862 4740 945 4812 quid·
999 4741 1266 4815 exercituumtquix
1278 4742 1499 4815 dereliquerunt
1519 4744 1638 4814 pectum
1663 4744 1748 4795 tuum
1773 4736 1828 4792 dlii

118 4852 219 4910 quam.
233 4835 270 4892 st
281 4849 400 4891 rursum
415 4833 456 4889 ait
471 4831 513 4887 iili
531 4849 538 4887 ε
556 4832 709 4889 Revertere
734 4834 846 4902 septem
871 4829 943 4884 vici·
999 4828 1101 4897 lsrael,
1117 4829 1223 4886 altaria
1238 4835 1289 4886 tua
1303 4831 1522 4898 destruxerunt,
1538 4835 1568 4886 et
1582 4828 1739 4902 prophetas
1759 4830 1828 4881 tuos

116 4923 181 4984 bus.
197 4927 231 4982 ln
246 4923 373 4996 septime
386 4924 486 4978 autem
502 4919 573 4981 rice.
593 4935 660 4976 ecus
684 4917 832 4975 nubeuute
855 4934 944 4991 parve
1001 4919 1174 4975 occiderunt
1187 4919 1295 4992 gladic,
1311 4924 1340 4975 et
1354 4918 1513 4976 derelictus
1528 4933 1594 4975 sum
1610 4933 1663 4990 ego
1678 4915 1770 4984 solue,
1795 4915 1828 4970 et

116 5011 377 5089 qnestvestigium
392 5008 579 5081 bominis(b.
595 5006 660 5066 vote
677 5008 744 5080 viri)
770 5006 945 5065 ascendebat
998 5013 1134 5080 querunt
1162 5008 1293 5064 enimam
1323 5024 1433 5074 meum,
1459 5013 1492 5063 ut
1516 5006 1653 5063 auferent
1679 5019 1755 5060 eam.
1771 5000 1822 5071 (T.

112 5104 150 5163 de
166 5101 256 5160 meri.
271 5099 325 5165 Qui
340 5099 402 5157 xit:
419 5098 559 5166 Ascende,
584 5102 614 5154 et
639 5097 686 5153 dio
709 5096 790 5153 Abab
816 5113 823 5153 ε
847 5096 945 5169 iunge
999 5096 1168 5165 LXXXIV.)
1181 5097 1217 5153 tit
1230 5098 1272 5153 eit
1287 5097 1431 5154 Dominus
1446 5097 1482 5153 ad
1498 5112 1566 5153 eum
1583 5112 1590 5152 r
1606 5096 1695 5163 Vade,
1710 5101 1738 5151 et
1764 5103 1826 5159 (me.

113 5192 217 5263 (Victa.
251 5189 355 5247 meant
386 5204 507 5246 currum
539 5185 637 5258 tuum)
663 5191 698 5267 et*
724 5186 878 5252 descende,
909 5201 945 5240 ne
999 5185 1416 5254 tocctet)revertereinvium
1441 5192 1523 5242 tuam
1548 5199 1599 5255 per
1621 5185 1772 5239 desertum
1795 5183 1825 5237 iu

106 5283 241 5354 occupet
254 5283 284 5336 te
299 5277 408 5352 pluvie.
422 5278 557 5351 Cumque
571 5293 603 5334 se
624 5279 750 5334 verteret
772 5275 830 5332 huc
854 5279 944 5348 atque
1001 5276 1177 5332 Damascum
1192 5275 1226 5330 ⁸:
1251 5290 1378 5348 cumque
1402 5275 1568 5348 perveneris
1592 5273 1689 5345 (voto.
1715 5271 1826 5327 adduct

148 5442 159 5478 ¹
176 5440 296 5497 Rectius
310 5408 358 5495 bic
372 5410 532 5495 veronens.
550 5453 606 5493 me.
623 5442 699 5494 tacet
713 5436 835 5503 Domini,
859 5436 937 5507 quod
1037 5437 1160 5493 ’canon
1175 5436 1350 5492 emendatus
1365 5452 1443 5491 nunc
1457 5434 1528 5506 legit
1541 5448 1590 5504 per
1610 5432 1747 5488 descrtm
1769 5433 1825 5489 Dc·

108 5526 225 5571 nomen
240 5525 337 5583 neque
348 5513 394 5567 cst
405 5511 437 5567 in
453 5509 573 5566 Hebraeo
586 5509 730 5566 additum.
1000 5509 1186 5576 insectantes
1199 5523 1266 5565 vero
1282 5512 1314 5563 ut
1328 5524 1382 5563 uos
1396 5507 1542 5563 edidimus
1553 5506 1587 5560 ad
1600 5504 1687 5559 fidem
1699 5501 1825 5561 aliorum

154 5584 236 5640 ’Pro
251 5592 332 5641 tuum
345 5580 433 5639 hebet
444 5581 523 5640 idem
539 5597 596 5638 ms.
613 5579 737 5652 Domini,
759 5578 876 5651 longius
902 5582 947 5636 te·
1001 5579 1216 5653 exemplarium
1233 5595 1302 5637 mse.
1318 5578 1409 5636 dicar.

113 5667 188 5712 rnen
212 5657 249 5713 eb
263 5653 384 5717 tiebreo
396 5661 499 5745 ]ti''t²·
