3870 6120
82 199 155 259 1313
331 248 336 257 .
684 208 792 266 cisun
809 208 983 266 crumnis
1000 206 1212 263 PROPHBTAE.

82 333 215 402 Purpura
229 328 379 402 vestietur,
395 333 424 386 et
437 333 573 404 torquem
590 347 711 392 auream
727 334 848 394 habebit
862 336 891 392 in
924 336 952 405 Α
1002 334 1031 388 et
1045 330 1139 458 gloria
1151 331 1216 403 ejus
1228 331 1326 389 ablata
1341 338 1386 391 est
1405 355 1413 392 r

156 400 241 470 collo,
967 406 1032 462 lita
1066 402 1480 477 iiishominumejectuseat,

118 476 148 528 et
163 472 269 528 tertius
284 471 314 527 in
331 489 421 547 regno
438 490 502 531 meo
517 475 584 532 erit.
1001 475 1050 532 aed
1067 478 1097 531 et
1110 491 1159 531 cor
1173 477 1238 547 ejus
1253 493 1320 532 eum
1338 479 1437 534 bestiis
1453 479 1581 564 positum
1597 487 1653 554 eet,

83 546 167 602 Tunc
179 544 303 616 ingressi
314 560 418 601 omncs
430 546 577 618 sapientes
589 547 739 622 reginone
751 553 911 623 potuerunt
1000 551 1029 602 et
1043 562 1111 602 eum
1126 549 1244 620 onagris
1261 552 1323 604 erat
1337 550 1481 607 habitatio
1497 553 1562 622 ejus
1577 570 1584 609 :

153 616 331 697 scripturam
347 615 455 689 legere,
964 619 1074 676 Nerium
1091 634 1207 744 quoque
1224 623 1256 674 ut
1272 621 1325 675 bns
1338 622 1520 694 comedebat,

156 703 209 744 neo
222 689 493 760 interpretationem
511 690 641 746 indicare
658 691 729 765 regi.
999 694 1029 746 et
1043 706 1107 745 rore
1121 706 1163 746 ene
1177 692 1185 744 i
1201 707 1308 764 corpus
1322 693 1386 762 ejus
1399 694 1540 751 iniectum
1556 700 1622 752 est:

84 758 167 816 Unde
183 775 231 815 rex
248 758 397 815 Baltasser
411 761 483 817 satis
499 763 695 819 conturbatus
708 770 763 831 est,
906 801 908 804 ι
963 761 1061 818 Donec
1072 763 1347 833 cognosceretquod
1361 770 1536 836 potestatem
1553 766 1659 823 habeat
1670 767 1789 826 Altisei·

118 837 148 887 et
161 829 262 887 rultirs
279 830 358 887 illius
373 831 547 889 immutatus
563 838 607 890 cst
624 851 631 888 :
1000 848 1067 889 mua
1082 832 1111 888 in
1128 849 1217 906 regno
1232 833 1398 904 hominum,

119 901 170 958 aed
187 906 215 959 et
229 903 386 974 optimates
401 903 464 974 ejus
480 905 686 962 turbabantur.
998 911 1027 960 et
1040 919 1256 977 quemcumque
1271 905 1405 975 voluerit,
1422 907 1578 965 suscitabit
1592 926 1680 981 super
1701 911 1787 969 iilud.

85 975 200 1101 Negitng
212 979 379 1058 autempro
389 991 420 1030 re
432 991 495 1047 que
507 976 654 1033 acciderat
668 977 771 1051 regi,et
786 976 909 1050 optima·
963 976 1005 1033 Tu
1022 976 1230 1104 qtuoquessilius
1246 978 1311 1049 epus
1327 978 1545 1053 baltassar,non
1562 980 1727 1040 humiliasti
1737 1001 1789 1042 cor

171 1060 320 1102 iussus
1048 1063 1131 1116 uurn,

120 1116 243 1173 denium
259 1061 383 1173 cJoniiiii
398 1117 533 1190 ingressa
548 1123 591 1174 est
608 1135 614 1174 :
998 1134 1063 1174 cuni
1081 1117 1171 1175 scires
1186 1118 1362 1176 haecomnia
1377 1137 1384 1177 :

82 1188 119 1244 Et
133 1187 313 1261 proloquens
328 1190 369 1244 alt
384 1204 392 1244 r
409 1189 478 1259 Reii,
494 1190 523 1245 in
540 1194 682 1246 aeternnm
697 1190 759 1247 vive
776 1207 783 1245 τ
962 1190 1018 1247 Sed
1035 1191 1190 1246 adversum
1207 1190 1422 1249 Dnrninatcrem
1439 1192 1502 1248 coeli
1518 1192 1646 1250 clevatus
1661 1211 1703 1264 es,

117 1276 175 1316 non
191 1265 220 1316 te
235 1261 411 1316 conturbent
425 1261 619 1332 cogitationes
634 1268 803 1335 tun,neque
820 1261 909 1320 iacies
997 1266 1024 1317 et
1038 1277 1109 1317 vasa
1124 1263 1229 1318 doinus
1244 1264 1307 1332 ejus
1320 1263 1410 1319 allata
1424 1268 1496 1321 eunt
1510 1280 1608 1322 coram
1624 1270 1653 1322 te
1671 1283 1678 1321 :

159 1335 209 1387 tun
224 1331 408 1387 immutetur.
962 1333 996 1389 Et
1011 1338 1054 1404 tu,
1070 1337 1098 1389 et
1113 1333 1270 1405 optimates
1286 1334 1339 1400 tui,

81 1401 134 1456 list
145 1401 331 1528 vgrgntregno
342 1403 907 1476 tuo‚quispiritumdeorumsnnotornm
997 1410 1146 1514 eluxere?
1161 1411 1217 1460 tna
1228 1410 1257 1462 et
1270 1405 1439 1463 concubine
1453 1410 1521 1475 tun,
1536 1406 1639 1465 vinum
1653 1408 1773 1466 bibiatis

177 1489 229 1528 ne
258 1489 357 1531 inse:
1032 1492 1135 1532 ineis.

118 1548 147 1600 et
161 1544 191 1599 in
207 1545 311 1601 diebus
323 1545 417 1617 patris
428 1544 469 1601 liii
480 1545 601 1602 scientia
614 1549 644 1602 et
654 1547 800 1620 sapientia
809 1546 907 1604 iuven·
962 1546 1037 1602 Deos
1048 1562 1165 1620 quoque
1175 1551 1338 1621 argenteos,
1347 1551 1376 1603 et
1388 1565 1502 1618 aureos,
1514 1553 1543 1606 et
1552 1566 1652 1623 areos,
1665 1551 1786 1624 ferreos,

154 1619 189 1671 te
204 1622 275 1673 aunt
289 1617 319 1672 in
335 1633 368 1672 eo
384 1634 390 1671 :
1033 1619 1205 1701 ligneosque
1219 1622 1248 1675 et
1262 1618 1404 1691 lapideos,

80 1691 156 1743 Nam
172 1692 201 1743 et
215 1704 266 1743 rex
282 1687 554 1747 Nabuchodonosor
569 1692 649 1760 pater
665 1692 745 1758 tuiis,
923 1711 946 1778 B
999 1691 1049 1762 qui
1066 1707 1122 1746 non
1138 1691 1248 1763 rident,
1265 1706 1359 1764 neque
1371 1691 1508 1758 audiunt,
1524 1707 1619 1764 neque
1638 1693 1784 1765 sentiunt,

118 1758 280 1831 principem
296 1760 907 1833 magorum,incantatorum,chaldnorum
1033 1760 1160 1818 laudasti
1176 1779 1183 1818 ε

154 1835 183 1885 et
194 1829 364 1904 aruspicum
381 1831 537 1888 constituit
553 1848 632 1903 euin,
961 1832 1049 1888 Porro
1066 1832 1224 1905 Deum,qui
1241 1832 1330 1889 habet
1344 1834 1448 1892 Datum
1463 1838 1549 1891 tuum
1565 1835 1596 1892 in
1612 1852 1701 1892 manu
1717 1853 1783 1906 sua,

117 1905 210 1971 pater,
225 1901 358 1975 inquam,
374 1907 454 1970 tuus,
472 1918 488 1959 o
504 1919 554 1958 rei
571 1920 577 1957 :
1031 1909 1060 1960 et
1074 1921 1176 1961 omnes
1190 1905 1251 1961 vies
1266 1909 1342 1978 tuas,

80 1972 157 2038 Quia
167 1973 290 2044 spiritus
300 1973 468 2048 amplior,et
478 1972 905 2048 prudentiaintelligentiaque,
996 1991 1054 2031 non
1070 1976 1252 2048 glorificasti.

114 2043 317 2116 interpretatio
326 2045 520 2113 somniorum,
535 2050 564 2102 et
574 2045 704 2102 ostensio
715 2051 905 2118 secretorum,
960 2047 1072 2103 ideirco
1087 2047 1124 2103 ab
1137 2063 1170 2104 eo
1185 2048 1296 2103 missus
1310 2050 1354 2105 est
1368 2047 1510 2105 articulus
1524 2064 1642 2120 mnnus,

152 2131 186 2172 ac
203 2116 309 2173 solutio
324 2116 494 2202 ligatorum,
510 2117 633 2174 inventa
648 2123 719 2173 snut
734 2118 763 2172 in
781 2134 825 2184 eu,
1031 2134 1095 2191 quic
1111 2118 1230 2190 scripsit
1244 2118 1299 2175 boo
1315 2121 1336 2189 ¹,
1351 2120 1429 2190 quod
1446 2125 1596 2176 exaratum
1613 2124 1666 2176 eat.

115 2185 171 2244 hcc
182 2192 227 2243 est
241 2187 271 2244 in
290 2187 427 2245 Daniele:
445 2189 492 2245 eui
512 2204 562 2245 rex
586 2190 685 2261 posuit
709 2205 818 2247 nomen
839 2188 906 2248 Bal·
958 2193 1027 2246 Haec
1043 2194 1088 2246 est
1103 2194 1201 2246 autem
1215 2190 1373 2262 scriptura,
1388 2207 1453 2262 quei
1469 2191 1582 2264 digesta
1597 2197 1662 2248 est:

152 2263 257 2314 tassnr.
996 2262 1090 2328 liaris,
1104 2267 1225 2333 Taueni,
1240 2260 1360 2318 Pninrs.

79 2328 165 2385 Nunc
181 2330 280 2403 itaque
294 2329 397 2387 Daniel
411 2333 540 2401 vocetur,
995 2333 1029 2387 er
1044 2332 1104 2388 linc
1119 2337 1165 2388 est
1179 2333 1381 2406 interpretatio
1398 2333 1554 2390 sermonis.

115 2404 144 2455 et
158 2401 432 2475 interpretationem
451 2401 591 2459 narrabit.
958 2407 1039 2460 Mina
1055 2420 1060 2458 :
1078 2405 1244 2460 numeravit
1259 2409 1335 2461 Deua
1348 2419 1471 2477 regnum
1487 2409 1584 2475 tuum,

78 2470 173 2544 Igitur
185 2473 369 2530 introductus
385 2480 430 2531 est
445 2473 544 2530 Daniel
561 2490 659 2531 coram
675 2489 753 2548 rege.
994 2479 1024 2531 et
1037 2474 1194 2547 complevit
1207 2474 1293 2531 iilud.

115 2543 155 2599 ild
192 2561 259 2601 uem
297 2546 416 2602 raeiatus
431 2561 480 2601 rex
496 2547 537 2602 ait
553 2560 560 2601 :
959 2546 1073 2602 Taurea
1089 2562 1096 2604 ε
1111 2563 1260 2619 appensus
1273 2562 1304 2602 es
1317 2544 1347 2601 in
1364 2549 1483 2615 statere,

78 2614 124 2670 Tu
140 2630 171 2670 es
213 2562 294 2672 aniel
305 2617 341 2700 ‘¹9
356 2615 426 2673 liliis
438 2615 618 2689 captivitatis
632 2616 726 2673 luda.
995 2621 1024 2673 et
1035 2618 1169 2701 inventus
1183 2634 1215 2674 ee
1230 2617 1329 2673 minus
1343 2617 1466 2673 habens.

78 2701 203 2814 inliti
219 2687 904 2832 altilittritttttttttttt‘ire„2
958 2690 1599 2843 iqffianfuffitfflsefflica,uy

114 2833 144 2885 et
157 2829 280 2887 scientie
296 2829 550 2904 intelligentiaque
564 2848 598 2889 ec
613 2829 758 2904 sapientia
781 2830 907 2905 amplior
959 2833 1052 2902 Tunc,
1064 2832 1187 2903 anente
1202 2847 1280 2904 rege,
1295 2830 1418 2887 indutus
1432 2833 1477 2887 est
1492 2830 1592 2887 Daniel
1607 2847 1750 2904 purpura,

149 2900 266 2958 inventa
281 2906 327 2958 est
342 2901 371 2958 in
388 2908 426 2959 te.
994 2908 1023 2959 et
1037 2902 1219 2960 circumdata
1233 2907 1278 2959 eat
1292 2906 1412 2974 torques
1428 2918 1516 2959 aurea
1530 2902 1606 2958 collo
1621 2903 1685 2975 ejus
1702 2919 1709 2956 :

78 2970 906 3100 Etnuncintrogressisuntincnnspeetumessapienter
995 2986 1022 3032 et
1037 2976 1225 3045 predicatum
1242 2975 1375 3031 estdeeo
1387 2974 1780 3047 quodbaberetpotestatem
1888 3012 1926 3027 .-

151 3043 240 3116 rnagi,
255 3049 288 3102 ut
302 3045 480 3118 scripturam
495 3044 571 3102 hanc
595 3050 724 3117 egerent,
917 3078 940 3148 c
1030 3045 1136 3102 tertius
1151 3046 1180 3103 in
1194 3063 1283 3118 regno
1297 3062 1351 3102 suo
1366 3046 1387 3100 ¹.

113 3119 142 3170 et
157 3115 426 3200 interpretationem
441 3118 504 3188 eius
517 3115 684 3174 indicarent
698 3115 791 3173 mibi:
958 3119 1066 3175 Eadem
1083 3122 1167 3175 nocte
1181 3118 1354 3175 interiectus
1368 3123 1412 3173 est
1427 3116 1602 3173 Baltassar⁸
1621 3130 1671 3172 rex
1693 3115 1780 3174 Chal·

111 3190 140 3240 et
155 3193 347 3260 nequiverunt
362 3205 482 3245 sensum
500 3188 646 3245 aerinouis
661 3187 752 3260 hujus
775 3187 899 3244 edicere.
1028 3191 1119 3247 deus.

74 3254 164 3314 Porro
178 3274 232 3330 ego
248 3260 346 3343 audiri
362 3261 398 3317 de
412 3265 451 3328 te,
463 3261 541 3333 quod
558 3259 655 3334 possis
671 3259 797 3317 obscura
810 3258 900 3316 inter·
956 3260 990 3317 Et
1005 3261 1109 3318 Darius
1119 3260 1226 3345 'Medus
1242 3259 1385 3316 successit
1399 3259 1430 3315 in
1445 3274 1568 3332 regnum
1583 3275 1677 3317 anuos
1690 3260 1780 3316 natus

96 3335 437 3480 'etlirgeallillrlissolverez
953 3333 1367 3476 [Visisooizalgliibrleagpipsbm’
1393 3405 1422 3457 et
1444 3401 1599 3486 constituit
1621 3417 1710 3475 super
1732 3417 1780 3458 re·

72 3472 103 3527 Si
119 3486 188 3557 ergo
203 3472 282 3531 vales
297 3473 475 3546 scripturam
491 3472 597 3557 legere,
1025 3490 1119 3547 gnum
1136 3479 1270 3548 satrapas
1285 3477 1404 3531 eentum
1419 3474 1534 3548 viginti,

111 3549 140 3600 et
152 3545 421 3617 interpretationem
437 3546 501 3618 ejus
516 3546 645 3602 indicare
660 3544 745 3614 inibi,
990 3549 1023 3601 ut
1036 3549 1137 3604 essent
1151 3547 1180 3602 in
1196 3550 1257 3602 toto
1272 3561 1361 3617 regno
1376 3560 1441 3603 suc.

74 3614 209 3689 Purpura
223 3615 367 3684 vestiaris,
383 3621 412 3674 et
426 3620 559 3691 torquem
574 3632 694 3675 auream
705 3617 782 3674 cirea
792 3615 900 3674 collum
955 3616 989 3672 ut
1002 3634 1093 3689 super
1105 3634 1155 3675 eos
1192 3617 1321 3689 rincipea
1336 3621 1407 3684 tres,

148 3690 233 3744 tuum
249 3687 382 3755 babebis,
989 3691 1147 3761 exquibus
1162 3634 1263 3744 [lecim
1279 3705 1357 3744 unus
1371 3691 1434 3742 erat
1450 3704 1457 3741 :

112 3762 140 3816 et
155 3760 261 3817 tertius
277 3760 307 3815 in
323 3775 411 3832 regno
427 3775 492 3816 meo
504 3759 641 3886 princeps
655 3759 724 3816 eris.
955 3759 992 3815 Ut
1007 3766 1131 3833 satrapa
1147 3759 1206 3815 illis
1221 3759 1376 3843 redderent
1390 3757 1544 3840 rationem,

75 3832 118 3886 Ad
136 3846 199 3902 qun
215 3832 395 3903 respondens
413 3831 500 3887 Danie
515 3874 522 3901 ,
539 3833 582 3889 ait
595 3847 692 3887 cerain
708 3845 776 3903 rege
792 3846 798 3885 :
989 3835 1018 3887 et
1031 3847 1080 3887 rex
1096 3847 1152 3886 non
1169 3834 1328 3886 sustineret
1343 3829 1520 3885 molestiam.

111 3902 233 3959 Nunera
243 3903 363 3960 tussiat
373 3902 470 3970 tibi,et
480 3903 557 3959 done
571 3903 678 3960 domus
688 3908 745 3959 tue
758 3899 841 3957 alteri
850 3901 898 3956 dc:
954 3902 1047 3973 Igitur
1057 3901 1159 3958 Daniel
1170 3896 1776 3980 superabatomnesprinci'peselaatrapaq

74 3973 258 4045 Scriptorum
275 3979 372 4030 autern
388 3973 482 4048 legam
496 3974 561 4038 tibi,
577 3992 637 4045 rex,
1027 3974 1096 4046 quia
1111 3973 1234 4046 spiritua
1249 3972 1299 4029 Dei
1314 3971 1441 4056 amplior
1454 3974 1517 4027 arnt
1530 3986 1560 4025 iu
1575 3985 1619 4026 eo.

110 4051 140 4102 et
155 4044 425 4118 interpretationem
443 4045 509 4116 ejus
523 4047 676 4103 ostendam
692 4044 756 4102 tibi.
954 4047 1042 4103 Porro
1059 4062 1106 4101 rex
1122 4045 1267 4117 cogitabat
1281 4048 1459 4101 constituere
1473 4058 1540 4099 eum
1555 4057 1645 4115 super
1659 4056 1746 4098 omne

75 4115 901 4190 Drex,Deusaltissimus,regnumetmaanillcentiam‚
954 4148 960 4159 ·
1025 4133 1171 4189 regnum:

149 4193 178 4245 et
192 4188 315 4260 gloriam
330 4194 359 4245 et
373 4188 513 4246 honorem
529 4189 611 4247 dedit
632 4188 903 4246 Nabuchodonosor
991 4189 1069 4245 unde
1080 4187 1227 4262 principes
1236 4190 1265 4243 et
1274 4191 1398 4257 satrape
1409 4184 1579 4257 querebant
1593 4183 1776 4242 occasionem
1862 4202 1873 4221 ·

148 4259 222 4333 patri
238 4264 299 4317 tuo.
991 4267 1022 4317 iit
1038 4259 1202 4316 invenirent
1214 4256 1328 4315 Danieli
1342 4273 1377 4314 eii
1391 4257 1481 4314 latere
1492 4256 1569 4330 regia
1583 4256 1611 4325 ⁸3

74 4335 110 4388 Et
120 4330 498 4415 propterumagnisscentiam
510 4348 596 4405 quum
607 4328 900 4402 dederetei,universi
954 4331 1131 4404 Nullamque
1146 4346 1265 4386 oausam
1281 4333 1309 4384 et
1323 4329 1522 4413 suspicionem
1538 4326 1664 4400 reperire
1675 4331 1778 4401 potue·

111 4402 584 4532 tmpnqpggktterssngzfflgssrggiieagh
599 4493 606 4534 :
913 4454 940 4520 Ῑ)
990 4399 1473 4546 etlilliltilsegulgldetflallrilplilclrsisill'ii
1488 4468 1670 4527 inveniretur
1684 4470 1714 4527 iri
1729 4484 1772 4528 en.

73 4548 154 4612 Duos
169 4545 293 4614 volebat,
310 4546 502 4603 interficiebat
520 4564 526 4600 :
956 4546 1095 4602 Dixeront
1110 4561 1178 4629 ergo
1193 4545 1246 4600 viri
1261 4543 1303 4598 illi
1321 4562 1328 4598 :
1356 4614 1362 4626 ι
1667 4611 1674 4626 ι

111 4622 140 4675 et
155 4633 230 4690 quoe
245 4617 370 4684 volebat,
387 4618 568 4689 percutiebat
586 4633 593 4672 :
990 4614 1775 4686 NoninveniamusDanielibuicaliquamoeoasionem,

74 4691 153 4757 Quos
170 4688 294 4756 volebat,
311 4688 459 4746 exaltabat
989 4689 1047 4745 nisi
1064 4690 1136 4745 torte
1151 4688 1179 4743 in
1198 4688 1260 4760 iege
1276 4685 1327 4743 Dei
1344 4686 1400 4743 sui.

111 4766 140 4817 et
154 4777 229 4832 quoa
244 4761 357 4817 volebat
371 4759 556 4816 humiliabat.
952 4758 1035 4816 Tunc
1049 4760 1196 4844 principes
1208 4763 1237 4816 et
1251 4763 1376 4827 satrapa
1391 4756 1599 4832 surripuerunt
1612 4755 1687 4830 regi,

74 4833 197 4902 Quando
213 4836 310 4889 autem
326 4833 471 4888 elevatum
487 4835 532 4887 est
547 4846 596 4886 cor
610 4830 685 4902 ejus,
989 4836 1018 4887 et
1033 4848 1075 4888 sic
1092 4832 1179 4888 locuti
1193 4834 1264 4886 sunt
1278 4830 1303 4886 ei
1322 4846 1329 4885 :

111 4910 140 4960 et
154 4904 275 4977 spiritua
289 4902 370 4960 illius
385 4904 560 4960 obfirmatus
575 4907 620 4958 est
635 4903 670 4958 ad
687 4901 867 4976 superbiam,
954 4904 1020 4959 Dari
1036 4920 1096 4970 rex,
1112 4904 1142 4959 in
1158 4907 1299 4958 eternum
1315 4901 1377 4956 vive
1393 4916 1400 4956 :

111 4975 265 5050 depositus
280 4978 325 5033 est
339 4977 375 5032 de
391 4975 464 5033 solio
478 4974 558 5049 regni
574 4973 632 5042 sui,
988 4975 1145 5032 consilium
1161 4974 1292 5031 inierunt
1305 4972 1403 5030 cuncti
1419 4969 1569 5045 principes
1582 4969 1675 5043 regni,

109 5191 117 5225 ¹
137 5189 237 5246 Plures
253 5202 440 5262 mangonem
451 5185 615 5244 masculino
627 5185 727 5259 tegunt
737 5202 898 5260 pronomen
952 5192 1030 5244 nocte
1045 5187 1257 5258 interfecissent
1271 5184 1417 5243 ltoltcrrar
1430 5201 1482 5242 ren
1495 5183 1654 5258 Rabylonis.
1670 5183 1702 5241 dt
1721 5187 1776 5240 Do·

75 5261 244 5328 relativum,
259 5263 309 5333 qer'
322 5260 432 5331 scripsit
456 5260 504 5316 troc
519 5277 529 5315 :
544 5258 571 5314 id
597 5274 664 5314 vern
687 5259 722 5314 ad
744 5259 900 5315 articulum
952 5260 1023 5325 rius,
1040 5264 1094 5316 etc.
1110 5259 1204 5314 Nini.

73 5335 175 5390 minus
190 5333 290 5390 reterri
307 5331 484 5404 potest31icet
499 5331 528 5386 in
544 5329 700 5386 chaldaico
709 5335 788 5386 textu
801 5329 899 5387 relati·
987 5333 999 5366 ⁶
1015 5331 1046 5387 ln
1062 5330 1196 5386 clinicae
1210 5329 1351 5398 seriptum
1369 5327 1494 5398 legimus
1517 5310 1645 5396 reninbin,
1667 5325 1776 5382 mollir-

72 5423 142 5462 vum
158 5422 272 5460 marium
288 5404 427 5479 respiciet
440 5411 488 5463 tiit
503 5412 533 5463 ’τ
547 5401 578 5458 ‹ti
593 5401 665 5470 icdn,
690 5401 720 5458 ld
744 5408 789 5461 est
813 5402 899 5474 bajec
952 5403 1009 5469 ilie,
1026 5403 1102 5474 qnod
1120 5418 1237 5470 requam
1251 5400 1469 5468 signitlcetnon
1486 5399 1662 5479 repemllinc
1677 5398 1778 5481 genui3

71 5494 183 5534 monuo.
204 5477 295 5533 llrnr.
953 5491 1019 5530 unm
1036 5475 1131 5529 dicere
1146 5487 1304 5545 pessumus
1320 5470 1471 5525 lectionem
1488 5471 1598 5524 codicis
1614 5485 1669 5523 ms.
1695 5474 1776 5541 Regii

106 5548 294 5604 ’Pronomen
319 5561 369 5602 aue
392 5544 553 5602 Vaticanus
577 5561 633 5601 ms.
659 5548 737 5601 taret
762 5561 768 5600 :
795 5548 898 5616 estque
951 5562 981 5601 n.
998 5546 1078 5611 3564,
1092 5544 1142 5599 ubi
1159 5545 1293 5607 babetur,
1308 5543 1444 5597 exlatere
1468 5541 1558 5621 regat.
1581 5541 1776 5621 Nierenymus

69 5621 159 5678 etiam
175 5619 205 5676 iu
223 5620 340 5676 riebreo
356 5618 497 5673 duntaxat
511 5626 655 5678 rrriiaron.
951 5621 1049 5673 tanian
1064 5632 1155 5685 reperii
1169 5616 1424 5685 interpretatnr‚ut
1438 5611 1681 5694 manifestissime
1694 5628 1776 5667 com·

106 5692 227 5748 'Canon
243 5689 483 5748 carcassonensis
497 5690 672 5760 pronomine
685 5687 829 5762 gentilitio
865 5704 896 5746 o·
974 5688 1067 5745 robori
1084 5691 1181 5760 potest
1191 5693 1253 5742 tuin
1265 5701 1281 5740 e
1293 5688 1424 5751 matum
1438 5683 1775 5752 et'ommeuteJuadem.

70 5764 251 5823 euitocmen
264 5762 416 5837 proprium
427 5758 833 5833 Rabyloniaurbisregietda
852 5778 896 5820 em
951 5706 1046 5818 Naar.
