3870 6120
165 258 222 319 m
682 252 713 308 Β.
732 247 935 307 mortuiis
952 248 1080 306 nimus
1096 250 1348 310 omiserimus.
1817 246 1875 308 zm

169 402 220 446 eos
234 382 392 443 oneribuec
407 379 684 450 edificaveruntqua
700 374 789 432 urbas
814 373 991 431 tabernacu-
1004 373 1033 441 Α
1047 371 1197 432 liebraam
1209 375 1443 450 mulieremque
1450 374 1563 433 nutrire
1569 374 1665 448 poerit
1674 372 1872 433 iniantnlnmi

170 475 268 535 lorum
292 469 436 531 Pharaoni
461 472 483 538 ¹,
498 466 635 523 Phithom
660 471 688 522 at
712 468 878 522 Ramesses.
896 464 993 531 Quan-
1046 461 1207 535 Respondit
1218 463 1263 522 ai:
1279 464 1366 522 Vade.
1383 464 1512 523 Perrexit
1525 463 1624 539 puella
1637 467 1668 521 et
1680 463 1797 523 vocavit
1810 479 1872 521 me·

172 570 264 638 toque
286 558 491 635 opprimebant
513 572 575 625 coe,
590 559 674 612 tanto
695 554 790 627 megia
814 552 994 626 multiplica·
1048 557 1125 610 trem
1154 554 1220 626 ejus
1243 554 1265 609 ⁸.
1280 555 1323 610 Ad
1349 570 1440 628 quam
1468 554 1566 612 locuta
1593 551 1658 611 fllia
1683 552 1873 613 Pharaonisc

175 656 284 712 hanlur
310 654 339 707 et
366 644 559 705 crescebant:
584 643 765 718 odaraatque
794 642 871 700 lilios
905 641 996 702 lsrael
1048 642 1162 715 Accipe,
1179 643 1221 700 ait
1235 659 1360 717 puerum
1375 643 1477 713 istum,
1492 642 1614 701 etnutri
1629 640 1726 701 mihi:
1742 656 1796 715 ego
1817 640 1873 699 tibi

176 739 312 815 AEgyptii,
328 740 357 793 et
371 734 542 808 siiligebant
565 732 722 791 illudentes
742 732 785 790 eis
797 732 809 768 ²
823 748 831 790 ι
847 737 936 805 atqua
959 732 996 790 ad
1050 730 1126 789 dabo
1142 733 1305 790 mercedem
1318 736 1411 790 tuam.
1427 732 1563 806 Suscepit
1574 731 1689 797 mulier,
1705 735 1735 789 ct
1749 730 1876 789 nutrivit

177 825 405 888 amaritudinem
421 824 621 898 perducebant
633 822 722 879 vitam
737 837 840 880 sorum
861 821 999 895 operibus
1051 819 1875 895 puerum:adultumquatradiditffliaPharaonis.Quem

178 916 261 974 duris
287 914 344 971 luti
370 920 400 971 at
416 911 528 983 lateris,
544 912 685 984 omnique
711 910 869 978 famulatu,
885 928 942 981 quo
968 910 999 967 in
1052 908 1104 967 illa
1116 911 1304 984 adoptavitin
1317 911 1414 969 locum
1424 909 1489 980 lilii,
1499 909 1669 984 vocavitque
1679 925 1788 967 nomen
1799 909 1877 981 ejus,

178 1011 263 1064 terra
290 1003 427 1077 operibus
459 1000 678 1075 premebantur.
707 1001 785 1057 Dixit
817 1004 917 1058 autem
951 1017 1001 1057 rex
1053 997 1294 1066 ldoses‚dicens:
1311 999 1434 1064 Qniade
1448 1014 1526 1072 aqua
1540 997 1594 1055 tuli
1610 1012 1689 1058 eum.

179 1093 296 1169 AEgypti
323 1090 531 1150 obstetricibus
559 1089 765 1147 Hebraeorum:
786 1106 913 1163 quarum
943 1106 1003 1148 una
1089 1088 1130 1160 [G.
1143 1088 1203 1160 lll.]
1214 1089 1247 1145 ln
1261 1087 1366 1146 diebus
1381 1086 1441 1145 illis
1455 1093 1613 1161 postquam
1628 1089 1758 1145 creverat
1773 1086 1880 1157 Moses,

181 1184 340 1241 vocabatur
367 1179 499 1253 Sephora
526 1179 569 1249 [ln
599 1178 627 1235 h.
650 1179 776 1252 Siphrai,
791 1177 883 1236 altera
909 1180 1002 1249 Phua,
1057 1192 1195 1249 agressus
1210 1178 1247 1234 sd
1263 1177 1368 1235 fratrea
1382 1193 1465 1244 anos,
1475 1176 1550 1233 vidit
1560 1175 1751 1233 afflictionem
1766 1191 1882 1247 eornm,

184 1270 358 1347 precipiens
382 1269 444 1326 eia:
459 1268 581 1333 Quando
606 1266 834 1325 obstetricabitis
855 1269 1004 1336 Hebraea,
1057 1269 1086 1323 ct
1100 1265 1195 1323 virum
1210 1266 1358 1341 AEgylium
1373 1264 1585 1339 percutientem
1599 1266 1759 1338 quemdam
1775 1266 1814 1321 de
1826 1266 1881 1322 lle·

185 1365 216 1419 et
238 1366 339 1434 pertus
362 1360 479 1430 tempus
502 1355 663 1427 advenerit,
679 1355 705 1412 si
728 1356 879 1414 masculus
905 1357 1005 1424 luerit,
1057 1354 1145 1413 brais
1159 1356 1299 1413 iratribus
1315 1355 1388 1412 suis.
1404 1354 1537 1429 Cumque
1550 1354 1810 1428 circumspexisset
1826 1354 1882 1412 huc

187 1448 344 1509 interficite
373 1445 476 1515 illum;
506 1446 531 1503 si
555 1444 666 1502 lamina
693 1445 788 1519 [Vutp.
809 1445 872 1502 odd.
897 1446 1007 1516 fueriti.
1059 1449 1148 1516 atque
1162 1444 1242 1513 illuc,
1258 1451 1288 1502 et
1301 1443 1414 1502 nullum
1440 1444 1543 1502 edesse
1561 1444 1692 1511 vidisset,
1708 1458 1883 1518 percussum

189 1537 343 1595 reservate.
360 1532 641 1589 Timuaruntantem
664 1531 837 1590 obstetrices
861 1539 964 1605 Deum,
979 1540 1009 1592 at
1059 1533 1226 1607 AEgyplium
1241 1533 1397 1591 abscondit
1412 1532 1571 1590 secutast
1583 1531 1778 1606 agressusdia
1793 1532 1885 1590 allero

189 1640 248 1683 non
264 1624 396 1682 sanarunt
406 1621 490 1693 juxta
515 1624 694 1694 preceptum
716 1621 795 1695 regia
816 1622 942 1696 AEgypti,
957 1625 1009 1682 aad
1061 1624 1213 1696 conspexit
1227 1624 1301 1680 dooe
1314 1622 1452 1679 Hebraeos
1467 1621 1616 1690 rixantes;
1633 1620 1767 1694 dixitque
1782 1620 1809 1677 ei
1835 1618 1887 1695 qni

189 1710 401 1771 conservabant
414 1725 520 1766 muas.
535 1709 647 1774 Quibus
660 1709 696 1767 ad
725 1726 758 1767 se
784 1712 946 1780 accersitis,
961 1729 1012 1770 rex
1025 1733 1050 1800 B
1064 1712 1189 1770 iaciebat
1225 1711 1389 1785 iniuriam:
1417 1712 1511 1777 Quare
1547 1709 1677 1786 percutis
1718 1710 1887 1784 proximum

189 1801 231 1861 ait
242 1818 249 1858 ι
261 1799 407 1866 Quidnam
423 1802 467 1856 ast
481 1797 538 1855 hoc
548 1798 626 1870 quod
639 1798 732 1856 iacere
742 1797 885 1872 voluistis,
895 1805 928 1857 ut
938 1815 1011 1874 pue·
1065 1801 1240 1867 turmioni
1255 1799 1409 1875 respondit
1420 1817 1427 1857 :
1439 1799 1510 1865 Quia
1520 1804 1549 1856 te
1559 1793 1714 1856 constituit
1724 1798 1887 1872 principem

189 1907 239 1948 roa
254 1887 437 1947 servaretis?
451 1888 519 1953 Quas
535 1886 767 1960 responderunt:
783 1887 847 1945 Nou
862 1894 933 1946 eunt
955 1889 1011 1946 He·
1066 1890 1232 1963 etjudioem
1243 1906 1334 1965 super
1347 1889 1500 1948 noainum
1510 1887 1694 1946 occiderema
1704 1892 1737 1944 tn
1747 1886 1892 1957 vie,eicnt

188 1979 272 2037 hraa
287 1976 364 2035 sicut
384 1975 524 2050 AEgyptie
547 1974 701 2033 mulieres:
717 1975 789 2049 ipsas
812 1977 890 2034 enim
914 1980 1010 2036 ohete·
1066 1976 1198 2035 occidisti
1218 1977 1281 2035 heri
1309 1974 1623 2053 AEgqptiumi'l'imuit
1647 1976 1754 2043 liesca,
1769 1978 1799 2030 et
1825 1973 1891 2030 ait:

190 2067 321 2125 tricandi
335 2065 445 2122 habant
454 2063 619 2137 scientiam,
633 2067 663 2121 et
671 2064 845 2139 priusquam
860 2067 1013 2125 veniamus
1067 2067 1217 2134 Quomodo
1233 2066 1329 2139 palam
1345 2068 1455 2124 iactum
1470 2070 1515 2121 est
1536 2064 1658 2121 verbum
1681 2060 1789 2119 istud?
1802 2060 1893 2119 hudi-

125 2174 131 2185 ·
191 2157 228 2213 ad
244 2171 307 2226 eas,
318 2153 448 2226 pariunt.
460 2153 537 2210 Baua
547 2167 615 2225 ergo
629 2152 697 2210 iecit
707 2154 783 2211 Dens
792 2153 1013 2224 obstetricibus,
1068 2148 1895 2227 vitquePharaosermonenrhunc,atquarebatocoidare

193 2250 222 2303 et
250 2243 340 2301 crevit
366 2243 507 2315 populus,
531 2241 772 2314 confortatusque
786 2248 831 2300 est
858 2243 956 2302 nimie.
980 2246 1016 2303 lit
1069 2243 1190 2302 idosen:
1206 2244 1258 2318 qui
1280 2244 1397 2317 lugiens
1420 2242 1457 2298 da
1481 2245 1641 2314 conspectu
1663 2239 1741 2312 ejus,
1762 2242 1894 2295 moratus

193 2332 265 2407 quia
279 2332 442 2389 timuerunt
463 2330 636 2388 obstetricae
659 2334 762 2401 Deum,
778 2332 933 2390 edificavit
955 2333 1016 2392 illis
1069 2337 1115 2389 sat
1128 2332 1158 2389 in
1172 2338 1252 2390 terra
1265 2332 1395 2399 Madian,
1410 2335 1439 2389 et
1457 2329 1532 2387 sedit
1543 2329 1630 2402 juxta
1653 2332 1787 2402 puteum.
1804 2326 1896 2383 lirant

196 2422 312 2479 domos.
328 2419 468 2492 Procopii
481 2435 550 2493 ergo
578 2419 692 2477 Pharao
720 2420 801 2478 omni
829 2422 937 2496 populo
950 2440 1015 2494 auo,
1069 2426 1168 2480 autem
1184 2421 1327 2480 sacerdoti
1339 2420 1452 2478 iladiau
1465 2423 1579 2492 septem
1592 2416 1743 2489 otiaque
1752 2420 1898 2473 venerant

196 2510 316 2568 dicens:
331 2508 480 2583 Quidquid
503 2503 661 2565 masculini
684 2525 772 2566 sexus
792 2514 897 2570 natum
918 2512 1016 2585 luerit,
1070 2515 1108 2571 ad
1123 2512 1316 2572 hauriendam
1331 2527 1452 2583 aquam,
1466 2512 1497 2567 et
1510 2507 1641 2581 impletio
1654 2504 1810 2564 canalibus
1826 2504 1899 2561 ada·

196 2601 227 2657 lu
256 2599 366 2656 liuman
397 2597 550 2671 projicite:
566 2597 688 2670 quiquid
714 2598 844 2670 feminal,
860 2607 1016 2660 reservate.
1072 2620 1163 2677 quara
1182 2601 1340 2675 cupiebant
1360 2613 1463 2674 greges
1472 2594 1838 2671 patrissui.Suparvenera
1850 2609 1900 2666 pe·

230 2688 273 2761 [G.
291 2687 325 2758 11,
342 2687 408 2760 dap.
425 2686 473 2760 lh]
502 2685 644 2758 Egressus
673 2690 718 2744 est
746 2694 814 2761 post
841 2688 902 2747 hac
924 2691 970 2747 vir
983 2694 1018 2749 de
1072 2698 1177 2761 stores,
1192 2701 1219 2749 et
1234 2692 1383 2763 ejecerunt
1396 2705 1446 2747 aas
1462 2704 1470 2745 ι
1486 2685 1656 2758 surexitque
1670 2687 1776 2753 iloses,
1791 2686 1834 2754 et,
1848 2683 1901 2740 da·

195 2778 282 2837 domo
297 2777 376 2846 havi,
392 2780 512 2848 accepta
526 2791 615 2832 uxore
630 2775 732 2849 stirpis
746 2793 815 2834 sua.
833 2779 900 2844 Quae
915 2797 1017 2838 conca·
1072 2783 1162 2841 densis
1188 2779 1305 2855 puellis,
1319 2779 1477 2852 adaquavit
1504 2791 1572 2834 oves
1600 2790 1713 2832 aarum.
1732 2774 1802 2840 Quas
1828 2787 1896 2829 cum

196 2867 252 2943 pit,
268 2870 297 2924 at
311 2864 423 2939 peperit
447 2863 551 2935 illium,
569 2868 599 2921 at
622 2864 726 2922 videns
748 2881 817 2923 eum
843 2867 1017 2941 elegantem,
1072 2870 1262 2929 revertissent
1276 2867 1312 2926 ed
1329 2867 1440 2924 itahuel
1457 2869 1569 2939 patrem
1584 2879 1681 2931 suum,
1696 2861 1771 2920 dixit
1786 2861 1823 2918 ad
1839 2875 1902 2918 eae:

198 2955 354 3015 abscondit
377 2953 473 3010 tribus
496 2953 659 3010 mensibus.
674 2956 807 3027 cumque
836 2957 896 3028 iam
925 2957 1020 3015 celare
1072 2965 1129 3017 cur
1154 2958 1282 3016 velocius
1309 2955 1431 3014 venistis
1457 2949 1899 3025 solitotiieepondarontrllir

196 3060 255 3102 non
272 3045 383 3117 posset,
399 3041 527 3114 sumpsit
541 3040 684 3098 listellam
699 3042 855 3117 scirpeam,
871 3049 901 3101 et
924 3045 1021 3104 linivit
1075 3048 1229 3123 AEgpptins
1244 3045 1380 3103 liberavit
1393 3060 1449 3103 nos
1462 3043 1499 3100 da
1513 3058 1604 3101 manu
1624 3044 1798 3114 pastorum:
1815 3039 1901 3096 insu·

197 3130 464 3191 cambitumiueac
483 3093 1057 3208 pice:posuitqnejntusinfantulum,c
1077 3153 1129 3212 per
1142 3142 1171 3194 et
1188 3135 1289 3193 bausit
1313 3149 1421 3207 aquam
1451 3130 1617 3203 nobiscum,
1633 3134 1799 3204 potumque
1824 3126 1907 3185 dedit

199 3226 229 3278 et
243 3220 425 3294 poeniteam
441 3218 472 3274 in
487 3223 600 3276 carecto
615 3219 684 3292 ripa
700 3220 832 3279 huminis
845 3228 939 3281 sunta
954 3241 1023 3297 pro·
1077 3225 1190 3284 ovibus.
1206 3229 1245 3281 at
1271 3223 1337 3281 ille:
1355 3222 1409 3279 Ubi
1423 3221 1492 3278 esti
1507 3219 1622 3295 inquit:
1639 3232 1730 3291 quare
1744 3216 1904 3274 dimisistis

199 3309 249 3367 cul
263 3325 363 3368 sorore
377 3309 442 3380 ejus
456 3311 486 3365 et
499 3307 704 3367 considerante
724 3315 859 3369 eventum
884 3312 935 3370 rei.
951 3319 1023 3373 Ecce
1077 3315 1225 3373 hominem
1236 3313 1251 3370 l
1264 3317 1365 3370 vocate
1378 3327 1446 3369 eum
1460 3314 1493 3366 ut
1507 3309 1642 3367 comedat
1653 3323 1769 3382 panem.
1786 3304 1904 3363 Juravit

202 3402 301 3456 autem
326 3396 523 3454 descendebat
546 3396 608 3454 filia
622 3397 773 3470 Pheronia,
785 3405 819 3457 ut
832 3399 983 3461 lavaretur.
992 3403 1024 3461 in
1076 3420 1146 3478 ergo
1161 3403 1258 3461 Moses
1283 3402 1362 3473 quod
1393 3399 1539 3457 habitaret
1565 3414 1634 3456 cum
1660 3413 1705 3454 eo.
1721 3394 1901 3469 decepitque

201 3485 334 3559 llumine,
353 3491 382 3544 at
397 3483 500 3559 puellm
529 3485 738 3558 gradiebantur
763 3505 815 3561 per
841 3492 1021 3564 crepidinem
1076 3492 1237 3566 Sephoram
1252 3489 1344 3548 liliam
1369 3489 1435 3562 ejus
1465 3503 1586 3546 uxorem
1602 3485 1631 3544 ⁴:
1648 3502 1713 3558 ques
1739 3482 1857 3558 peperit
1876 3480 1903 3539 ei

200 3574 285 3632 alvei.
300 3573 370 3641 Ques
393 3589 461 3630 cum
488 3572 611 3632 vidisset
634 3574 763 3633 iiscelam
791 3577 821 3633 in
850 3581 1019 3655 papyrione,
1075 3582 1180 3646 fllium,
1196 3596 1283 3652 quem
1298 3577 1412 3636 vocavit
1431 3577 1565 3647 (larsem,
1580 3574 1701 3632 dicens:
1716 3573 1841 3630 Advana
1862 3569 1904 3628 iul

199 3662 282 3722 misit
296 3679 386 3720 unam
403 3679 418 3720 a
441 3661 562 3720 famulis
586 3663 660 3732 suia,
674 3671 702 3722 et
729 3664 848 3724 allatam
873 3671 1020 3742 aperiens,
1075 3671 1105 3727 in
1122 3676 1230 3727 terram
1245 3665 1469 3738 aliena⁸.[l'.ll,
1485 3664 1517 3721 G.
1532 3663 1592 3736 itt]
1603 3663 1673 3720 Post
1682 3661 1815 3718 multum
1828 3664 1904 3718 um·

198 3768 380 3825 cernensque
405 3751 437 3809 in
460 3767 496 3809 ea
519 3751 674 3825 parvulum
701 3754 878 3829 vagientem,
899 3759 1021 3818 miserta
1075 3759 1155 3832 poris
1170 3760 1304 3815 mortuus
1327 3760 1374 3814 est
1401 3770 1452 3812 rex
1478 3752 1612 3827 AEgyptl:
1628 3755 1657 3807 et
1672 3750 1904 3824 ingemiscentes

195 3842 273 3915 ejus,
288 3839 347 3899 ait:
363 3845 404 3898 De
429 3838 592 3898 infantibus
615 3840 802 3899 Hebraeorum
828 3852 872 3902 ast
892 3845 950 3903 hic.
967 3846 1020 3906 Cui
1074 3848 1125 3904 lilii
1141 3846 1231 3904 lsrael
1246 3849 1366 3920 propter
1381 3859 1478 3916 opera,
1488 3840 1637 3899 vociferati
1651 3848 1721 3897 sunt
1732 3854 1740 3895 :
1753 3836 1904 3896 maeodit-

196 3947 281 3991 soror
294 3929 396 4005 pueri:
414 3929 471 4002 Vis,
487 3929 596 4003 inquit,
612 3936 645 3988 nt
666 3932 783 4002 vadam,
798 3938 828 3990 at
843 3951 942 3994 vocem
966 3938 1020 3996 tibi
1074 3935 1361 4009 queolemoreorunr
1372 3933 1409 3989 ad
1422 3933 1512 3989 ileum
1523 3947 1575 4004 pro
1585 3929 1676 4003 [talc.
1691 3929 1739 4001 ab]
1750 3926 1903 4001 operibus.

234 4073 243 4110 ¹
260 4073 375 4147 ¹⁴08&st
389 4073 418 4130 S·
434 4072 530 4145 Pfliflb
542 4082 663 4136 filim
677 4083 726 4141 ’Ἰν
746 4092 798 4148 Pto
821 4089 938 4143 mizon
960 4091 1020 4153 tau,
1073 4070 1715 4150 videnturaeapitedeoimooatavoajuadam
1722 4069 1904 4127 handivere.

199 4146 260 4203 slve
287 4159 315 4206 tu
343 4162 395 4215 pro
421 4157 451 4214 o,
474 4146 713 4203 tobemocuiorem
741 4164 792 4219 pro
814 4149 1019 4225 thesaurorum,
1073 4152 1171 4215 Sati.
1185 4149 1282 4207 ubido
1296 4147 1407 4205 Itlieaer
1420 4146 1521 4205 eadem
1534 4142 1658 4220 propele
1680 4142 1771 4199 'mua
1793 4140 1902 4198 Deinde

202 4217 280 4301 qood
294 4216 449 4274 chaldeus
464 4218 591 4289 prefert,
602 4223 630 4274 at
639 4219 774 4288 Rabhini‚
784 4220 892 4294 aliique
907 4227 1019 4298 passim
1074 4224 1163 4281 codex
1177 4220 1339 4303 Bibliorum
1353 4235 1411 4276 ms.
1424 4223 1454 4278 s.
1471 4217 1568 4303 Germ.
1581 4215 1663 4300 aPrs
1676 4214 1702 4271 is
1714 4228 1799 4298 num.
1813 4212 1843 4277 3,
1856 4216 1903 4267 to·

200 4292 441 4414 rnqaffiadamhio
451 4356 506 4415 loci
518 4374 590 4416 mss.
603 4359 805 4435 quamplures,
815 4367 839 4421 et
851 4365 1016 4440 incidentes,
1074 4288 1698 4437 [adimuliiegregiembssifflrgxlggtoets,limen..
1739 4300 1777 4341 ω
1786 4325 1799 4424 ’,
1810 4283 1904 4411 Ἓξ

199 4430 252 4487 ⁸0d
267 4429 387 4487 ffum-
404 4429 498 4488 MART·
1074 4437 1179 4495 sariam
1195 4453 1228 4493 ac
1244 4449 1401 4492 numerum
1417 4432 1562 4488 linearum
1578 4429 1668 4487 habet
1692 4428 1797 4487 adan
1812 4425 1902 4483 verbe

234 4500 246 4537 ⁸
261 4502 292 4558 lo
307 4501 428 4557 ltebrose
441 4509 560 4559 matrem
575 4503 656 4573 paeri
670 4503 767 4575 babet,
779 4508 857 4577 quod
869 4507 946 4565 tollit
959 4527 1020 4567 om·
1074 4511 1103 4568 ln
1117 4525 1169 4566 ora
1182 4505 1312 4564 interiori
1339 4503 1462 4560 minutis
1490 4500 1711 4559 characteribus
1738 4496 1900 4569 descripta.

201 4587 267 4629 nem
284 4572 508 4645 ambiguitatem
518 4573 662 4631 librorum
673 4576 830 4648 editorum,
842 4579 892 4651 qut
903 4587 1021 4640 matrem
1075 4582 1107 4639 ln
1132 4594 1191 4637 uno
1214 4577 1341 4650 danique
1363 4576 1447 4633 corb.
1464 4590 1534 4642 ma,
1557 4589 1637 4632 nom.
1654 4574 1682 4637 t,
1697 4570 1760 4628 hac
1783 4574 1901 4629 lantum

199 4643 319 4701 raomta
342 4650 406 4702 unt.
421 4644 514 4703 lissr.
1075 4652 1214 4725 leguntur
1240 4651 1318 4706 intra
1344 4651 1475 4705 textum:
1493 4647 1525 4703 st
1547 4644 1652 4717 eripuit
1676 4657 1722 4700 ere
1750 4640 1787 4701 de
1815 4654 1903 4697 eroes

208 4731 213 4739 ’
236 4661 390 4773 ’Μθῆῑῦὓ
417 4714 449 4781 -Ῑῧ
478 4716 598 4773 H⁸bi³³⁰
614 4700 682 4779 '5¹¹³
697 4728 753 4791 DN,
772 4724 891 4779 mairem
915 4726 999 4796 paeri
1012 4742 1020 4783 ι
1075 4722 1243 4782 Pharaonis.
1259 4721 1368 4777 Cetera
1391 4733 1495 4775 manue
1520 4714 1664 4774 recentior
1688 4710 1842 4787 supplevit
1864 4712 1900 4767 ed

200 4784 327 4858 Vulgata
341 4786 442 4853 θᾶῐῑῑθι
458 4796 575 4844 mairem
588 4804 678 4845 mm·
1076 4813 1158 4852 oram
1171 4792 1339 4850 interiorem
1354 4788 1433 4847 libri.
1448 4789 1489 4845 dx
1513 4787 1568 4846 hac
1581 4793 1663 4847 teme
1688 4781 1902 4913 exemplarium

237 4857 396 4917 *Palatia
421 4874 477 4916 me.
497 4863 573 4915 tacet
595 4875 711 4917 acorem
734 4878 802 4920 mox
824 4869 929 4922 dercon
952 4882 1021 4924 curu
1075 4866 1215 4924 varietate
1236 4861 1308 4922 salis
1322 4860 1506 4934 exploratum
1520 4859 1677 4923 habemus.
1693 4871 1753 4931 que
1787 4852 1902 4912 allie-

202 4925 342 5015 Urhinate
355 4936 384 4988 et
398 4930 525 5003 vulgetis
540 4930 610 5003 legit
626 4948 681 5015 pro
697 4932 808 4991 Gnaeo.
1075 4952 1124 4999 aar
1134 4938 1274 4995 dicuntur
1283 4932 1412 5006 primum
1423 4930 1598 4990 adnotatein
1609 4929 1753 5002 margine,
1761 4939 1905 5009 asceaco!

201 5068 208 5083 .
236 5000 337 5058 ΙΙιὶᾱιιι
352 5001 420 5059 libri
434 5018 468 5059 ac
482 5004 676 5076 manuscripti
701 5004 894 5080 quamplures
907 5010 1023 5067 addunt
1075 5010 1216 5083 temporis
1244 5007 1274 5064 in
1303 5020 1424 5079 corpora
1453 5003 1550 5076 posita
1582 5001 1676 5061 tuisse
1708 5017 1727 5058 a
1759 4997 1905 5057 librarus.

200 5075 276 5153 reta:
291 5074 413 5131 Alterum
441 5090 504 5131 vcro
529 5075 645 5146 prepara,
661 5093 742 5151 quem
770 5079 886 5151 occurit,
903 5080 1020 5149 stiam,
1076 5082 1171 5141 hilar.
1872 5134 1880 5149 .

199 5142 310 5202 damas:
327 5146 398 5203 Deae
412 5146 489 5202 caim
502 5148 592 5217 putris
606 5150 663 5204 met
686 5150 797 5214 uitiator
818 5167 894 5208 meras
916 5152 1023 5225 eripuit
1112 5182 1147 5195 -
1161 5151 1283 5209 addunt
1297 5145 1390 5205 nostri
1405 5147 1496 5203 meet
1506 5160 1580 5217 quos
1595 5141 1730 5203 tlardaa.
1741 5134 1908 5219 compluit,

199 5216 571 5299 medeumooal’boruonie.
588 5218 621 5275 ln
646 5219 713 5277 aliis
735 5226 798 5278 tum
823 5222 941 5288 Gracia,
957 5230 1021 5281 turn
1076 5224 1205 5296 aditique
1222 5220 1300 5286 libri,
1315 5220 1439 5277 Alteram
1466 5232 1530 5275 cero
1554 5216 1772 5289 pepertbdm
1797 5213 1903 5273 temti

203 5285 316 5369 Latium
330 5287 547 5360 exemplaribus
555 5290 610 5347 hoc
625 5292 828 5365 modolegilur
839 5310 846 5349 :
856 5294 1022 5354 Atiomoero
1077 5295 1195 5366 ditarer,
1210 5293 1321 5350 hcm:
1336 5292 1405 5347 Date
1417 5287 1493 5347 eata
1504 5290 1595 5361 putris
1608 5288 1665 5344 Μ’
1675 5284 1793 5359 “illim
1813 5296 1901 5365 ΒΨ·

201 5365 309 5414 vocaret
325 5361 442 5427 titiam,
458 5363 514 5416 etc.
532 5360 641 5416 Horum
663 5368 762 5419 autem
778 5366 932 5422 verborum
948 5365 1022 5424 nihil
1077 5373 1104 5423 et
1117 5365 1224 5439 eripreit
1238 5379 1280 5421 me
1291 5362 1325 5419 de
1337 5376 1424 5417 meas
1434 5361 1597 5417 Ptovnoat'e·
1607 5360 1679 5424 (luo
1692 5370 1764 5415 ⁰⁰¹ss
1776 5366 1901 5427 *ΜΕΝ*

200 5431 295 5485 uetat
309 5430 340 5488 in
355 5430 495 5489 Hebraico
509 5435 657 5499 contextu,
673 5452 709 5491 ne
732 5435 811 5493 usin
826 5437 1020 5495 Samaritano:
1078 5438 1122 5493 les
1134 5441 1232 5494 textus
1242 5451 1300 5492 non
1311 5433 1451 5501 habeant,
1461 5430 1491 5488 in
1502 5428 1641 5504 flesaplie
1650 5433 1752 5487 tamen
1762 5424 1821 5485 suh
1830 5426 1900 5483 eele-

202 5499 312 5557 absunt
325 5501 515 5588 similiternin
542 5503 620 5562 LXX
634 5505 705 5562 edit.
765 5523 804 5564 m.
819 5510 1021 5583 manuscripto
1077 5508 1153 5566 risco
1169 5508 1260 5567 luisse
1277 5504 1435 5576 descripta,
1450 5503 1541 5563 iidem
1562 5502 1634 5561 iecit
1653 5497 1831 5561 commun·
1845 5510 1898 5565 ms.

201 5568 407 5645 alexandrino,
423 5577 453 5632 ct
470 5590 501 5632 ιιι
516 5574 691 5650 Paraphrasi
706 5577 873 5638 chaldaica.
888 5579 1021 5640 linteata
1075 5595 1166 5652 penas
1176 5575 1434 5638 ltontieusonium.
