3870 6120
113 208 183 266 viar
631 209 661 262 s.
681 208 884 263 srsaonvur
903 206 1032 261 arvina
1048 178 1297 263 nisnroranca.
1751 166 1826 258 viee

113 337 205 395 simos
220 332 401 408 quequeplt.
418 330 561 403 quosque)
578 331 656 388 viros
671 336 760 389 testes
776 333 929 389 tacereve·
944 335 971 400 Α
987 330 1087 388 labore
1115 330 1263 387 communi
1293 327 1468 402 intelligam,
1486 327 1558 384 mihi
1582 330 1613 384 ei
1639 326 1771 396 laudem,
1794 345 1819 399 ei

116 425 326 496 lueris‚'dicam
343 421 393 477 tibi
410 421 481 477 illud
498 421 710 478 Horatianum¹
728 439 735 480 z
751 424 934 479 lesiluomne
986 419 1411 494 v=itupeualioncm',tecrimesse
1422 434 1623 474 communem.
1638 416 1816 473 Valeretein

115 517 192 588 lr'qnc
215 515 299 585 seraa.
316 511 376 567 Nisi
394 511 472 583 quod
488 511 543 567 hoc
567 511 679 568 habebo
694 511 836 584 solamen,
852 512 877 568 si
902 511 933 568 in
987 508 1187 566 DominoJesu
1198 508 1250 580 [Al.
1263 516 1312 564 tac.
1324 506 1815 580 lesu]cupio,etmeminissemei¹.

115 692 171 747 rito
199 690 311 756 scribe,
341 692 374 742 ut
401 703 464 758 que
494 686 592 743 minus
620 686 811 755 intelliqebat,
840 688 933 744 tutius

114 764 365 835 pretermitteret:
387 766 474 830 atque
490 758 546 813 alia
560 776 595 814 ex
609 765 691 830 parte
707 760 800 831 magis
814 761 933 828 evincit,

113 851 171 890 non
196 849 259 889 esse
273 831 324 886 illa
355 831 559 902 eglussatoris
575 831 702 903 prolecta
719 831 846 903 ingenio,
869 848 934 903 ques

113 904 187 961 nibil
202 921 276 976 opus
293 904 387 958 luerat
411 901 557 973 supplere.
574 908 646 957 Sunt
662 902 753 973 igitur
767 919 854 974 quam
871 920 934 976 quae

113 976 239 1032 maxime
268 974 507 1044 Hieronymiann,
534 989 596 1045 qua
627 973 781 1044 repudiare
796 979 862 1046 post
890 979 935 1031 tot
1080 993 1089 1029 1
1376 991 1402 1029 vc

112 1046 323 1119 exemplarium
345 1044 549 1101 auctoritatem
567 1062 624 1100 uon
639 1044 754 1100 licebat.
773 1048 879 1101 Verum
898 1046 935 1102 de
989 1041 1302 1102 revictontitarvvo
1322 1040 1394 1099 stit
1413 1040 1601 1101 cneorum:
1628 1041 1708 1098 alter
1735 1057 1812 1114 quem

111 1124 190 1175 recta
218 1133 319 1175 eorum
337 1117 460 1172 lectione
484 1132 517 1171 nc
539 1133 628 1171 sensu
645 1115 856 1188 inquirendum
878 1122 933 1173 est.
989 1118 1120 1174 diximus
1136 1119 1165 1173 S.
1182 1117 1284 1172 Crucis
1300 1117 1330 1172 in
1345 1115 1509 1172 Jerusalem
1525 1116 1560 1170 de
1574 1113 1664 1181 Urbe,
1682 1130 1736 1169 nec
1751 1130 1814 1171 sane

111 1195 211 1263 Nuper
226 1191 302 1246 alius
313 1189 347 1244 de
363 1186 617 1244 Benedictinorum
634 1203 721 1259 grege
736 1188 880 1245 Martinus
895 1189 936 1245 ita
990 1188 1083 1246 multo
1093 1188 1342 1259 sequiorismtatis
1358 1185 1811 1252 autnote,euvrr›1e0vttt0rv.

112 1264 212 1319 Graeca
239 1260 368 1332 legit,ut
397 1259 494 1314 nescio
511 1260 581 1329 quid
602 1260 637 1314 de
652 1258 786 1330 Syrorum
814 1260 935 1332 (ἔννομον
990 1259 1339 1317 ΤΟΙΕΑΙΛΟΥΡΟΥΟΙΝ.
1376 1258 1428 1315 His
1456 1258 1546 1314 lacem
1577 1257 1812 1329 praetcrcntibus,

112 1334 223 1389 dictum
247 1332 324 1397 velit,
341 1335 369 1386 et
384 1331 559 1403 persuadere
574 1329 660 1412 vulgo
677 1328 778 1385 multis
802 1337 934 1401 conetur,
990 1333 1090 1388 statim
1120 1331 1211 1388 eluxit
1227 1331 1317 1386 menti
1334 1346 1451 1399 sensus,
1467 1335 1555 1402 atquc
1572 1329 1598 1384 is
1613 1345 1688 1385 sane
1705 1328 1811 1400 perspi·

112 1406 257 1475 nobisque
273 1404 379 1465 dinam,
395 1406 541 1474 proutest
556 1400 684 1458 bominis
700 1401 864 1473 ingenium,
880 1402 936 1457 im·
990 1420 1065 1459 cuus
1093 1408 1182 1475 utque
1210 1401 1560 1474 elegantissimus,quem
1591 1405 1619 1456 S.
1650 1399 1717 1471 ipse
1737 1404 1813 1456 Pater

111 1477 222 1549 peritias
239 1475 393 1546 impingat.
412 1474 529 1528 tibrum
546 1472 690 1543 ejuaolim
702 1477 936 1530 nosanteennos
990 1475 1126 1531 intendit.
1145 1473 1273 1529 Priorem
1291 1474 1390 1545 itaque
1406 1473 1564 1528 dictionem
1587 1467 1813 1546 ἀντιφιλονεζκνν

112 1550 174 1604 lere
189 1548 288 1604 decem
319 1544 413 1601 oculis
428 1543 619 1600 lustravimus
640 1560 726 1616 quem
738 1561 805 1600 cum
819 1560 872 1600 nco
893 1550 938 1601 te·
992 1562 1049 1602 uno
1065 1547 1151 1602 verbo
1166 1546 1338 1617 accipimus,
1355 1546 1402 1599 vix
1417 1561 1476 1600 una
1491 1543 1622 1599 litterula
1637 1559 1656 1597 a
1673 1560 1745 1599 mss.
1761 1547 1813 1599 tra-

112 1619 205 1675 runcii
223 1619 395 1686 laceremus,
409 1617 548 1671 adnotare
564 1616 793 1688 quidejusesset
806 1616 936 1687 stupidi·
992 1616 1063 1673 mite
1083 1617 1263 1672 recedentes.
1289 1616 1418 1671 Alteram
1443 1631 1560 1688 quoque
1585 1614 1725 1671 voculam
1746 1617 1809 1682 τοῖς,

112 1692 182 1747 tatis
205 1689 371 1747 omisimus.
397 1687 525 1743 Clericus
548 1688 623 1742 Artis
646 1686 762 1744 criticae
788 1693 871 1759 parto
890 1705 933 1756 111,
951 1716 973 1781 B
991 1689 1080 1744 iidem
1105 1705 1177 1745 mss.
1207 1688 1536 1743 suffecerunt:tautum
1567 1703 1622 1743 nos
1648 1702 1666 1741 ν
1697 1685 1811 1758 reliquis

110 1766 181 1819 seut.
203 1765 228 1831 l,
245 1777 309 1832 cap.
327 1760 369 1825 ll,
386 1759 541 1814 docturum
557 1759 585 1812 id
602 1774 643 1824 se,
666 1760 737 1814 satis
753 1759 933 1816 confidenter
988 1759 1141 1816 elementis
1171 1758 1328 1815 articulum
1358 1758 1552 1828 sejunximus.
1571 1758 1738 1814 Restabant
1756 1774 1809 1829 ΜΛ

110 1834 290 1906 pronuntiat,
306 1836 392 1903 utque
408 1833 561 1886 unoverbo
577 1829 837 1902 interpretaturum
852 1832 930 1903 quod
988 1835 1038 1888 aut
1056 1832 1145 1898 ΒΗΛ,
1165 1830 1345 1905 etelstanum,
1362 1846 1426 1902 que
1442 1845 1558 1886 rursum
1575 1829 1606 1885 in
1623 1846 1718 1885 unum
1735 1844 1808 1884 com-

110 1906 290 1962 Parisionsce
321 1901 499 1958 Benedictini
532 1902 649 1972 assequi
676 1918 732 1957 non
763 1908 931 1973 potuerunt.
988 1904 1136 1976 pingenda
1151 1918 1249 1958 vocem
1265 1901 1477 1967 intelleximus,
1494 1899 1706 1973 κατασύρουσνν.
1722 1904 1809 1957 tituta·

110 1983 245 2033 Attamen
265 1976 354 2047 (quod
371 1990 463 2044 operm
481 1974 606 2045 pretium
624 1972 737 2042 luisset)
754 1989 789 2029 ne
804 1973 933 2030 litterula
986 1975 1083 2030 vimus
1111 1977 1209 2029 autem
1234 1973 1445 2030 litterasBVlll
1462 1973 1616 2043 ἰνΚΔΤΑ,
1643 1979 1709 2028 tum
1738 1979 1806 2027 recto

110 2049 229 2122 quidem
260 2063 318 2101 una
333 2046 369 2100 ab
384 2061 484 2100 eorum
503 2044 625 2098 lectione
642 2045 671 2098 in
684 2047 780 2099 Graeco
806 2049 930 2113 mutata,
987 2049 1107 2117 cogente
1119 2063 1218 2111 sensu,
1234 2049 1298 2100 tum
1316 2045 1380 2116 ipsa
1393 2043 1553 2099 litterarum
1571 2043 1807 2101 similitudinem

108 2120 281 2174 vertendum
305 2122 420 2172 tuntum
436 2117 486 2175 ait.
501 2131 550 2185 pro
566 2114 695 2186 drictptr'a,
712 2131 803 2169 roanos
818 2116 932 2172 imlicu-
987 2118 1077 2172 ductu
1092 2135 1098 2184 ;
1116 2118 1213 2172 sciunt
1233 2117 1312 2172 enim
1330 2116 1378 2188 qui
1394 2120 1508 2171 veteres
1522 2114 1615 2172 libros
1636 2119 1805 2182 tractarunt,

108 2191 203 2245 tibus:
227 2190 304 2261 quod
319 2188 468 2259 egregium
486 2187 515 2240 in
533 2184 663 2241 hocloco
688 2202 809 2241 sensum
827 2188 932 2243 habere
987 2187 1008 2242 B
1033 2206 1084 2260 pro
1101 2188 1134 2252 ll,
1150 2193 1179 2244 el
1194 2195 1215 2242 Λ
1232 2205 1284 2259 pro
1302 2194 1336 2254 A,
1354 2187 1480 2258 denique
1495 2189 1507 2242 1
1523 2203 1575 2259 pro
1591 2188 1626 2253 T,
1645 2191 1806 2243 transversa

110 2262 271 2327 contendit,
292 2259 437 2330 siquidem
453 2259 577 2313 obscure
593 2262 681 2328 atque
695 2256 843 2329 eleganter
864 2257 931 2314 Hic·
987 2274 1113 2332 superne
1129 2259 1234 2315 lineola
1249 2258 1350 2315 oculos
1365 2258 1531 2330 effugiente,
1547 2276 1565 2314 a
1580 2259 1696 2315 Latinis
1712 2258 1805 2331 preci·

110 2329 485 2404 ronymusilluditGrrecis,
498 2328 548 2400 qui
558 2329 722 2383 versionem
734 2334 845 2385 tantum
860 2329 931 2386 LXX
988 2348 1044 2403 pue
1067 2331 1299 2387 amanuensibus
1321 2347 1397 2402 sepe
1422 2329 1529 2402 saepius
1553 2330 1711 2386 conlundi.
1740 2330 1803 2385 ilinc

988 689 1049 763 pari
1075 704 1177 744 omnes
1203 703 1360 752 consensu,
1388 685 1501 743 tametsi
1528 685 1619 759 paulo
1640 685 1815 757 corruptius,

990 766 1168 818 littorescas
1197 760 1312 816 Graecas
1341 758 1479 825 retinent,
1506 759 1576 825 duo,
1593 773 1725 828 quorum
1752 756 1816 813 alter

988 833 1104 904 Reginae
1130 832 1290 887 Suanorum
1315 833 1371 886 sub
1392 846 1473 886 num.
1491 831 1520 885 11
1549 828 1705 900 laudatus,
1735 834 1815 902 atque

990 903 1097 961 unciali
1112 903 1280 959 charactere
1296 903 1488 974 perscriptus,
1504 901 1611 957 hebet:

111 2403 305 2475 interpretum
334 2401 424 2472 hujus
449 2399 516 2454 libri
546 2399 692 2470 legebant,
722 2416 811 2472 quam
844 2402 930 2457 tacite

110 2475 222 2530 confert
249 2473 338 2529 ramis
357 2475 450 2527 tractu
467 2470 627 2536 destitutis,
645 2469 747 2543 quales
763 2477 834 2527 suut
856 2472 931 2527 ranii

109 2546 275 2618 pulmarum
289 2544 547 2600 :Hebraicamvero
555 2542 706 2598 veritatem
714 2544 831 2616 fructui,
843 2559 931 2614 quem

111 2619 181 2673 dum
198 2616 288 2673 Graeci
316 2633 347 2672 sc
363 2617 516 2686 decarpere
531 2613 684 2686 putabant,
711 2613 822 2670 frustra
837 2619 931 2685 crant,

109 2694 138 2745 ct
153 2689 268 2745 steriles
284 2688 425 2743 duntaxat
440 2701 538 2741 ramos
546 2684 701 2740 vellebant.
718 2684 782 2741 Haec
798 2688 932 2757 totaejus

21 2824 24 2829 ,
107 2760 290 2817 ratiocinatio
320 2763 373 2825 est,
391 2773 527 2829 quamcn
555 2756 652 2823 Plinii,
669 2757 719 2812 lib.
741 2774 792 2824 xvv,
809 2774 872 2829 cap.
904 2759 930 2826 t,

106 2832 275 2889 testimonie
300 2832 335 2886 dc
352 2829 457 2902 palmae
472 2832 587 2891 natura,
603 2844 666 2900 quae
681 2843 802 2900 pomum
830 2830 886 2885 lert
900 2828 930 2885 in

989 2419 1073 2474 porro
1089 2402 1189 2458 isthaec
1204 2402 1335 2474 exsurgit
1350 2402 1379 2457 in
1395 2401 1497 2457 Latino
1512 2403 1681 2458 sententia:
1698 2400 1803 2457 Conten-

987 2475 1055 2530 tione
1073 2474 1144 2544 (sive
1167 2473 1374 2544 exemplarium
1402 2474 1587 2543 contentione)
1616 2488 1751 2544 reponens
1772 2470 1802 2527 iu

987 2549 1034 2617 qui.
1057 2543 1219 2601 detrudunt.
1243 2545 1353 2615 Nempe
1378 2544 1418 2600 ita
1438 2540 1668 2620 ἀντιφιλονεικεῖν
1693 2544 1802 2599 verbum

987 2620 1082 2684 sonat,
1095 2616 1281 2672 contentione
1295 2616 1422 2684 alicujus
1438 2616 1480 2672 rei
1491 2616 1661 2673 adversario
1673 2616 1802 2672 obsistere

987 2705 1019 2744 νο
1035 2703 1217 2759 repugnare:
1233 2693 1263 2744 et
1277 2685 1435 2762 aaraslpsrv
1452 2687 1619 2756 detrahere,
1635 2688 1713 2760 quod
1730 2702 1803 2743 nemo

986 2760 1112 2832 ignorat,
1129 2763 1158 2814 et
1173 2761 1250 2832 apud
1276 2758 1498 2831 lexicographos
1515 2760 1626 2831 passim
1648 2759 1733 2816 obvia
1746 2773 1800 2830 pro·

987 2831 1059 2887 liant
1074 2831 1217 2902 exempla.
1244 2831 1326 2889 Vide.
1343 2831 1367 2885 si
1384 2830 1473 2895 lubet,
1490 2831 1520 2886 S.
1537 2831 1638 2902 ipsum
1661 2830 1801 2886 Ductorem

106 2903 272 2969 cacumine,
302 2919 360 2957 non
387 2902 464 2957 inter
479 2898 557 2966 lolia,
581 2899 930 2972 insultandooxaggerut.
986 2902 1016 2956 in
1046 2907 1238 2957 commentar.
1268 2904 1296 2956 in
1315 2903 1408 2973 Epist.
1431 2901 1601 2958 adGalatas
1631 2919 1695 2974 cup.
1712 2918 1739 2967 v,
1766 2902 1800 2954 tt.

9 2976 13 2983 '
108 2976 247 3045 lleposuit
260 2974 527 3040 verottartianaeus,
540 2987 625 3025 saram
639 2972 932 3028 conatusdclondere
988 2974 1099 3029 Sensus
1115 2973 1149 3027 ed
1167 2974 1309 3030 orationis
1329 2973 1434 3029 seriem
1449 2974 1491 3029 sic
1507 2973 1615 3029 habet:
1631 2975 1661 3029 Si
1686 2987 1801 3044 opuscu·

7 3164 11 3171 .
108 3118 308 3177 animositate,
338 3120 425 3187 atque
453 3115 482 3168 in
512 3112 713 3168 adversarium
739 3114 931 3171 contumelia.

109 3046 211 3102 multis
223 3046 319 3100 verbis
334 3043 617 3116 interpretationem,
630 3047 706 3097 corte
717 3046 828 3113 quanta
839 3044 932 3112 potuit
947 3082 969 3148 C
987 3043 1049 3100 lum
1068 3060 1177 3111 aucum,
1195 3045 1352 3116 Sophroni,
1368 3044 1397 3100 in
1413 3049 1548 3103 Granum
1567 3044 1761 3110 transtuleris,
1777 3044 1802 3096 ut

988 3117 1054 3186 ejus
1070 3132 1105 3170 ex
1121 3118 1239 3173 ltebrmo
1268 3115 1410 3172 versionis
1432 3116 1630 3182 contentione,
1655 3117 1768 3180 Graecia,
1780 3116 1802 3167 ct

109 3190 184 3244 Tum
201 3187 304 3259 nugari
317 3193 443 3258 coeptum
458 3189 503 3240 ost
519 3184 624 3255 magis,
636 3188 724 3256 utque
739 3189 772 3239 ut
787 3185 876 3241 semel
889 3187 932 3240 di·
987 3187 1038 3260 qui
1055 3187 1221 3244 (trecorum
1233 3188 1305 3244 LXX
1320 3188 1515 3259 lnterpretum
1531 3189 1667 3256 obtentu,
1680 3187 1750 3242 mihi
1762 3186 1801 3239 de·

108 3274 183 3329 cam,
200 3260 420 3315 andabatarum
446 3256 584 3311 intereos
602 3261 932 3327 muropugnatumcst.
989 3259 1121 3324 trahunt,
1146 3265 1338 3330 reponaszct
1366 3259 1554 3316 doctissimos
1583 3255 1799 3331 quoqueexhis

107 3330 239 3402 atit,qat
258 3330 358 3385 studio
375 3328 501 3400 partium
519 3343 622 3398 pugne
639 3327 931 3400 successeruntllon·
989 3330 1144 3402 imperitias
1171 3347 1241 3386 mem
1256 3335 1345 3387 testes
1361 3331 1455 3387 lacere
1478 3328 1618 3398 volueris,
1636 3331 1733 3386 dicam
1760 3325 1802 3383 tibi

83 3428 85 3432 ·
109 3418 180 3475 gum
205 3400 284 3457 enim
311 3405 357 3455 est
372 3401 419 3454 hie
443 3399 577 3466 singulos
592 3402 763 3470 recensere),
787 3400 934 3471 praecipuo
989 3402 1061 3457 illud
1079 3403 1281 3470 Horatiorum,
1297 3406 1352 3458 etc.
1370 3402 1442 3458 Cum
1459 3402 1581 3458 scillicet
1594 3402 1663 3474 plus
1675 3397 1801 3458 nimiosit

108 3489 176 3529 uero
192 3472 241 3543 qui
252 3471 457 3542 premeridas
472 3469 628 3524 littorariae
641 3468 785 3539 scribunt,
796 3469 932 3526 Latinum
988 3477 1154 3528 Graecorum
1171 3474 1377 3545 lnterpretum,
1395 3473 1467 3529 nihil
1483 3474 1513 3529 in
1529 3489 1563 3530 ea
1576 3473 1683 3545 lingua
1706 3471 1800 3528 versio·

109 3560 230 3600 sensiam
247 3558 325 3597 nunc
336 3559 404 3607 rino,
419 3556 497 3596 nunc
509 3537 600 3594 altero
612 3539 774 3595 substituto
786 3540 884 3612 verho,
896 3543 931 3597 ed
989 3562 1054 3600 nem
1071 3545 1158 3599 istam
1175 3561 1331 3616 recoquere
1346 3550 1391 3601 est
1405 3560 1489 3618 opus.
1510 3545 1659 3601 Nimirum
1676 3549 1705 3600 et
1719 3544 1800 3599 Vanu-

110 3619 341 3689 prreconceptam
368 3612 535 3684 opinionem
550 3609 666 3692 trahere
681 3614 769 3682 atque
789 3611 933 3683 explicare
989 3615 1088 3672 sinum
1107 3622 1222 3688 poetam
1238 3621 1334 3672 Grcece
1348 3633 1451 3673 versus
1467 3616 1637 3672 molientem
1663 3616 1801 3672 deuorttas

110 3687 206 3744 conati
232 3689 312 3741 sunt.
328 3684 420 3740 Nemo
446 3698 522 3738 unus
538 3681 573 3737 dc
598 3680 748 3754 relegenda
771 3682 870 3739 Graeca
893 3683 934 3740 le·
989 3687 1018 3742 in
1035 3687 1160 3742 somniis
1182 3692 1227 3744 est
1242 3687 1393 3754 Romulus,
1410 3688 1492 3744 satir.
1511 3683 1801 3761 10,quodplussatis

108 3760 190 3815 tione
214 3757 361 3830 cogitavit,
386 3771 473 3824 quam
495 3758 606 3822 tamen,
624 3758 656 3808 ut
679 3758 796 3826 recepta
820 3756 933 3828 pridem
988 3765 1140 3831 poetarum
1158 3764 1237 3816 esset
1252 3760 1329 3832 apud
1347 3759 1481 3816 Graecos:

109 3834 182 3896 erat,
199 3831 354 3885 obscuram
372 3825 547 3884 sententiam
565 3825 695 3891 reddere,
712 3824 766 3897 ipsi
784 3843 841 3882 non
858 3828 935 3884 dilli-

110 3903 251 3958 lebantur
262 3919 269 3971 ;
280 3901 337 3956 inin
348 3899 372 3956 si
382 3898 523 3955 attentius
535 3897 570 3952 ad
582 3898 611 3953 S.
626 3897 758 3953 Doctoris
769 3899 934 3981 exegissent

1083 3909 1112 3960 ln
1131 3909 1225 3960 silvam
1241 3924 1275 3960 ne
1289 3910 1363 3974 ligna
1378 3909 1446 3960 ierne
1462 3908 1586 3959 insanius
1601 3925 1633 3958 uc
1645 3909 1668 3959 si

109 3979 279 4031 contextum
304 3989 337 4027 ac
354 3975 489 4033 mentem,
507 3969 565 4024 iere
580 3968 738 4024 absurdam
760 3984 792 4023 ac
813 3971 934 4028 minime

1082 3975 1234 4024 Graecorum
1248 3988 1359 4038 maguus
1375 3973 1453 4023 malis
1467 3973 1576 4037 implere
1593 3978 1725 4023 catervas.

1 4034 5 4043 ¹
50 4081 53 4087 ·
110 4040 935 4109 coherenteminvenissent.'lentandaigiturtuitGraeca

110 4117 315 4189 scriptumst
343 4113 545 4184 investiganda
567 4111 596 4194 in
614 4110 832 4182 antiquioribus
860 4130 933 4170 mss.
1025 4113 1103 4170 Nihil
1120 4115 1166 4170 hic
1183 4114 1358 4186 palmarum,
1376 4119 1426 4170 aut
1445 4113 1565 4186 dactyli,
1583 4129 1743 4180 ramorum,
1762 4111 1802 4166 aul

112 4206 178 4247 vere
194 4206 227 4245 ex
247 4186 393 4258 corruptis
410 4185 483 4257 ipsis
495 4185 668 4254 ,iunctisque
682 4182 761 4239 varic
781 4182 934 4242 elementia
990 4187 1159 4242 racemum:
1177 4187 1258 4243 nulla
1273 4189 1349 4258 ejus.
1366 4187 1442 4258 quod
1460 4202 1608 4258 nusquam
1625 4186 1691 4254 luit,
1704 4198 1804 4258 prover·

111 4260 210 4317 lectio.
227 4260 289 4324 Qua
305 4259 333 4312 in
350 4274 380 4313 re
395 4256 418 4311 si
448 4255 723 4311 nobiscsontcntia
750 4256 934 4323 successerit,
990 4258 1030 4313 bii
1047 4259 1123 4326 apud
1140 4259 1350 4329 Hieronymum
1367 4257 1488 4313 mantio.

111 4336 185 4396 tute,
200 4331 302 4392 lector,
312 4328 472 4400 judicabis,
484 4333 573 4410 utque
589 4343 646 4380 uno
657 4325 771 4397 judicio
782 4331 805 4381 si
816 4328 933 4384 restitu-
1026 4332 1033 4365 ¹
1051 4329 1150 4386 Horat.
1166 4328 1217 4385 lib.
1235 4348 1244 4385 v
1261 4330 1345 4386 Scrm.
1363 4334 1422 4384 Sat.
1441 4330 1483 4384 10.
1500 4328 1598 4386 ntia-r.

111 4403 222 4457 tionem
238 4405 369 4456 nostram
386 4400 563 4471 probaveris,
580 4396 716 4464 aliorum,
733 4396 818 4453 neiis
834 4400 935 4455 conlu-
1027 4401 1038 4435 ¹
1061 4400 1169 4471 Regius
1199 4418 1256 4458 ms.
1273 4407 1302 4457 et
1329 4401 1526 4462 Corbeicnsis.
1545 4400 1615 4456 Vale
1642 4401 1675 4455 in
1703 4395 1805 4455 Domino

37 4539 43 4547 ¹
111 4471 211 4527 tundis
226 4472 375 4543 longiores
390 4471 495 4540 simus,
512 4469 695 4541 conjecturas
711 4453 1055 4552 cnplodes.JamD}esu
1082 4472 1379 4541 cripiotememinisse
1403 4471 1468 4527 mei.
1494 4472 1655 4528 Vaticanus
1685 4470 1806 4544 proximo

111 4558 208 4600 verce
232 4544 397 4616 quindecim
414 4560 484 4602 mes.
503 4557 576 4617 quos
598 4541 816 4611 consuluimus,
832 4543 942 4619 quippe
996 4548 1189 4611 memoratus,
1206 4545 1268 4603 Vive
1282 4545 1312 4602 in
1328 4546 1441 4602 Doiiiiao
1453 4545 1527 4611 lesu,
1543 4548 1599 4601 etc.
1617 4547 1710 4600 Mser.
