3870 6120
105 172 175 231 sess
351 174 356 191 ·
481 148 549 205 ’-
696 178 803 233 usna
820 174 991 235 nameus
1009 174 1218 233 raorssrn.
1743 176 1875 249 rese

140 299 170 353 et
195 295 354 368 civitatem,
368 291 458 372 'super
473 314 561 371 quam
577 299 746 364 invocatum
762 302 809 358 est
824 313 931 356 nomen
946 301 975 372 Α
989 297 1044 354 Sed
1057 313 1157 370 neque
1173 302 1322 425 unpueoto
1339 304 1446 358 unctus
1461 318 1547 361 sum:

178 372 262 425 tuom
276 385 282 424 :
1024 370 1117 426 donec
1129 386 1214 442 comp
1227 375 1347 428 crentur
1361 373 1451 430 trium
1468 375 1718 440 hebdomadarum
1737 384 1810 444 dies.

106 439 209 513 Neque
228 442 309 497 enim
329 440 359 496 in
381 440 646 513 justificationibus
670 441 779 501 nostris
802 446 934 516 proster-
986 441 1037 497 Die
1052 445 1150 498 autem
1164 443 1351 516 vegesimaet
1367 451 1473 517 quarta
1491 451 1601 507 mensis
1617 453 1715 524 primi,

178 514 279 569 nimus
293 527 394 585 preces
410 517 478 571 ante
493 514 596 572 leciem
614 520 709 586 tuam,
1021 513 1198 584 eramjuxta
1227 515 1350 572 fluvium
1367 532 1519 591 magnum,
1535 522 1586 594 qui
1601 529 1646 582 est
1660 526 1767 600 Tigris,

142 585 193 641 sed
210 583 240 640 in
253 584 494 644 miserationibus
509 588 571 645 tuis
586 587 699 646 multis.
855 644 858 649 ,
986 585 1021 641 lit
1036 584 1128 641 levavi
1141 584 1241 642 oculos
1258 603 1349 657 meos,
1365 593 1393 644 el
1409 589 1468 645 vidi
1483 607 1489 646 :

104 655 228 726 Exaudi,
245 656 378 714 Domine.
414 700 416 704 .
1022 660 1051 713 et
1065 671 1132 712 ecce
1146 656 1189 712 vir
1205 674 1283 714 unus
1295 661 1420 716 vestitus
1435 660 1533 731 lineis,

141 728 271 801 placare,
288 728 430 785 Domine:
1022 732 1051 784 et
1065 743 1149 785 renes
1164 728 1228 799 ejus
1243 729 1364 786 accincti
1382 748 1452 789 auro
1472 735 1596 807 obryzo:

143 799 273 868 attende,
289 804 319 855 et
334 799 398 856 iac:
986 798 1022 855 Dr
1036 814 1142 871 corpus
1158 800 1222 871 ejus
1238 803 1321 873 qussi
1337 802 1548 877 chrysolithus,

103 869 146 928 Ne
162 873 285 927 moreris
300 876 421 944 propter
430 872 632 944 temetipsum,
648 872 726 929 Deus
741 871 841 928 msusl
1022 876 1050 928 et
1063 871 1151 927 iacies
1165 873 1229 942 ejus
1244 872 1322 928 velut
1334 876 1445 947 specics
1459 876 1596 949 fulguris,

109 955 114 963 ’
142 944 214 1015 quia
225 957 331 999 nomen
343 946 427 998 tuom
440 944 607 1001 invocatum
617 949 663 1001 est
673 944 931 1018 euperoivitalem,
1021 946 1051 998 et
1063 942 1138 997 oculi
1155 944 1232 1014 ejus,
1248 950 1280 1000 ut
1296 945 1409 1019 lampas
1424 948 1530 1005 ardena
1545 966 1551 1005 :

142 1018 173 1072 et
187 1030 279 1085 super
314 1013 435 1086 apulum
449 1019 546 1083 tuum,
986 1013 1021 1069 Et
1032 1013 1153 1069 brachia
1168 1015 1243 1085 ejus,
1268 1020 1297 1072 et
1311 1032 1376 1090 qua
1390 1019 1526 1077 deorsum
1543 1037 1637 1093 osque
1652 1023 1689 1079 ad
1709 1024 1809 1096 pedes.

104 1090 243 1158 Cumque
257 1031 354 1143 adfluo
370 1086 514 1157 loquerer,
530 1091 561 1143 et
575 1102 700 1156 orarem,
1022 1084 1107 1157 qussi
1123 1087 1237 1156 species
1251 1087 1317 1145 sris
1331 1090 1506 1148 candaulis:

143 1163 172 1216 et
187 1158 342 1214 conliterer
356 1164 476 1231 peccata
490 1174 565 1228 moa,
581 1163 610 1215 et
625 1163 744 1232 peccata
759 1157 859 1232 populi
875 1159 932 1217 mei
1010 1161 1051 1240 ⁸et
1064 1173 1118 1212 vox
1132 1172 1302 1214 sermonum
1320 1162 1393 1288 epus,
1412 1166 1444 1217 ut
1457 1178 1511 1218 vor
1528 1162 1741 1223 multitudinis.

181 1227 282 1296 lsrael,
986 1227 1050 1285 llrdr
1065 1232 1161 1283 autem
1173 1244 1226 1301 ego
1242 1230 1332 1288 Danie
1358 1232 1440 1289 solus
1454 1233 1615 1296 visionem:

143 1304 172 1356 et
187 1305 404 1373 prosternerem
434 1316 534 1373 preces
551 1316 632 1357 meas
650 1301 679 1356 in
706 1305 864 1375 conspectu
879 1301 932 1358 Dei
1020 1315 1108 1426 porro
1122 1299 1250 1382 viriani
1267 1307 1350 1358 erant
1366 1321 1491 1375 mecum,
1508 1323 1567 1362 non
1581 1307 1737 1364 viderunt:

143 1373 212 1442 mai,
227 1387 280 1444 pro
296 1378 512 1428 montesancto
527 1372 578 1428 Dei
594 1372 671 1429 mei:
755 1415 758 1420 .
987 1387 1017 1427 se
1063 1375 1157 1426 terror
1171 1373 1281 1430 nimius
1295 1374 1382 1433 irruit
1396 1393 1486 1449 super
1500 1394 1561 1447 eos,
1576 1383 1606 1435 et
1620 1379 1759 1451 sugerunt
1778 1379 1809 1437 ia
1863 1430 1870 1449 ,

104 1445 212 1499 Adhuc
228 1459 274 1499 me
290 1443 428 1515 loquente
443 1444 472 1499 in
488 1444 629 1514 oratione,
1057 1443 1273 1500 absconditum.

106 1528 110 1533 ·
142 1515 282 1598 eccevir
300 1514 439 1596 'Gabriel,
468 1515 700 1587 quemvideram
716 1510 873 1572 invisione
900 1515 932 1573 ln
986 1512 1045 1585 ligo
1058 1519 1167 1639 hautem
1183 1516 1303 1573 relictus
1322 1517 1404 1575 solus
1423 1519 1483 1576 vidi
1498 1519 1641 1578 visionem
1665 1523 1808 1594 grandem

200 1602 275 1642 rinc:
299 1603 325 1642 ιο
1079 1601 1153 1640 οοο;

141 1604 200 1714 citer
226 1603 443 1741 volgps’tetigit
458 1674 505 1714 me
523 1657 700 1731 intempore
724 1658 861 1715 sacrificii
880 1675 929 1718 ve-
946 1680 970 1746 B
1021 1660 1049 1711 ct
1065 1672 1123 1711 aon
1140 1658 1281 1741 remansit
1295 1657 1325 1714 in
1338 1676 1389 1743 'me
1401 1661 1570 1746 fortitudo„

104 1800 143 1858 n
157 1733 332 1868 elliu.
1021 1727 1687 1877 {litteratulus'tillidiulle

144 1877 174 1928 st
188 1872 306 1928 locutus
321 1875 366 1928 est
381 1872 465 1942 mihi,
482 1873 631 1946 dixitque:
984 1868 1020 1925 iit
1034 1870 1132 1926 audivi
1148 1887 1246 1929 vocem
1262 1889 1433 1931 sermonum
1446 1880 1530 1949 ejus:

107 1943 211 2070 Depiel
221 1960 305 2070 taplno
319 1959 457 2015 egressus
471 1961 551 2013 sum,
567 1952 599 2001 ut
613 1947 746 2001 docerem
762 1948 802 2014 te,
1021 1947 1050 1998 et
1072 1942 1194 2000 audiens
1212 1945 1347 2015 jacebam
1370 1954 1574 2006 consternatus
1588 1966 1678 2022 super
1700 1949 1805 2007 lacism

146 2033 161 2071 e
189 2031 248 2070 me
274 2029 281 2069 s
304 2030 378 2071 eres.
1056 2029 1164 2081 meam,

106 2087 153 2144 ab
167 2032 421 2158 exordiogprecum
432 2091 551 2144 tuarum
567 2103 704 2160 egressus
719 2092 767 2145 est
779 2102 893 2145 sermo:
1019 2084 1177 2157 vultusque
1193 2102 1277 2143 meus
1290 2086 1419 2146 herebat
1431 2099 1523 2148 terrae.

146 2172 200 2231 ego
216 2163 314 2215 autam
329 2158 405 2227 veni,
422 2165 455 2215 ut
468 2159 630 2216 indicarem
644 2159 710 2233 libi,
985 2155 1019 2212 iit
1033 2172 1099 2212 soce
1110 2174 1215 2214 manus
1228 2159 1323 2231 tetigit
1338 2176 1395 2232 me,

146 2230 217 2302 quia
230 2228 276 2285 vir
290 2229 501 2286 desideriorum
517 2247 549 2287 es
563 2247 570 2286 :
1021 2233 1050 2284 et
1065 2228 1156 2284 erexit
1170 2244 1217 2285 me
1232 2246 1321 2302 super
1335 2247 1431 2303 genus
1446 2249 1522 2290 mea.

106 2302 152 2358 Tu
166 2316 235 2373 ergo
250 2300 450 2359 animadverte
463 2318 641 2369 sermonem,
986 2299 1021 2355 lit
1035 2315 1123 2370 super
1137 2299 1277 2358 articulos
1292 2319 1435 2359 manuum
1452 2321 1593 2361 mearum.

144 2378 173 2429 et
189 2370 318 2445 intellige
332 2372 484 2431 visionem.
986 2370 1020 2427 lit
1034 2370 1107 2427 dixit
1121 2371 1156 2428 ad
1173 2387 1237 2428 me:
1255 2374 1364 2442 Daniel,
1381 2374 1425 2430 vir
1441 2375 1665 2444 desideriorum,

105 2443 302 2570 Septuaginta
325 2442 526 2501 hebdomades
550 2443 723 2501 abbreviata
748 2450 818 2501 sunt
842 2461 932 2517 super
1020 2441 1152 2568 intellige
1166 2444 1262 2514 verba,
1279 2462 1343 2519 quae
1359 2462 1413 2518 ego
1435 2446 1539 2520 loquor
1553 2448 1590 2505 ad
1605 2452 1644 2519 te,
1660 2451 1690 2505 et
1716 2451 1762 2507 sta
1776 2447 1808 2506 in

143 2531 220 2590 popu
236 2531 286 2571 om
305 2517 435 2573 tuamet
455 2531 546 2589 super
564 2517 665 2573 urbem
682 2521 814 2573 sanctam
836 2520 931 2588 tuam,
1057 2529 1110 2586 gra
1133 2518 1235 2571 utuo:

144 2595 176 2643 ot
196 2594 387 2643 consumetur
410 2588 621 2660 prevaricatio,
643 2593 672 2644 et
693 2588 782 2645 linem
807 2590 932 2662 accipiat
1021 2601 1100 2640 nunc
1114 2585 1193 2640 enim
1209 2585 1320 2643 missus
1336 2604 1402 2643 sum
1418 2589 1454 2645 ad
1470 2594 1508 2645 te.

219 2664 363 2728 secatum,
985 2656 1117 2736 Cumque
1132 2657 1254 2714 dixisset
1272 2658 1343 2714 mibi
1359 2676 1526 2718 sermonem
1543 2661 1647 2733 istum,
1661 2662 1728 2718 steti
1748 2666 1807 2721 tre·
1912 2714 1916 2731 ‚

106 2731 145 2786 Et
159 2676 292 2786 defeatur
309 2728 462 2803 iniquitas,
1056 2743 1149 2811 meas.
1294 2798 1299 2808 ι

144 2808 174 2858 et
187 2801 352 2858 adducatur
361 2802 481 2873 justitia
496 2801 686 2874 sempiterna,
986 2799 1022 2856 Et
1036 2802 1077 2854 art
1090 2799 1126 2854 ad
1143 2815 1188 2855 me
1202 2815 1209 2855 τ
1225 2799 1290 2856 Noli
1306 2804 1443 2869 metuere,
1458 2804 1581 2860 Daniel:

106 2874 142 2930 iit
157 2873 315 2946 impleatur
328 2872 412 2942 meio,
425 2878 454 2929 et
468 2873 653 2945 prophetia¹,
1022 2871 1092 2943 quia
1105 2886 1140 2926 ex
1155 2870 1202 2927 die
1217 2871 1323 2944 primo,
1339 2889 1397 2946 quo
1412 2875 1537 2947 posuisti
1548 2891 1598 2932 cor
1612 2879 1697 2933 tuum
1708 2877 1745 2933 sd
1760 2876 1807 2933 in·

144 2951 175 3001 et
189 2949 317 3016 ungatur
330 2948 455 3001 Sanctus
469 2951 650 3002 sanctorum.
1057 2940 1259 3014 telligcndum,

106 3017 188 3074 Scito
201 3033 281 3098 ergo,
294 3020 324 3072 et
338 3017 555 3072 animadverte:
685 3086 691 3099 ⁸
945 3050 967 3119 C
1024 3015 1054 3068 ut
1069 3018 1097 3069 te
1112 3013 1257 3096 allligeres
1271 3014 1302 3071 in
1316 3020 1474 3088 conspectu
1488 3017 1539 3074 Dei
1556 3019 1611 3090 tui,

145 3089 190 3144 Ab
204 3094 281 3144 exitu
296 3088 453 3157 sermonis,
469 3088 623 3144 utiterum
638 3086 799 3144 addicetur
811 3086 930 3145 Jerusa·
1021 3085 1159 3141 exaudita
1173 3089 1243 3140 sunt
1256 3087 1344 3142 verba
1358 3092 1427 3145 tua:

180 3159 250 3227 lem,
268 3161 412 3232 usquead
428 3159 577 3216 Christum
593 3161 710 3226 ducem,
1020 3162 1048 3212 et
1062 3172 1115 3227 ego
1131 3156 1195 3211 veni
1211 3163 1329 3230 propter
1343 3175 1491 3216 sermones
1502 3166 1579 3218 tuos.

145 3231 345 3288 hebdomades
370 3238 495 3303 septem,
512 3238 542 3287 st
558 3230 757 3288 hebdomades
781 3229 934 3304 sexaginta
985 3228 1124 3298 Princeps
1148 3232 1247 3284 autem
1277 3231 1357 3302 regni
1379 3231 1532 3288 Persarum
1549 3233 1656 3289 restitit
1678 3232 1750 3290 mibi
1765 3233 1808 3291 vi·

183 3304 247 3358 dum
260 3307 367 3359 erunt:
1055 3299 1129 3371 gioti
1145 3304 1174 3354 et
1185 3316 1243 3356 uno
1258 3300 1373 3368 diebus,

105 3373 144 3431 lle
158 3391 279 3431 rursum
291 3372 485 3430 edificabitur
500 3372 607 3444 platea,
1019 3375 1048 3427 et
1063 3386 1127 3426 ecce
1138 3370 1260 3427 Michael
1280 3389 1358 3429 unus
1369 3374 1405 3430 de
1414 3373 1599 3447 principibus
1610 3376 1715 3449 primis
1729 3376 1809 3436 venit

145 3451 174 3502 et
190 3446 266 3501 muri
282 3447 312 3502 ia
328 3446 468 3518 angustia
479 3449 658 3517 temporum.
1056 3442 1086 3497 iu
1102 3443 1282 3514 adjutorium
1296 3460 1403 3511 meum,

107 3517 144 3574 iit
155 3525 221 3590 post
231 3517 431 3574 hebdomades
446 3517 598 3589 sexaginta
609 3516 684 3573 duas
694 3514 845 3573 occidetur
854 3514 934 3572 Chri·
1020 3517 1049 3568 el
1063 3529 1117 3585 ego
1133 3515 1261 3571 remansi
1276 3515 1315 3572 ibi
1327 3517 1413 3588 Juxta
1428 3533 1525 3590 regem
1541 3520 1709 3579 Persarum.

179 3595 245 3645 stus
257 3605 264 3643 :
984 3583 1176 3669 Veniautem,
1188 3591 1222 3641 ut
1231 3587 1364 3644 docerem
1376 3594 1475 3661 sequa
1486 3597 1610 3650 ventura
1620 3591 1807 3667 suntpopulo

144 3664 174 3716 ct
186 3676 244 3716 non
260 3659 316 3715 erit
335 3659 437 3731 ejus¹:
1055 3661 1106 3712 tuo
1123 3673 1152 3712 1n
1170 3659 1351 3727 novissimis,
1368 3661 1483 3730 diebus,

108 3735 143 3787 Et
157 3731 304 3788 civitatem
320 3736 348 3787 et
362 3731 563 3788 sanctuarium
579 3730 737 3805 dissipabit
752 3729 879 3803 papulus
1021 3729 1159 3799 quoniam
1176 3728 1272 3784 adbuc
1287 3730 1360 3785 visio
1376 3732 1406 3787 in
1422 3732 1493 3787 dies.

145 3818 213 3858 com
232 3805 307 3859 duce
322 3810 463 3859 ventum:
985 3799 1117 3870 Cumque
1128 3798 1156 3854 la
1180 3805 1298 3856 uerotur
1312 3802 1384 3855 mihi
1400 3801 1605 3873 hujuscemodi
1620 3804 1730 3876 verbis,

108 3875 146 3931 Et
160 3874 232 3930 linis
245 3875 310 3945 ejus
325 3875 458 3944 vastitas,
1021 3870 1110 3940 dejeci
1125 3814 1239 3926 vuqlum
1252 3887 1350 3927 meum
1367 3873 1401 3927 ad
1418 3878 1537 3944 terram,
1553 3879 1583 3930 st
1596 3875 1685 3931 lacui.

147 3952 177 4003 ct
194 3951 262 4017 poet
276 3945 364 4002 finem
375 3944 444 4002 belli
457 3948 568 4002 statuta
582 3943 734 4002 desolatio.
985 3941 1020 3997 iit
1034 3957 1100 3998 occe
1116 3943 1201 4013 quasi
1224 3942 1387 3999 similitudo
1403 3945 1455 4000 lilii
1472 3944 1602 4002 hominis
1618 3946 1716 4020 tetigit
1730 3945 1808 4004 labis

108 4016 303 4074 confirmabit
319 4023 418 4073 autem
436 4024 553 4089 pactum
567 4017 668 4073 multis
679 4014 863 4072 hebdomada
875 4030 934 4070 una
1059 4028 1124 4068 maa

144 4095 174 4145 et
190 4089 218 4143 iu
244 4087 366 4144 dimidio
382 4089 575 4145 hebdomadis
590 4088 703 4144 deficiat
724 4087 821 4144 hostia
834 4093 863 4143 et
886 4104 933 4143 sa·
1021 4089 1050 4140 et
1065 4084 1198 4156 apericus
1213 4100 1246 4141 os
1262 4102 1360 4141 meum
1374 4086 1489 4143 loculus
1504 4104 1583 4154 sum,

103 4198 110 4207 .
185 4159 347 4217 crilicium:
1021 4160 1050 4212 el
1066 4155 1125 4211 dixi
1138 4156 1174 4212 ad
1189 4172 1257 4213 eum
1271 4158 1321 4229 qui
1338 4160 1434 4214 stabat
1449 4165 1552 4215 contra
1568 4177 1629 4217 me:

107 4230 144 4287 Iit
157 4229 188 4286 in
204 4231 313 4303 templo
327 4230 382 4287 erit
392 4230 571 4287 abominatio
584 4227 791 4287 desolationis:
985 4227 1108 4285 Domine
1125 4226 1176 4297 mi,
1201 4228 1230 4284 in
1248 4229 1360 4286 visione
1376 4235 1426 4286 tua
1439 4230 1589 4289 dissolutae
1604 4237 1674 4290 sunt
1689 4247 1809 4304 camps-

144 4306 280 4386 eiusque
308 4303 343 4359 ad
359 4303 643 4360 consummationem
658 4306 688 4359 et
702 4302 790 4359 linem
805 4316 934 4374 perseve·
1058 4315 1108 4372 ges
1124 4315 1205 4367 mare,

182 4374 258 4430 rabit
272 4373 424 4431 desolatio.
1021 4374 1050 4426 el
1066 4370 1138 4426 nihil
1153 4371 1183 4426 ia
1200 4386 1246 4426 me
1262 4372 1404 4429 remansit
1418 4373 1532 4430 virium.

104 4444 196 4518 (l's'sio
210 4447 261 4517 X.)
277 4444 527 4518 AnnotsrlioCyri
543 4445 619 4518 regis
629 4450 795 4513 Persarum,
809 4444 933 4501 verbum
949 4429 971 4496 D
988 4441 1020 4498 ll:
1041 4443 1188 4515 quomodo
1204 4444 1311 4514 poterit
1325 4459 1427 4501 servus
1443 4445 1553 4502 Domini
1571 4446 1627 4504 mei
1640 4445 1721 4520 loqui
1741 4461 1810 4504 cum

145 4516 306 4574 revelatum
335 4523 381 4575 est
407 4516 521 4574 Danieli
558 4524 751 4589 cognomento
787 4515 936 4574 Baltassar
1060 4514 1184 4570 Domino
1197 4513 1286 4571 meo?

146 4591 175 4644 et
189 4590 310 4645 verbum
326 4604 438 4658 verum,
455 4598 484 4645 et
497 4588 636 4645 fortitudo
652 4603 779 4663 magna:
1025 4584 1099 4641 nibil
1115 4585 1238 4642 enimin
1255 4602 1302 4642 me
1317 4588 1460 4643 remansit
1472 4588 1591 4659 virium,

106 4657 315 4734 intellexitque
332 4675 519 4719 sermonem:
1025 4657 1074 4713 sed
1091 4660 1121 4712 et
1135 4656 1245 4712 balitus
1260 4673 1358 4714 meum
1375 4658 1592 4716 intercluditur.

145 4731 341 4806 intelligentia
356 4733 435 4788 anim
452 4748 526 4803 opus
540 4736 586 4789 sel
599 4731 629 4788 in
644 4730 765 4788 visione.
989 4730 1118 4785 Rursum
1133 4744 1202 4800 ergo
1217 4729 1313 4800 tetigit
1328 4744 1374 4786 ms
1390 4733 1472 4802 quasi
1487 4731 1561 4790 visio
1576 4732 1718 4801 hominis,

107 4800 142 4858 lu
159 4803 263 4860 diebus
278 4803 337 4861 iilis
350 4820 403 4877 ego
415 4802 513 4860 Daniel
528 4803 665 4876 lugebam
676 4800 935 4859 triumbebdoma·
1024 4805 1054 4856 et
1068 4799 1243 4856 confortavit
1258 4817 1315 4871 mc,
1331 4805 1360 4856 et
1373 4801 1468 4859 dixit:

183 4874 286 4931 darum
303 4876 429 4932 diebus:
988 4869 1051 4928 Noli
1069 4871 1182 4936 timere,
1197 4872 1242 4927 vir
1257 4871 1470 4931 desideriorum
1485 4891 1492 4930 ε

146 4959 252 5016 panem
268 4947 495 5005 desiderabilem
508 4961 566 5002 non
582 4944 708 5014 comedi,
1061 4959 1117 5014 pax
1132 4943 1206 4998 tibi:

145 5021 175 5072 et
186 5032 254 5075 caro
268 5022 299 5075 et
324 5019 426 5077 vinum
443 5034 501 5075 non
530 5017 706 5074 introierunt
720 5017 749 5072 in
766 5031 798 5073 cs
814 5029 934 5084 meum:
1025 5015 1200 5083 confortare,
1215 5017 1244 5070 et
1259 5017 1323 5070 asto
1339 5014 1490 5075 robustus.

145 5234 205 5288 ¹ln
235 5232 395 5305 Regioms.
422 5233 523 5290 codice
551 5232 712 5289 bibliorum
741 5241 767 5288 et
787 5231 937 5301 impleatur
1025 5225 1321 5283 'Subaudiendahic
1337 5231 1480 5301 suntque
1496 5228 1710 5301 suppleaturin
1726 5226 1815 5286 editis

104 5303 181 5360 sisio
197 5314 223 5360 st
236 5305 392 5376 propdeles.
403 5305 436 5361 la
451 5321 485 5361 eo
497 5310 607 5370 autem,
623 5320 711 5376 quern
720 5304 751 5359 S.
769 5302 866 5359 albini
878 5314 936 5358 aa·
991 5315 1023 5355 ac
1040 5296 1177 5370 pluribus
1203 5314 1275 5365 mss,
1303 5297 1399 5381 libris,
1415 5316 1522 5372 nempe
1544 5301 1661 5383 populas
1675 5299 1725 5373 qus'
1746 5315 1816 5356 eam

105 5375 283 5447 degavensis
295 5376 425 5433 diximus
440 5394 541 5458 supra,
558 5377 635 5432 idem
652 5374 771 5447 legitur,
796 5374 847 5430 sed
865 5389 935 5429 casu
988 5374 1139 5442 nepotursss
1167 5377 1224 5425 est:
1242 5384 1310 5426 nam
1328 5387 1357 5426 rn
1373 5370 1494 5427 Hebraeo
1523 5371 1597 5427 uthrl
1625 5371 1705 5428 aliud
1732 5370 1815 5443 legas

104 5446 228 5575 Elffllip
243 5451 269 5503 0³
289 5449 439 5532 {ludimur
458 5463 529 5504 ”²⁸²⁰
543 5455 569 5503 ⁶¹
583 5446 739 5529 PV⁰PW2
753 5444 938 5529 3¹⁰mP¹⁸fi⁸
990 5463 1094 5532 praeter
1108 5457 1177 5525 ists,
1200 5441 1230 5518 lb
1245 5466 1304 5547 ΓΜ
1327 5473 1396 5515 seen
1421 5460 1456 5527 lo,
1474 5458 1502 5515 id
1518 5464 1563 5516 cst
1575 5462 1602 5515 et
1615 5476 1671 5517 noa
1690 5459 1727 5530 ci,
1753 5460 1817 5519 siva

129 5534 247 5585 anonis,
263 5521 370 5590 sinque
380 5519 573 5591 quamplures
590 5534 663 5575 mss.
676 5519 791 5575 codices
807 5520 938 5573 retinent
988 5551 1016 5603 a
1037 5562 1093 5603 mm
1106 5547 1178 5617 eju„
1194 5545 1241 5601 eui
1259 5551 1401 5603 consonat
1417 5546 1525 5618 Regius
1539 5547 1641 5615 codex.
1656 5564 1744 5621 quem
1760 5547 1816 5606 hoo

107 5589 543 5717 quffffiflioz‘fflifflfflffissff·
636 5686 642 5699 .
690 5660 708 5674 ..
922 5687 935 5701 ·
990 5618 1053 5674 loco
1069 5617 1277 5673 secutieumus
1293 5623 1395 5692 utpote
1413 5622 1535 5691 patrum
1551 5619 1588 5675 ab
1603 5620 1682 5675 omni
1698 5620 1817 5678 addita·

340 5671 469 5719 emmer
487 5661 709 5734 propheto,aln
732 5660 851 5729 habent,
866 5673 920 5732 pro
990 5693 1100 5747 mento·
1633 5694 1728 5748 nm,

104 5729 214 5807 phetes,
232 5732 263 5790 in
278 5731 398 5791 liebrso
414 5738 514 5791 autem
528 5744 607 5796 retu.
