3878 6150
91 196 151 253 eea
688 198 980 257 nannetensium
998 198 1213 257 unornane.
1637 258 1641 265 ,
1752 198 1808 255 ase
1873 176 1878 183 “

94 322 170 380 Dece
185 335 240 392 ego
253 318 397 377 Dominus
411 317 490 376 Deus
506 317 649 377 universe
663 320 761 379 carnis
778 337 785 376 :
939 324 967 391 A
1016 323 1051 380 de
1066 340 1125 396 qua
1140 338 1191 382 vos
1206 323 1313 393 dicitis,
1327 324 1405 397 quod
1420 323 1536 382 deserta
1552 323 1602 386 rit.

135 391 272 465 nunquid
287 390 360 447 mibi
376 390 495 448 diillcils
510 392 567 448 erit
581 408 668 451 omne
683 393 827 450 verbum?
1017 410 1050 451 eo
1065 396 1141 465 quod
1157 412 1214 452 non
1231 394 1405 452 remanserit
1419 395 1507 452 bomo
1522 400 1552 452 et
1561 397 1745 468 jumentum.

133 465 292 537 Propterea
308 463 370 519 baec
385 463 457 520 dicit
471 462 615 521 Dominus
631 482 638 520 :
1014 471 1043 523 et
1057 468 1126 523 deta
1141 468 1177 523 sit
1194 468 1222 523 in
1240 484 1329 524 manu
1343 467 1557 526 chaldeorum.

97 538 171 594 Ecce
188 552 241 608 ego
256 536 368 592 tradam
394 535 541 592 civitatem
556 535 644 593 istam
669 535 699 593 in
715 536 924 612 manusQChal·
979 539 1048 611 Agri
1062 545 1197 594 ementur
1212 541 1347 610 pecunia,
1362 546 1390 595 et
1405 541 1573 596 scribentur
1587 539 1616 593 in
1633 538 1719 594 libro.

172 609 318 674 deornm,
1015 615 1044 666 et
1059 609 1245 682 imprimetur
1260 613 1378 684 signum
1394 612 1447 683 (At.
1465 610 1706 684 signaculuml,et
1720 608 1806 665 testis

134 683 164 736 et
179 680 209 735 in
226 695 333 734 manus
348 678 604 751 regisDabylonis,
1051 681 1260 750 adhibebitur;

133 757 163 809 et
178 751 275 822 capiet
290 766 366 815 eam,
1015 752 1043 807 in
1061 759 1137 809 terra
1151 755 1314 824 Beniamin,
1332 756 1361 810 ct
1375 753 1405 810 in
1431 753 1557 811 circuitu
1580 751 1756 823 Jerusalem,
1774 752 1803 808 iu

98 819 924 894 Dt¹venienttlbaldaipraeliantesedvcrsusnrbembanc,
979 825 1148 881 civitatibus
1161 828 1250 891 tuda,

97 896 132 951 Dt
147 894 330 952 succendent
343 909 406 950 eam
424 893 495 966 igni,
511 899 540 949 et
553 894 729 950 comburent
742 910 817 957 eam,
1015 902 1044 952 et
1059 898 1088 951 in
1105 894 1272 953 civitatibus
1284 896 1445 966 montanis,

132 974 162 1023 et
177 967 292 1034 dumos,
310 966 340 1021 in
366 982 510 1037 equorum
528 965 695 1022 domatibus
720 966 926 1022 sacrificabunt
1016 970 1044 1023 in
1061 968 1228 1024 civitatibus
1242 969 1469 1040 campestribus,

170 1036 261 1104 Baal;
1015 1045 1045 1096 et
1058 1039 1087 1094 in
1103 1040 1271 1096 civitatibus
1286 1056 1351 1110 qua
1366 1041 1401 1096 sd
1418 1043 1552 1097 austrum
1567 1042 1638 1094 sunt
1653 1054 1661 1094 z

133 1106 674 1165 etlibabantdiisalienialibaminaad
687 1108 924 1164 irritandummc.
979 1111 1052 1178 Quia
1067 1119 1232 1169 convertam
1248 1129 1281 1167 oa
1305 1112 1448 1168 tivitatem
1465 1126 1577 1173 eorum,
1590 1111 1631 1166 ait
1647 1108 1803 1165 Dominus.

97 1182 189 1236 Erant
203 1179 282 1236 enim
297 1179 349 1234 tilii
364 1180 466 1246 israel,
484 1186 512 1235 et
527 1178 579 1235 iiiii
594 1178 683 1247 tuda,
979 1188 1057 1256 (Gap.
1073 1183 1216 1255 xxxin).
1232 1184 1265 1239 et
1279 1128 1389 1240 llctum
1412 1190 1456 1241 est
1477 1182 1597 1241 verbum
1622 1180 1739 1237 Domini
1763 1181 1800 1237 ad

130 1251 400 1379 jugeiggggplcgesrpltgs
418 1250 529 1308 malum
544 1250 574 1308 in
599 1251 691 1308 ocum
706 1252 780 1308 meis
801 1252 838 1306 ab
853 1252 925 1308 udo·
1015 1254 1429 1384 cuffirgdnliigilincllfigillgosssset
1444 1326 1473 1382 in
1500 1324 1576 1382 atrio
1602 1323 1729 1381 carceris
1756 1322 1785 1378 dl

386 1366 392 1379 ι
1732 1364 1740 1394 y
1789 1353 1802 1365 “

97 1394 167 1451 Filii
187 1395 287 1459 lsrael,
1050 1414 1142 1454 cens:

133 1466 188 1539 qni
204 1483 298 1538 usque
313 1466 627 1522 nuncexaoerbantme
639 1465 668 1521 in
684 1482 771 1538 opere
783 1481 924 1521 manuum
979 1469 1045 1526 tter
1060 1469 1130 1525 dicit
1141 1469 1285 1526 Dominus

170 1554 305 1604 suarum,
321 1537 392 1592 dicit
407 1536 559 1619 Dominus.
603 1609 608 1619 ι
1016 1541 1065 1613 qui
1082 1541 1212 1599 tacturus
1228 1548 1283 1609 est,
1297 1546 1326 1598 et
1340 1541 1523 1597 formaturus
1537 1537 1624 1607 illud,
1639 1545 1669 1596 et
1683 1541 1803 1612 paratu·

94 1608 173 1673 Quia
195 1609 224 1665 in
249 1611 346 1665 lurore
370 1613 442 1665 et1n
465 1609 668 1682 indignatione
691 1625 757 1666 mea
781 1610 859 1665 iacta
881 1611 927 1666 est
1051 1629 1111 1675 rus,

172 1681 247 1736 mihi
263 1682 365 1737 civitas
381 1681 452 1745 bec,
942 1696 966 1763 Β
1019 1686 1158 1740 Domina
1174 1701 1279 1741 nomen
1295 1685 1371 1757 ejus.

136 1768 153 1810 e
169 1752 507 1825 diequaaedisscaverunt
518 1768 691 1824 eamusque
702 1752 738 1808 ad
751 1751 925 1809 diemistam
981 1756 1082 1813 Clamo
1096 1757 1132 1811 ad
1149 1773 1205 1823 me,
1221 1762 1249 1812 et
1264 1757 1418 1813 exaudiam
1434 1760 1463 1811 te
1480 1771 1487 1810 ε

135 1841 197 1896 qua
239 1824 385 1881 auferetur
426 1823 478 1895 (ti.
509 1824 652 1897 aufertur)
688 1825 724 1881 de
765 1828 925 1896 conspectu
1016 1833 1044 1883 et
1060 1829 1241 1884 annuntiabo
1256 1829 1309 1885 tibi
1324 1827 1459 1901 grandia,
1472 1832 1502 1884 et
1516 1826 1601 1882 itrma
1617 1840 1682 1897 que
1696 1823 1803 1882 nescis.

174 1913 248 1951 nico.
980 1902 1053 1967 Quia
1067 1899 1128 1955 boec
1143 1899 1214 1955 dicit
1224 1900 1453 1957 DominusDeus
1467 1898 1554 1954 lsrael
1565 1898 1709 1953 indemne
1722 1896 1804 1953 urbis
1844 1924 1849 1937 =

93 1965 219 2038 Propter
236 1966 379 2022 malitiam
392 1965 521 2022 tiliorum
538 1966 638 2036 Israel,
654 1972 684 2024 et
700 1967 826 2023 illiorum
837 1966 925 2036 Juda,
1050 1970 1152 2043 hujus,
1169 1972 1246 2028 etad
1265 1974 1369 2028 domos
1387 1970 1461 2041 regis
1475 1971 1563 2041 luda,
1576 1970 1803 2042 quedcstructoe

133 2054 225 2110 quam
242 2040 374 2095 lecerunt
396 2038 432 2094 ad
449 2038 634 2095 iracundiam
650 2055 698 2096 me
723 2044 925 2111 provocantes,
1051 2049 1133 2109 sunt,

133 2110 191 2182 ipsi
207 2116 333 2183 strages
349 2126 461 2178 eorum,
977 2116 1007 2171 et
1022 2113 1057 2170 ad
1074 2112 1298 2177 munitiones,st
1313 2112 1348 2169 ad
1364 2112 1496 2185 gladium
1510 2111 1743 2179 venientium,ut
1758 2110 1806 2167 di·

135 2182 283 2254 principes
311 2199 425 2252 corum,
455 2186 484 2237 ct
512 2182 691 2250 sacerdotes,
721 2187 750 2239 et
778 2180 924 2255 prophete
1051 2185 1160 2242 micent
1175 2201 1241 2240 cum
1257 2182 1411 2251 Chaldaeis,

171 2271 285 2320 eorum,
1014 2262 1043 2313 et
1057 2258 1199 2329 impleant
1214 2273 1264 2313 eas
1280 2256 1471 2312 cadaveribus
1483 2254 1650 2324 bominum,

132 2324 187 2381 viri
202 2325 281 2382 luda
295 2328 324 2380 et
339 2323 519 2381 habitatores
535 2325 710 2394 Jerusalem,
1014 2345 1088 2400 quos
1096 2328 1226 2402 percussi
1236 2328 1441 2384 iniuroremeo
1448 2324 1804 2400 etinindignationemeu,

94 2396 132 2453 Dt
146 2399 297 2453 verterunt
312 2397 347 2452 ad
364 2412 412 2452 me
427 2402 509 2469 terga
524 2404 552 2453 st
568 2414 624 2454 nou
642 2398 730 2454 iacies
750 2413 757 2452 ε
1014 2401 1200 2457 abscondens
1215 2400 1318 2457 taciem
1337 2415 1444 2466 meam,
1462 2416 1478 2454 a
1493 2397 1610 2455 civitate
1624 2397 1696 2464 hac3

134 2486 203 2525 cum
219 2470 354 2525 docerem
370 2484 419 2524 eos
434 2468 575 2540 diluculo,
587 2473 616 2525 et
631 2470 790 2535 erudirem,
1014 2479 1133 2545 propter
1148 2487 1266 2528 omnem
1282 2470 1426 2527 malitiam
1442 2486 1543 2527 eorum
1560 2485 1568 2525 ι

132 2545 162 2597 et
177 2540 290 2598 nollent
305 2541 416 2610 audire,
433 2545 466 2595 ut
482 2541 541 2596 acci
565 2546 648 2597 erent
664 2539 862 2612 disciplinam.
978 2544 1048 2601 Duce
1063 2560 1116 2617 ego
1131 2544 1277 2599 obducam
1302 2543 1345 2600 eis
1368 2542 1533 2599 cicatricem
1550 2544 1579 2598 et
1593 2537 1761 2608 sanitatem,
1776 2540 1806 2594 et
1901 2618 1905 2631 1

94 2611 132 2668 m
147 2618 311 2685 posuerunt
325 2611 403 2668 idola
418 2628 473 2667 sua
486 2611 516 2668 in
553 2613 738 2685 omniaque
756 2613 922 2669 invocatum
1049 2615 1156 2672 curabo
1172 2631 1245 2672 eos:
1711 2678 1718 2693 ⁶

173 2689 217 2740 est
232 2701 339 2740 nomen
356 2699 465 2753 meum,
1012 2690 1042 2743 et
1057 2686 1190 2742 revelabo
1200 2685 1502 2758 itiisdeprccationem
1519 2684 1600 2757 pacis
1614 2686 1644 2737 et
1659 2680 1803 2737 veritatis.

133 2760 167 2811 nt
201 2756 346 2813 olluorent
360 2771 436 2811 eam.
978 2758 1013 2814 Et
1027 2764 1192 2814 convertam
1208 2758 1427 2815 conversionem
1441 2756 1457 2812 J
1462 2757 1569 2823 uda,et
1581 2751 1803 2811 conversionem

94 2773 922 2901 EteillficavaruntexcelsaBaal‚quaesuntinvallslilii
1047 2828 1236 2886 Jerusalem:
1444 2898 1450 2910 .
1493 2896 1532 2912 ..

169 2899 295 2966 Ennom,
1012 2904 1041 2957 et
1055 2901 1205 2958 edificabo
1217 2917 1267 2957 eos
1283 2900 1360 2957 sicut
1375 2917 1392 2955 a
1407 2912 1562 2970 principio,
1863 2960 1867 2969 Ι

134 2974 167 3025 nt
183 2971 334 3027 initiarent
349 2969 425 3026 lilius
439 2986 510 3026 euos
524 2972 553 3024 et
570 2968 730 3026 illias'snas
744 2969 859 3027 Moloch
878 2987 884 3026 :
976 2972 1012 3029 Dt
1026 2972 1192 3029 emundabo
1209 2972 1274 3028 illos
1289 2972 1326 3028 ab
1342 2971 1422 3028 omni
1438 2969 1595 3042 iniquitate
1609 2982 1674 3034 sua,
1685 2966 1714 3022 ln
1730 2979 1803 3038 quas

92 3042 177 3109 Quod
192 3059 249 3098 non
267 3041 400 3099 mandavi
417 3042 470 3105 eis,
482 3057 534 3096 nec
551 3040 683 3097 ascendit
696 3041 727 3097 in
743 3058 793 3099 cor
807 3059 918 3112 meum,
939 3065 961 3133 C
1051 3049 1245 3118 peccaverunt
1260 3043 1333 3099 mibi
1350 3060 1357 3099 z
1499 3111 1505 3122 ι
1552 3108 1559 3123 ,

168 3119 200 3169 nt
215 3115 344 3170 iacerent
356 3112 606 3169 abominationem
624 3113 711 3185 hanc,
1016 3119 1045 3172 ot
1060 3116 1204 3243 propitius
1218 3132 1267 3172 ero
1283 3114 1398 3171 cunctis
1413 3109 1618 3184 iniquitatibus
1634 3124 1749 3176 eorum,

130 3185 205 3241 etin
222 3191 372 3258 peccatum
389 3184 566 3241 deducerent
580 3185 699 3241 ludam.
1013 3188 1043 3243 in
1059 3187 1109 3260 qui
1134 3205 1168 3244 us
1181 3188 1370 3259 deliquerunt
1386 3185 1469 3252 milii,
1484 3187 1512 3240 et
1526 3188 1697 3253 spreverunt
1710 3196 1766 3237 me.

93 3261 129 3312 Et
143 3274 224 3313 nunc
242 3262 358 3329 propter
374 3257 441 3321 ista,
458 3256 518 3312 haec
534 3257 606 3313 dicit
620 3257 760 3313 Dominus
776 3257 850 3313 Deus
979 3259 1012 3314 [ti
1027 3260 1083 3315 erit
1099 3259 1171 3314 inihi
1186 3259 1215 3314 in
1230 3261 1286 3329 (lt.
1299 3264 1368 3315 lucet
1383 3257 1423 3321 int
1440 3258 1590 3322 nomen,et
1604 3253 1633 3308 in
1650 3251 1803 3333 gaudium,

168 3328 257 3385 lsrael
274 3329 309 3384 ad
327 3328 474 3384 civitatem
490 3328 576 3383 hanc.
1013 3336 1042 3387 et
1058 3331 1087 3386 in
1104 3330 1234 3399 landem,
1249 3336 1277 3387 et
1292 3333 1322 3386 in
1339 3327 1565 3386 exsultationem
1580 3324 1696 3381 cunctis
1711 3326 1805 3395 genti·

167 3402 205 3456 de
220 3417 279 3472 qua
294 3416 345 3456 vos
359 3400 457 3455 dicitis
473 3400 550 3470 qnod
567 3401 700 3456 tradetur
715 3399 922 3471 (Attradatur)
1050 3403 1105 3459 bus
1120 3408 1214 3467 terra,

148 3472 197 3597 tin
214 3487 320 3528 manus
334 3472 411 3544 regis
426 3470 583 3544 Babylonis
597 3472 625 3527 in
634 3471 776 3545 gladio,et
786 3472 816 3527 in
833 3472 920 3540 lame,
1013 3491 1078 3548 quse
1093 3473 1243 3530 audierint
1257 3471 1356 3529 omnia
1372 3472 1582 3543 bonaqueego
1593 3468 1726 3525 tacturus
1736 3480 1802 3523 sum

129 3558 146 3598 e
176 3544 205 3599 in
242 3548 327 3600 este:
1048 3546 1114 3602 eis:

94 3616 167 3671 Dece
190 3560 243 3688 egli
267 3614 447 3698 congregabo
471 3629 520 3670 cos
542 3613 577 3670 de
603 3614 749 3670 universis
771 3615 870 3681 terris,
885 3615 921 3670 ad
977 3617 1011 3673 Et
1028 3618 1185 3690 pavebunt,
1206 3620 1235 3672 et
1257 3614 1458 3671 turbabuntur
1482 3611 1513 3669 in
1536 3610 1683 3669 universis
1706 3607 1801 3677 bonis,

171 3703 246 3759 quas
260 3688 333 3758 ejeci
355 3702 404 3743 eos
419 3687 447 3742 in
464 3686 561 3742 lurore
585 3703 660 3757 meo,
676 3690 705 3743 et
731 3686 760 3743 in
787 3688 831 3744 ire
846 3703 921 3753 mea,
1013 3694 1042 3745 et
1056 3690 1085 3745 in
1102 3687 1182 3744 omni
1197 3703 1277 3759 pace,
1290 3703 1379 3758 quam
1397 3702 1450 3759 ego
1468 3684 1571 3741 faciam
1587 3682 1640 3739 cis.

169 3763 198 3814 et
213 3760 242 3815 in
258 3757 460 3831 indignatione
474 3757 591 3830 grandi.
976 3762 1043 3816 Hac
1058 3760 1129 3816 dicit
1142 3759 1285 3816 Dominus
1301 3775 1308 3814 :

132 3831 163 3884 et
178 3831 316 3886 reducam
331 3847 382 3887 eos
398 3830 433 3886 ad
450 3829 546 3886 locum
562 3830 664 3894 istum,
975 3831 1079 3888 Adhuc
1093 3831 1231 3887 audietur
1247 3831 1276 3885 in
1291 3828 1356 3885 loco
1370 3827 1438 3895 isto,
1455 3843 1542 3898 quem
1560 3841 1609 3881 vos
1624 3823 1723 3880 dicitis
1738 3835 1803 3878 esse
1906 3900 1912 3907 .

172 3906 200 3957 et
215 3902 347 3958 babitare
362 3918 410 3959 eos
425 3901 530 3958 inciam
549 3903 738 3959 confidenter.
1047 3904 1209 3970 desertum,

96 3972 131 4027 itt
144 3979 232 4029 erunt
247 3973 319 4030 mibi
336 3974 365 4029 in
381 3973 535 4048 poputum,
1013 3990 1047 4030 eo
1062 3974 1140 4057 quod
1155 3990 1213 4029 non
1227 3972 1267 4028 sit
1280 3971 1381 4037 home,
1395 3985 1448 4026 nec
1460 3969 1644 4039 jumentum,

133 4050 232 4118 elego
247 4061 296 4104 ero
310 4045 394 4101 eisin
411 4049 512 4101 Deum.
1012 4046 1042 4101 in
1056 4045 1235 4112 civitatibus,
1251 4042 1327 4099 Juda
1341 4046 1369 4098 et
1385 4041 1456 4097 loris
1471 4037 1644 4106 Jerusalem,

97 4114 133 4170 Dt
149 4116 225 4173 dabo
241 4117 283 4174 eis
298 4133 348 4174 cor
363 4133 466 4185 unum,
483 4121 512 4172 et
526 4116 603 4172 viem
619 4132 721 4186 unum,
1013 4135 1076 4191 que
1092 4116 1230 4173 desolatae
1245 4120 1315 4171 sunt
1329 4108 1734 4185 absquehomiue,etabsque
1749 4106 1801 4163 be·

134 4192 168 4244 ut
183 4188 305 4245 timeant
321 4205 366 4245 me
382 4189 529 4245 universis
545 4189 648 4244 diebus
665 4204 672 4242 :
1049 4189 1183 4259 bilatere,
1198 4193 1227 4244 et
1241 4188 1293 4243 abs
1316 4203 1352 4242 ue
1368 4200 1480 4258 pecore,

133 4264 164 4317 et
179 4259 254 4317 bone
268 4262 307 4316 sit
321 4261 364 4317 eis
379 4265 408 4316 et
423 4260 492 4317 liliis
507 4277 608 4316 eorum
625 4264 765 4332 postem,
1013 4278 1066 4317 viix
1081 4260 1180 4334 gaudii
1196 4263 1224 4316 et
1239 4204 1424 4326 maletida,

96 4334 131 4387 sst
148 4332 251 4389 leriam
265 4333 308 4389 eis
323 4338 440 4405 pactum
456 4332 680 4404 sempiternum,
1012 4350 1068 4389 vox
1083 4333 1182 4417 sponsi
1199 4337 1228 4388 et
1242 4348 1296 4388 vox
1310 4346 1435 4404 sponsas,

133 4408 163 4459 et
179 4421 236 4461 non
252 4404 385 4460 desinam
401 4404 443 4460 eis
458 4404 648 4460 benefacere:
938 4425 960 4490 D
1012 4422 1067 4461 von
1082 4404 1268 4460 dicentium:
1422 4470 1428 4481 ‚
1626 4464 1631 4477 ⁸

95 4474 132 4529 Et
147 4475 285 4532 timorem
301 4493 400 4532 meum
416 4476 490 4532 dabo
506 4476 536 4531 in
552 4476 639 4532 corde
654 4491 755 4531 eorum
975 4477 1162 4534 Goniitemini
1187 4475 1312 4532 Domino
1336 4473 1527 4537 exercituum,
1542 4480 1683 4539 qnoniam
1703 4463 1801 4520 bonus

133 4552 167 4603 ut
181 4564 239 4603 non
255 4550 423 4604 recedente
439 4564 493 4604 me.
1045 4547 1201 4605 Dominus.

94 4619 132 4671 Bt
147 4618 269 4677 letabor
283 4637 372 4693 super
385 4636 446 4687 eos,
462 4634 529 4676 cum
547 4619 620 4674 bene
634 4617 675 4674 eis
691 4617 795 4684 fecero,
1048 4620 1187 4693 quonism
1204 4619 1234 4673 in
1251 4621 1390 4673 aeternum
1407 4609 1609 4695 misericordia
1623 4609 1688 4693 ejus
1705 4624 1713 4663 z

129 4690 166 4746 Εἰ
186 4691 323 4762 plantabo
338 4708 388 4747 cos
403 4691 431 4746 in
449 4696 523 4748 terra
542 4690 598 4746 ista
613 4690 787 4756 inveritate,
1011 4695 1040 4748 ot
1052 4691 1233 4764 portantium
1249 4692 1316 4744 vota
1330 4687 1360 4742 in
1376 4688 1496 4740 domum
1513 4683 1631 4739 Domini
1647 4697 1655 4736 ι

134 4761 164 4817 in
182 4764 340 4819 totocorde
357 4779 420 4819 meo
435 4768 463 4820 et
477 4763 507 4819 in
522 4768 585 4819 tota
598 4762 696 4819 anima
712 4778 786 4817 mea.
976 4764 1125 4821 Reducam
1140 4763 1219 4820 enirn
1236 4758 1456 4816 conversionem
1468 4760 1555 4838 terre

94 4833 171 4898 Quia
187 4833 334 4891 haecdicit
351 4833 492 4891 Dominus
508 4852 515 4890 ε
1012 4835 1089 4891 sicut
1103 4853 1119 4890 a
1135 4831 1290 4906 principio,
1307 4830 1378 4886 dicit
1391 4827 1546 4884 Dominus.

94 4902 181 4962 Sicut
194 4907 301 4962 adduxi
324 4923 414 4979 super
429 4907 570 4979 populum
595 4904 687 4960 istum
707 4919 793 4960 omno
807 4901 919 4959 malum
977 4908 1041 4963 itaec
1054 4906 1125 4962 dicit
1140 4904 1280 4961 Dominus
1295 4900 1488 4959 exercituum.
1698 4964 1704 4975 ‚

173 4975 228 5034 hou
244 4980 353 5052 grande
371 4995 377 5034 :
975 4978 1078 5035 Adhuc
1093 4977 1148 5034 erit
1162 4977 1192 5032 in
1207 4977 1270 5033 loco
1284 4975 1339 5031 isto
1355 4975 1471 5030 deserto
1491 4970 1605 5042 absque
1626 4967 1755 5033 bomine,
1772 4964 1801 5019 et

132 5048 177 5105 sic
192 5050 336 5107 adducam
361 5065 450 5122 super
463 5065 514 5107 eus
535 5064 622 5105 omne
639 5047 760 5119 bonum,
775 5046 852 5120 quod
868 5061 921 5119 ego
1048 5051 1160 5120 absque
1172 5049 1318 5119 jumento,
1335 5117 1340 5127 Ι
1434 5115 1440 5128 ⁸

169 5120 398 5193 loquaradeos.
1012 5127 1041 5178 et
1057 5122 1086 5178 in
1101 5119 1217 5177 cunctis
1232 5116 1400 5175 civitatibus
1415 5132 1490 5188 ejus,
1545 5183 1552 5197 ‚

93 5192 131 5250 Dt
147 5194 378 5266 possidebuntur
390 5192 452 5266 agri
469 5192 498 5249 in
514 5195 592 5249 terra
605 5191 673 5260 ista,
1012 5192 1214 5251 habitaculum
1230 5196 1381 5265 pasturum
1398 5186 1605 5244 accubantium
1621 5194 1754 5253 gregum.

135 5341 261 5410 ¹lpsum
289 5341 408 5411 prestat
430 5338 576 5394 audires.
594 5338 784 5411 lnterpretem
807 5338 842 5394 de
866 5337 921 5394 huc
978 5335 1225 5395 praemonitiones
1248 5328 1632 5391 cestructaesantnilversum
1650 5325 1800 5391 deitatem,

96 5413 294 5468 disserentem
310 5410 434 5468 lectione
448 5411 478 5469 in
504 5410 665 5466 comment.
683 5428 689 5467 :
707 5432 721 5459 «
738 5409 853 5480 Melius,
871 5411 921 5481 eit,
977 5419 1008 5467 at
1022 5408 1163 5481 cupiatur,
1178 5416 1204 5464 et
1219 5406 1284 5462 artis
1297 5405 1361 5460 doto
1376 5408 1416 5459 est
1432 5406 1463 5459 in
1487 5414 1585 5457 monus
1600 5395 1800 5453 Chaldaeorum.

94 5488 119 5542 Δ
144 5483 264 5555 uilaqui
277 5500 329 5555 pro
340 5498 373 5539 eo
385 5482 462 5554 quod
472 5483 616 5554 scriptum
629 5485 806 5549 estvement,
822 5488 920 5538 trans·
977 5482 1127 5547 Quomodo
1143 5478 1234 5551 igitur
1245 5477 1372 5541 venient,
1385 5475 1434 5548 qui
1452 5476 1610 5557 praesentes
1625 5466 1731 5551 erent‘l
1745 5465 1801 5523 Sed
1914 5520 1918 5529 ,

94 5501 165 5613 tulit
189 5552 400 5620 εἰσελεύσονται,
416 5554 471 5610 hoc
486 5559 541 5619 est,
557 5554 748 5626 iuqredientur
768 5557 920 5611 ciuitatem.
977 5552 1007 5609 hi
1023 5553 1074 5637 qui
1090 5551 1266 5608 obsidebant
1282 5549 1396 5617 urbem,
1420 5546 1623 5620 ingredientur
1648 5543 1756 5612 inquit,
1772 5539 1802 5594 st

94 5626 570 5700 Neqneenimsbsenteserantut
588 5627 732 5691 venirent,
748 5627 855 5698 quippe
871 5627 921 5698 qui
976 5630 1095 5697 sapient
1118 5639 1194 5691 eam,
1219 5626 1248 5679 et
1269 5621 1456 5704 succendent,
1479 5621 1507 5674 et
1522 5617 1566 5700 ‚ad
1589 5584 1683 5672 solum
1706 5624 1800 5693 usqua

95 5700 354 5758 circumdederant
376 5696 564 5755 Jerusalem:
590 5699 662 5755 lunc
685 5700 761 5756 caim
785 5697 922 5755 exercitus
977 5696 1173 5754 comburent:
1189 5694 1404 5752 verbumenim
1423 5689 1598 5747 Hebraieum
1620 5695 1680 5748 itt:
1703 5681 1800 5742 embi-

94 5774 173 5845 raon
199 5771 350 5846 Babylonis
372 5768 512 5828 obsidebat
537 5769 703 5830 imaum.
723 5775 764 5828 Au
791 5769 897 5828 deinde
913 5785 921 5826 r
975 5767 1086 5842 gnitate
1099 5765 1156 5838 sui,
1171 5770 1201 5825 et
1214 5767 1334 5838 uenient,
1349 5767 1378 5823 et
1391 5760 1585 5837 iaqredisatur
1598 5758 1699 5817 senet.
