3870 6120
148 236 215 293 iuri
526 188 528 193 Ι
666 239 695 294 s.
716 238 918 294 maanaim
938 235 1063 291 nivini
1081 233 1328 289 smaiorsacii.
1521 220 1524 225 ’
1782 228 1847 287 itit

184 379 201 419 a
237 361 302 435 laga
317 361 452 419 orientali
464 366 557 433 iisth
568 361 604 417 ad
619 359 733 433 plagam
744 358 965 427 occidentalem,
980 358 1009 425 A
1058 359 1142 429 porta
1156 354 1222 412 Levi
1240 371 1308 411 una.
1523 422 1529 435 ·

216 379 344 491 Iahuton
361 450 430 490 oon.
1022 429 1057 484 lit
1071 428 1107 484 ad
1125 426 1243 509 plagam
1270 423 1453 493 orientalem,
1480 426 1664 497 quingentos
1678 425 1711 480 et
1725 426 1848 497 quatuor

23 552 27 565 .
145 509 181 562 Bt
195 521 283 630 super
297 505 456 562 terminum
472 501 616 569 Zabulon,
1091 497 1207 554 millia:

181 593 198 631 a
214 591 298 648 paga
312 575 447 632 orientali
461 591 556 647 usque
577 575 614 632 ad
639 572 757 648 plagam
777 574 879 645 maris,
903 573 964 629 Gad
1054 573 1084 626 et
1100 574 1189 643 porte
1202 573 1274 635 tres,

216 663 285 702 uria.
1055 647 1139 713 porta
1153 639 1263 724 loseph
1280 656 1350 707 uria,

143 719 178 774 ht
192 734 281 801 super
294 717 453 774 terminum
468 715 542 788 Gud,
558 717 593 772 ad
615 715 733 788 plagam
748 715 841 772 austri
856 716 885 771 in
902 731 963 771 me·
1053 718 1138 786 porta
1161 711 1312 782 tteupamin
1328 727 1399 777 una,

213 789 287 845 ridie
303 806 310 844 :
1053 789 1137 855 porta
1152 784 1215 840 Dan
1231 798 1301 839 una.

177 861 275 917 eterit
289 859 357 916 linis
372 860 409 915 de
422 861 549 915 Thamar
566 856 711 931 usquead
726 873 819 930 aquas
843 862 960 915 contra·
1018 856 1052 911 Et
1067 856 1102 911 ad
1120 854 1237 938 plagam
1254 851 1458 936 meridianam,
1475 850 1657 924 quingentos
1672 853 1705 906 et
1721 853 1847 923 quatuor

212 931 349 988 dictionis
364 931 464 1003 Cades,
1088 925 1181 983 millia
1195 925 1326 981 metieris
1342 941 1349 980 ι

28 1066 31 1071 ,
176 1001 330 1059 hareditas
345 1006 447 1058 contra
462 1017 542 1058 mare
557 1017 710 1074 magnum.
1052 1000 1081 1054 et
1094 1001 1184 1071 porta
1200 1000 1269 1067 tros,

139 1077 206 1131 Hac
220 1078 265 1130 est
278 1079 366 1143 terra,
384 1089 472 1145 quam
496 1072 618 1129 mittetis
637 1072 690 1144 (tt.
707 1071 879 1145 metiemini)
894 1070 923 1127 iii
1051 1075 1136 1141 porta
1151 1068 1300 1124 Simeonis
1315 1081 1385 1135 una,

209 1154 319 1201 sortem
335 1144 472 1200 tribubus
488 1143 578 1200 lsrael
594 1157 602 1198 τ
1051 1146 1136 1212 porta
1151 1138 1287 1195 issachar
1301 1153 1372 1205 una,

172 1219 201 1271 et
216 1216 258 1271 he
275 1217 447 1290 partitiones
462 1232 576 1281 earum,
592 1213 633 1270 ait
648 1212 793 1270 Dominus
807 1213 895 1271 Deus.
1050 1216 1134 1284 porto
1147 1209 1278 1266 Zabulon
1294 1225 1363 1265 una.

136 1286 170 1341 Et
185 1285 214 1342 hi
231 1287 284 1361 (itt.
296 1293 366 1343 tocct
380 1287 421 1359 hi)
440 1303 578 1370 egressus
593 1284 741 1341 civitatis:
1014 1282 1048 1338 itt
1063 1284 1097 1339 nd
1115 1281 1232 1365 plagam
1248 1277 1471 1345 occidentalem,
1483 1276 1669 1350 quingentos
1678 1280 1709 1333 et
1719 1281 1842 1350 quatuor

170 1359 193 1413 Α
220 1359 304 1430 plaga
331 1358 553 1429 septentrionali
581 1357 759 1429 quingentos
778 1359 807 1412 et
833 1357 959 1427 quatuor
1085 1353 1189 1422 millia,
1201 1356 1230 1408 et
1243 1356 1332 1424 portae
1347 1366 1449 1407 eorum
1465 1353 1535 1422 tres,

207 1429 300 1486 millia
315 1430 473 1486 mensuris.
1049 1430 1133 1496 porta
1147 1423 1207 1481 Giid
1224 1438 1292 1490 una,

15 1548 19 1555 .
134 1497 168 1554 ht
181 1508 269 1571 portas
280 1500 445 1558 civitatieIn
462 1499 632 1557 nominibus
652 1498 707 1571 (ll.
724 1514 759 1554 ex
772 1495 956 1568 bominibus)
1048 1501 1132 1569 porta
1147 1499 1217 1552 itaer
1232 1511 1302 1562 una,

204 1573 335 1629 tribuum
352 1570 452 1639 lsrael,
1048 1572 1133 1640 porta
1147 1564 1306 1639 Nephthali
1320 1580 1390 1621 una.
1567 1633 1574 1645 ·

167 1647 257 1713 porta
273 1648 333 1700 tres
348 1659 365 1698 a
379 1641 588 1714 septentrione,
1013 1643 1068 1695 Per
1082 1638 1249 1706 circuitum,
1266 1637 1364 1692 decem
1377 1639 1405 1690 et
1419 1637 1485 1690 octo
1500 1632 1596 1690 millia
1613 1650 1620 1689 :

166 1715 369 1784 portaRuben
386 1731 445 1771 una
969 1730 994 1796 p
1045 1715 1075 1767 et
1102 1725 1219 1767 nomem
1248 1706 1374 1764 civitatis
1400 1722 1434 1762 cx
1460 1703 1512 1761 ille
1541 1705 1599 1774 dic,
1627 1702 1835 1762 Dominosihi·

167 1790 250 1855 porta
263 1787 340 1844 Juda
357 1803 426 1856 une,
1079 1781 1156 1838 dem.

708 1930 829 2003 Explicat
848 1928 920 1989 liber
933 1932 1084 1990 auctarii
1096 1933 1251 2007 prophetet.

127 2082 1824 2112 m

225 2225 377 2313 PRAEF
390 2225 516 2314 itit)
547 2225 592 2314 S.
623 2226 943 2317 HIERONYMI
971 2228 1028 2317 IN
1059 2230 1362 2318 huonieiti
1385 2226 1735 2321 PROPHETAS.

162 2530 224 2587 Non
240 2532 318 2588 idom
334 2531 405 2586 ordo
420 2535 466 2588 est
479 2529 634 2586 duodecim
647 2530 858 2604 prophetarum
870 2532 949 2605 apud
1005 2534 1093 2591 nibus
1109 2535 1205 2592 dicere
1217 2553 1224 2594 ε
1237 2535 1292 2591 hoc
1306 2538 1422 2592 tantum
1443 2551 1504 2605 iios,
1529 2551 1546 2591 0
1570 2534 1665 2591 Paula
1681 2538 1710 2591 et
1732 2535 1818 2591 Eusto-

125 2619 271 2690 Hebraea,
287 2619 338 2692 qui
354 2623 383 2674 et
397 2618 453 2691 (ill.
469 2623 515 2676 est
529 2618 605 2691 apud
630 2621 711 2675 nos¹.
736 2620 819 2677 Unde
843 2636 950 2677 seona·
1008 2623 1108 2680 obium
1121 2624 1142 2692 ⁸,
1157 2623 1326 2681 admonitas
1342 2622 1420 2691 volo,
1436 2641 1529 2682 unum
1544 2624 1657 2683 librum
1673 2641 1736 2683 esee
1759 2624 1818 2680 doo-

124 2706 197 2764 dum
213 2708 241 2763 id
259 2708 336 2780 quod
353 2707 393 2764 ibi
409 2706 948 2780 legitur,hicquoqucdispositIsunt.
1005 2712 1100 2768 decim
1117 2713 1328 2786 prophetarum
1355 2730 1362 2770 :
1389 2717 1418 2770 st
1442 2713 1515 2771 Osee
1542 2711 1698 2789 σύγχρονον
1729 2713 1816 2770 isaia:

123 2795 196 2853 Osce
221 2796 415 2854 commaticus
431 2802 486 2863 est,
502 2799 532 2853 et
550 2796 636 2868 quasi
652 2812 704 2869 per
728 2797 889 2853 sententias
904 2796 950 2854 lo·
1006 2801 1179 2858 Malachiam
1196 2819 1262 2859 vero
1276 2802 1376 2875 hggoi
1391 2806 1420 2859 et
1433 2802 1579 2859 Zacharia
1600 2803 1694 2860 lutose
1717 2808 1813 2875 tempo·

123 2900 228 2958 quens.
244 2886 306 2942 loel
317 2887 463 2959 planusio
476 2884 628 2957 principiis
646 2885 765 2941 :insioe
786 2885 950 2943 ohscurior.
1006 2889 1099 2946 ribus.
1117 2892 1148 2947 ln
1166 2891 1277 2962 quibus
1292 2896 1391 2948 autem
1418 2896 1525 2960 tenpus
1550 2907 1608 2947 non
1635 2893 1782 2965 praefertur
1792 2889 1811 2943 ii

122 2973 161 3030 tlt
173 2991 267 3047 usque
279 2975 315 3030 ad
328 2973 746 3046 Malachiam,habentsinguli
758 2974 951 3046 proprietates
1006 2975 1105 3048 titulo,
1121 2977 1177 3034 sub
1194 2975 1253 3034 illis
1268 2993 1317 3034 eos
1334 2978 1452 3047 regibus
1468 2977 1674 3051 prophetasse,
1689 2978 1743 3035 soh
1762 2975 1812 3050 qii-

124 3063 335 3135 soas¹2quem
359 3063 481 3119 Esdram
497 3060 636 3129 scribam,
653 3061 785 3135 legisque
800 3064 949 3120 doctorem
966 3066 988 3133 c
1007 3065 1063 3120 bus
1078 3068 1106 3120 et
1122 3064 1151 3121 bi
1168 3064 1219 3136 qui
1234 3070 1302 3122 ante
1317 3082 1368 3123 eos
1382 3065 1491 3122 bahent
1505 3064 1620 3136 titulos,
1638 3067 1810 3140 prophetaii·

125 3151 237 3207 Hehraei
251 3155 459 3208 autumentlit
470 3150 540 3224 quia
554 3148 675 3223 longum
691 3155 737 3206 est
752 3166 831 3208 nunc
842 3152 879 3208 de
889 3168 952 3210 om·
1007 3157 1087 3210 runt.

162 3311 295 3368 ¹Scilicet
307 3312 335 3367 in
352 3309 737 3383 Gracisoiiemplaribus,ad
750 3327 876 3382 quorum
888 3316 950 3368 erat
1040 3314 1132 3370 ‘Hac
1147 3314 1244 3379 verba,
1270 3313 1380 3371 Habent
1408 3315 1516 3386 singuli
1538 3317 1726 3388 proprietates
1750 3326 1805 3375 iuri,

127 3387 227 3438 exacta
241 3381 372 3455 regulam
388 3381 949 3455 volgatahatinainterpretatioaecuo-
1005 3384 1104 3440 luxata
1117 3385 1256 3441 videntur
1267 3386 1363 3454 noble,
1380 3389 1409 3442 et
1424 3388 1632 3458 postponenda
1659 3388 1693 3443 ad
1719 3380 1804 3458 periodi

15 3455 17 3461 '
126 3455 181 3509 iliis
196 3459 242 3509 est
256 3462 357 3524 Amos,
374 3455 478 3510 tertius
492 3452 629 3508 tllchoeas
651 3451 947 3525 quartusloel,quin·
1004 3457 1092 3512 sinerii
1109 3459 1196 3512 verbo
1211 3463 1368 3513 antumant.
1394 3457 1476 3513 Certe
1501 3458 1677 3514 concinnior
1699 3455 1803 3514 multost

126 3528 175 3580 tiis
191 3525 310 3592 abdias,
325 3531 424 3609 sextus
434 3525 526 3608 lonas
538 3539 545 3578 :
558 3523 587 3578 in
600 3495 722 3608 requpis
741 3524 947 3594 percensendis
1003 3529 1097 3599 magis
1113 3527 1167 3611 erit
1181 3529 1354 3601 perspicuos
1370 3543 1488 3610 aeneus.
1537 3599 1543 3610 .

38 3632 42 3637 -
125 3595 558 3724 pprmipllptpzppmtaciuutffide
576 3594 775 3666 prolationem
790 3596 946 3652 (himmen-
1036 3598 1187 3655 ⁸Palatin.
1205 3599 1729 3673 ms.corodmoirrtaaactrciiclo,etc.

123 3828 599 3849 m·-

906 3975 1045 4044 INCIPIT

384 4170 651 4324 LIBER
712 4163 950 4324 OSEE
1000 4166 1567 4325 PROPHEIAE.

122 4585 205 4657 (Cup.
222 4587 258 4659 1.)
273 4587 402 4643 Verbum
423 4586 536 4642 Domini
549 4589 569 4656 ¹,
599 4585 677 4655 quod
707 4583 815 4641 iactum
840 4590 883 4641 est
908 4585 943 4640 ad
960 4594 983 4660 Β
1000 4582 1035 4639 Et
1052 4584 1126 4640 diiiit
1141 4585 1281 4642 Dominus
1296 4585 1332 4642 ad
1347 4586 1444 4643 Osee:
1772 4651 1778 4662 ,
1795 4646 1799 4658 ,

194 4657 267 4713 Osee
283 4657 377 4713 tilium
394 4657 487 4722 BeerI,
997 4655 1085 4722 Vade,
1099 4672 1183 4713 sums
1198 4656 1249 4712 tihi
1267 4673 1386 4714 uxorem
1409 4655 1650 4723 fornicationum,
1666 4659 1696 4713 et
1708 4655 1750 4713 iac
1761 4649 1801 4708 uti

157 4728 186 4784 in
203 4728 307 4785 diebos
322 4727 550 4795 Osinloathan,
562 4725 671 4794 Acbaz,
691 4726 819 4782 Ezechias
838 4741 940 4799 regum
1069 4727 1145 4784 tilios
1161 4727 1388 4784 tornicaiionum
1405 4744 1412 4785 :

192 4799 277 4868 luda,
292 4804 320 4856 et
336 4800 364 4853 iii
380 4799 485 4856 diebus
512 4798 667 4855 lerohoam
698 4797 749 4852 tilii
777 4797 848 4854 Joas
863 4798 941 4871 regis
995 4797 1067 4861 Ouia
1082 4797 1229 4856 fornicans
1244 4799 1436 4856 fornicabitur
1450 4802 1560 4855 tarrae
1576 4798 1712 4855 Domino.

192 4871 293 4928 lsrael.
311 4869 489 4942 Principium
507 4868 648 4941 loquendi
662 4867 787 4926 DomIno
803 4869 833 4925 in
849 4868 939 4939 Osee;
997 4870 1031 4925 Et
1046 4870 1128 4938 abiit,
1144 4876 1173 4926 et
1187 4871 1300 4943 accepit
1315 4872 1421 4929 Gomer
1434 4871 1526 4927 illism
1542 4869 1693 4927 Debelaim
1713 4887 1721 4938 ;

157 5034 165 5067 ¹
181 5033 295 5089 Invenit
305 5028 439 5087 ltartiao.
455 5030 484 5084 iii
504 5033 628 5099 utroque
643 5027 800 5110 exemplari
815 5030 940 5087 canonis
995 5029 1139 5087 cautiores
1154 5029 1239 5087 multi
1253 5031 1332 5089 docti
1344 5030 1397 5088 viri
1408 5029 1567 5104 amplexati
1582 5033 1665 5097 sunt,
1682 5029 1731 5086 hie
1745 5041 1805 5111 prii·

119 5104 267 5161 Hebraicae
281 5101 411 5159 veritatis
427 5103 599 5172 sequentem
612 5100 830 5156 adnotationem
844 5117 850 5156 :
863 5104 941 5157 «Du-
998 5102 1083 5174 cipue
1095 5103 1279 5174 argumentis
1294 5119 1302 5158 r
1317 5104 1394 5175 quod
1411 5103 1513 5160 tandiu
1538 5101 1596 5159 sub
1622 5100 1670 5158 his
1700 5100 1806 5174 regibus

119 5175 186 5248 plex
195 5179 241 5259 cst
250 5173 328 5247 apud
340 5172 474 5256 Hebraea
483 5172 520 5227 de
537 5169 584 5224 his
595 5175 722 5253 qpatuor
732 5171 876 5253 vepribus,
889 5173 939 5254 qui
996 5173 1187 5245 prophetasse
1201 5173 1306 5232 Oscum
1318 5174 1439 5231 minime
1451 5173 1567 5257 probari
1578 5173 1676 5246 possit
1690 5187 1698 5228 :
1715 5169 1808 5229 deinde

118 5253 244 5331 aucupiis
259 5249 410 5320 praenotati
421 5247 506 5370 tpunt,
522 5244 675 5366 sapientia.
700 5238 836 5364 lffperique
859 5258 938 5369 {ripn
993 5245 1073 5368 pacit
1089 5245 1144 5328 sub
1165 5261 1196 5302 re
1218 5261 1267 5302 um
1294 5246 1373 5302 luda
1400 5245 1583 5329 pominibus,
1609 5244 1808 5367 ⁸²l¹³ssl¹¹t⁸⁰ij⁰

113 5315 938 5474 tiiiiiiiiiiittt‚ttati,tti,iiiiii}
993 5320 1345 5473 intercipitis
1357 5317 1547 5473 tiatira
1562 5314 1719 5472 ratiti
1726 5319 1810 5466 ‘ih

113 5476 161 5526 ne,
174 5461 339 5534 prophetia,
350 5475 435 5543 curiis
446 5461 633 5542 sitpaequeus
649 5457 797 5509 noscatur.
810 5455 937 5537 Ipsaau·
991 5460 1118 5526 quatuor
1133 5464 1181 5515 isti
1196 5458 1331 5517 versiculi
1347 5460 1430 5516 facile
1444 5464 1536 5516 totius
1550 5402 1810 5533 operisIuodecim

111 5534 171 5586 tem
187 5539 234 5616 est
245 5533 362 5617 llzdras,
373 5548 423 5603 qui
439 5528 563 5612 ultimus
574 5524 783 5609 prophetarum
799 5526 938 5608 scribitur
992 5528 1213 5615 prophetarum·
1226 5532 1333 5589 lemma
1360 5530 1516 5616 rideantur
1535 5531 1647 5615 :good
1673 5544 1756 5613 voro·
1769 5542 1809 5609 sc·

110 5599 261 5685 Malachioe
274 5618 414 5688 nomine·
430 5601 475 5656 Ali
492 5615 559 5657 vcro
572 5600 675 5653 dicuiit
701 5594 778 5667 quod
801 5594 838 5650 ah
862 5598 935 5668 ipsis
991 5603 1103 5668 quitur,
1117 5600 1441 5687 Priacrpiupiutoqusridi,
1459 5617 1576 5686 proprie
1594 5605 1637 5658 sit
1659 5599 1810 5686 peculiaris

105 5670 667 5816 institueritis„siritii
689 5667 934 5796 tinctitiis
989 5670 1232 5798 tinnitu
1417 5674 1514 5744 iti·
1543 5688 1570 5730 ⁸¹
1598 5671 1684 5731 tr
