3870 6120
108 202 172 260 897
743 206 850 261 LIBER
867 208 972 263 ISAlAE
991 206 1201 265 PDDPHDTAE.

111 332 151 387 Bt
166 327 308 403 gaudebit
322 344 451 402 sponsus
466 346 557 458 snper
570 344 720 403 sponsam,
957 341 984 407 Α
1000 329 1036 386 nt
1050 345 1208 412 conversus
1222 340 1269 389 est
1283 332 1325 390 eis
1342 333 1371 389 in
1387 333 1556 406 inimicum,

154 407 184 458 et
197 401 339 471 gaudebit
355 408 488 474 superte
526 418 579 458 eus
594 407 675 458 tuus.
1036 407 1065 457 et
1079 417 1142 473 ipse
1157 403 1311 459 debellavit
1326 420 1395 474 eos;

115 475 214 545 Super
229 488 331 529 muros
347 479 425 545 tuos,
440 473 618 544 Jerusalem,
634 473 773 530 constitui
796 474 944 540 custodes,
1000 473 1035 529 Εἰ
1049 473 1218 530 recordatus
1233 482 1279 532 est
1294 477 1408 533 dierum
1424 478 1524 535 seiruli
1540 480 1627 551 Masi,

153 551 215 600 tota
225 545 310 600 dieet
320 551 382 602 tota
393 552 477 602 nocte
488 546 518 602 in
531 550 705 631 perpetuum
717 562 776 602 non
789 549 944 602 tacebunt:
1036 544 1136 617 populi
1152 547 1200 601 sui
1213 562 1220 600 ε

114 618 170 684 Qui
188 615 414 673 reminiscimini
430 620 557 688 Domini,
573 635 609 674 na
624 618 766 674 taceatis:
999 614 1053 672 Ubi
1069 619 1178 687 estqui
1202 618 1304 675 aduxit
1327 635 1376 676 eos
1401 620 1436 677 do
1463 621 1537 678 mari
1563 639 1629 681 cum
1656 626 1826 699 pastoribus

153 693 184 744 et
198 689 275 744 detis
292 688 446 745 silentium
462 689 500 758 ei,
1053 688 1151 761 gregis
1166 690 1213 744 sui
1229 692 1239 743 l

156 759 249 816 donec
266 760 410 828 stabiliat,
1001 758 1053 816 Ubi
1062 765 1106 815 eet
1115 760 1164 831 qui
1174 761 1312 833 posuitin
1324 761 1419 819 medio
1432 765 1496 836 ejus
1505 765 1641 837 spiritum
1654 769 1748 826 sancti
1758 770 1826 828 sui‘l

152 836 182 887 et
196 834 289 887 donec
304 837 397 904 ponat
410 829 574 910 Jerusalem
590 831 710 889 laudem
725 830 755 888 in
771 836 859 888 terra.
999 828 1052 893 Dui
1069 831 1169 888 eduxit
1184 833 1221 888 ad
1236 835 1384 890 dexteram
1401 839 1498 892 tlosen
1514 838 1634 896 brachio
1661 843 1825 913 majestatis

115 903 233 960 iuravit
247 902 390 960 Dominus
406 903 436 958 in
451 906 573 959 dextera
588 920 654 970 aua,
1052 917 1121 972 aaa,

153 980 183 1030 ct
196 975 227 1029 iu
245 974 365 1032 brachio
382 975 564 1031 tortitudinis
578 991 659 1032 sua:
1034 990 1083 1045 qur
1098 973 1186 1029 scidit
1201 991 1293 1047 aquas
1308 981 1373 1033 auto
1390 993 1451 1046 eos,
1465 984 1497 1035 ut
1514 981 1620 1038 laceret
1637 982 1694 1039 sibi
1717 1000 1824 1042 nomen

115 1045 146 1104 Si
161 1045 270 1102 dedero
284 1047 415 1102 triticum
427 1051 509 1102 tuum
524 1048 601 1104 ultra
612 1048 711 1103 cibum
723 1044 853 1102 inimicis
872 1046 943 1119 tuis,
1053 1049 1283 1118 sempiternom:

150 1122 181 1173 et
197 1117 221 1173 si
238 1117 366 1200 biberint
381 1118 432 1175 lilii
449 1117 538 1176 alieni
556 1118 656 1176 vinum
672 1124 769 1189 tuum,
784 1118 814 1174 in
830 1134 889 1191 quo
904 1118 944 1175 la·
998 1115 1053 1180 Dui
1082 1118 1184 1200 eduxit
1212 1118 1266 1191 (ll.
1297 1118 1390 1189 duxit)
1419 1136 1469 1177 eos
1497 1139 1549 1194 per
1579 1125 1714 1199 abyssos,
1738 1129 1824 1201 quasi

150 1189 274 1245 borastr.
1053 1202 1160 1260 equum
1176 1205 1207 1244 rn
1222 1190 1337 1246 deserto
1353 1207 1410 1247 non
1429 1193 1661 1267 impingentem:

116 1260 191 1328 Quia
207 1262 258 1333 qui
273 1264 453 1333 congregant
466 1259 551 1331 illud,
567 1262 731 1333 comedent,
1034 1261 1120 1343 qnasi
1137 1260 1246 1317 animal
1262 1263 1291 1316 in
1307 1277 1411 1333 campo
1427 1265 1618 1325 descendens.

151 1337 181 1389 st
196 1332 365 1389 laudabunt
381 1333 539 1389 Dominum
552 1351 559 1389 ι
998 1329 1126 1402 Spiritus
1144 1332 1258 1388 Domini
1272 1335 1378 1391 ductor
1391 1336 1456 1405 ejus
1472 1337 1546 1394 luit:

154 1409 184 1461 et
199 1404 251 1476 qui
266 1408 452 1477 comportant
469 1403 554 1474 illud,
1034 1401 1078 1458 aio
1093 1404 1241 1461 adduxisti
1258 1405 1401 1478 populum
1416 1411 1513 1480 tuum,

150 1475 300 1531 bibentia
316 1475 399 1533 atriis
415 1476 529 1534 sanctis
544 1476 630 1535 meis.
1035 1478 1068 1530 ut
1081 1474 1191 1531 laceres
1204 1475 1258 1531 tibi
1273 1492 1382 1533 nomen
1397 1477 1507 1552 glorie.

115 1547 263 1615 Transito,
278 1548 404 1630 transite
420 1564 472 1620 per
487 1553 597 1621 portas,
997 1547 1121 1601 Attande
1136 1548 1171 1630 de
1186 1547 1269 1617 coelo,
1284 1554 1314 1606 et
1327 1550 1393 1605 vide
1408 1550 1444 1607 de
1459 1552 1627 1610 habitaculo
1644 1561 1746 1615 sancto
1761 1561 1823 1632 tuo,

117 1621 551 1762 Plggffffiztceitglitglr,popum⁸
958 1720 983 1786 B
998 1618 1290 1747 Dbeitegs'tossssugutfrus
1306 1695 1335 1746 et
1349 1692 1490 1750 tortitudo
1505 1695 1578 1752 tua?

151 1761 252 1835 eligito
267 1762 391 1835 lapides·
1000 1794 1020 1831 ί
1038 1761 1195 1817 multitudo
1219 1762 1365 1818 viscerum
1392 1770 1522 1835 tuorum,
1544 1771 1573 1823 et
1597 1769 1823 1831 miserationum
1915 1832 1919 1839 .

151 1840 183 1889 et
200 1834 312 1890 elevate
326 1832 444 1907 signum
460 1834 496 1890 ad
512 1832 647 1907 populos.
1054 1837 1170 1887 tuarum
1188 1849 1277 1905 super
1293 1850 1348 1904 me,

118 1905 191 1962 Doce
206 1905 349 1962 Dominus
364 1906 498 1962 auditum
515 1908 584 1963 tecit
598 1905 628 1962 in
644 1902 782 1962 extremis
796 1908 901 1967 terra:
1037 1907 1247 1959 continuerunt
1261 1921 1302 1959 se.

119 1977 214 2033 Dicite
230 1977 296 2032 illia
312 1977 401 2033 Sion:
1000 1974 1137 2031 Tuenim
1173 1982 1360 2043 aternoster,

119 2053 195 2105 ltcce
210 2048 344 2104 Salvator
358 2053 428 2104 tuus
442 2048 539 2104 venit:
1036 2050 1065 2101 et
1077 1993 1224 2102 Abrabam
1241 2047 1363 2103 nescivit
1377 2064 1441 2118 noe,

152 2135 222 2176 ecce
238 2135 349 2175 merces
364 2122 428 2191 ejus
443 2136 510 2176 cum
526 2137 571 2185 co,
1035 2122 1064 2173 ct
1080 2117 1167 2174 lsrael
1182 2119 1327 2191 ignoravit
1342 2136 1414 2176 nos:

153 2197 185 2247 et
203 2207 278 2263 opus
293 2192 359 2263 ejus
373 2207 469 2247 coram
486 2190 547 2247 illo.
1000 2189 1054 2256 Tu,
1074 2192 1203 2258 Domine,
1220 2197 1424 2262 paternoster,

113 2261 152 2318 uc
179 2263 327 2318 vocabunt
349 2278 410 2325 cos.
427 2261 556 2334 Populus
580 2266 713 2330 sanctus,
729 2263 873 2338 redempti
890 2264 943 2337 (lt.
1035 2261 1203 2334 redemptor
1218 2268 1326 2328 noster,
1343 2261 1481 2320 asaeoulo
1497 2281 1603 2324 nomen
1618 2270 1714 2326 tunm.

151 2334 340 2406 redemptus)
355 2349 372 2389 a
387 2333 521 2390 Domino.
999 2334 1092 2396 Quare
1114 2349 1212 2390 errare
1237 2351 1291 2390 nos
1317 2334 1425 2406 fecisti,
1442 2337 1574 2408 Domine,
1590 2338 1626 2396 de
1640 2341 1695 2414 (At.
1711 2342 1753 2415 in)
1767 2341 1822 2401 riis

110 2404 160 2461 Tu
179 2409 278 2461 autem
293 2405 454 2472 vocaberis,
470 2406 597 2471 Quaesita
611 2405 713 2462 civitas
1054 2404 1132 2460 tuis:

149 2482 182 2533 et
199 2492 257 2532 non
273 2475 423 2533 derelicta.
1035 2474 1181 2532 indurasti
1197 2492 1247 2532 cor
1261 2479 1394 2533 nostrum
1411 2492 1449 2534 ne
1464 2478 1637 2539 timeremus
1650 2482 1703 2540 tei

117 2547 200 2631 (Cap.
218 2546 327 2621 Llllll.)
342 2548 413 2615 Quis
426 2551 471 2605 eet
485 2547 551 2621 iste,
567 2546 617 2676 spui
630 2548 708 2606 venit
721 2547 759 2607 de
778 2549 880 2620 Ddom,
997 2549 1171 2603 Convertere
1187 2553 1305 2619 propter
1320 2565 1419 2605 servos
1434 2553 1511 2623 tuos,

152 2619 260 2676 tinctis
273 2621 406 2677 vestibus
421 2620 457 2675 de
474 2618 566 2676 Doara
1034 2617 1128 2674 tribus
1143 2618 1322 2674 baereditatis
1336 2624 1404 2675 tua.

113 2690 180 2746 late
195 2689 343 2748 formosus
358 2691 388 2746 in
405 2689 480 2746 stola
493 2708 558 2758 sua,
918 2696 920 2701 ’
998 2689 1222 2756 Quasinibilum
1231 2690 1820 2764 possederuntpopulumsanctumtunm:

149 2763 291 2834 gradiens
306 2765 336 2820 in
354 2762 542 2819 multitudine
557 2763 740 2820 tortitudinis
755 2780 825 2823 sua.
1033 2760 1133 2817 hostes
1159 2761 1251 2817 nostri
1283 2763 1530 2821 conculcaverunt
1557 2768 1821 2829 sanctificationem

107 2832 174 2906 Ego
190 2834 241 2904 qui
256 2833 362 2906 loquor
372 2834 533 2905 justitiam,
1053 2839 1145 2888 tuam.

150 2911 184 2960 et
199 2911 401 2977 propugnator
415 2922 482 2963 eum
497 2906 532 2961 ad
547 2905 733 2963 salvandum.
997 2902 1075 2959 Facti
1091 2920 1196 2960 eumue
1211 2903 1296 2975 quasi
1315 2903 1345 2960 in
1362 2903 1518 2978 principio,
1532 2923 1599 2964 oum
1615 2926 1670 2966 non
1686 2911 1821 2971 domina·

113 2975 214 3041 Quare
230 2992 297 3049 ergo
313 2978 435 3033 rubrum
452 2982 497 3032 est
512 2978 717 3034 indumentum
733 2984 831 3043 tuum,
1069 2976 1141 3031 reris
1157 2975 1260 3042 nostri,

153 3053 185 3103 et
198 3050 373 3105 vestimenta
387 3054 439 3105 tua
453 3049 532 3105 sicut
546 3048 725 3107 calcantium
735 3050 766 3106 in
782 3048 942 3107 torculari?
1033 3062 1127 3119 neqtre
1141 3047 1325 3102 invocaretur
1339 3063 1445 3103 nomen
1461 3052 1544 3104 tuum
1558 3068 1592 3107 su
1615 3070 1647 3109 cr
1662 3069 1726 3113 nos.

151 3119 295 3176 Torcular
310 3119 420 3177 calcavi
435 3120 527 3187 solus,
955 3101 977 3169 G
995 3115 1072 3190 (Cup.
1090 3117 1318 3187 cxlviuiinam
1335 3118 1536 3193 disrumperes
1551 3068 1638 3181 coasts

150 3196 181 3246 ct
198 3192 234 3247 de
249 3193 387 3264 gentibus
403 3208 461 3248 non
477 3198 522 3248 eet
535 3191 580 3248 vir
595 3206 731 3250 mecum:
1031 3194 1061 3245 ct
1076 3191 1285 3246 descenderes:

110 3261 232 3320 Calcavi
248 3280 297 3319 eos
312 3264 342 3318 in
358 3265 456 3321 lurore
472 3280 547 3334 meo,
1032 3262 1138 3318 alacie
1153 3268 1205 3317 tua
1220 3265 1334 3317 montes
1350 3261 1520 3320 detinerent.

150 3339 182 3390 ct
196 3334 365 3392 conculcavi
382 3352 432 3392 eos
446 3335 477 3391 in
493 3337 536 3391 ira
552 3350 638 3390 mea:
995 3332 1078 3389 Sicut
1092 3333 1205 3389 exustio
1220 3333 1297 3406 ignis
1312 3334 1506 3405 tabescerent,

108 3409 150 3462 Bt
167 3422 308 3477 aspersus
323 3413 369 3464 cst
383 3407 506 3481 sanguis
536 3422 638 3463 eorum
654 3422 744 3479 super
765 3408 942 3465 vestImcnta
1031 3422 1114 3476 aque
1130 3407 1262 3462 arderent
1280 3404 1352 3476 igni,

170 3493 247 3545 mea,
1031 3485 1063 3531 ut
1078 3483 1180 3533 notum
1197 3477 1278 3532 tieret
1293 3493 1399 3532 nomen
1414 3481 1498 3535 tuum
1515 3479 1646 3539 inimicis
1660 3481 1739 3541 tuis:

150 3553 181 3603 et
195 3548 296 3605 omnia
312 3549 487 3607 indumenta
501 3565 567 3604 mea
580 3548 743 3620 inquinavi.
1030 3564 1047 3602 a
1063 3549 1135 3605 l'acie
1148 3555 1200 3604 tua
1214 3553 1316 3618 gentes
1333 3549 1532 3610 turbarentur.

111 3619 184 3677 Dies
200 3621 279 3676 enim
296 3620 417 3677 ultionis
433 3623 463 3676 in
478 3621 564 3677 corde
579 3635 654 3688 meo,
994 3622 1066 3675 cnm
1082 3620 1185 3676 leceris
1204 3619 1362 3690 mirabilia,
1378 3637 1436 3677 non
1451 3623 1687 3682 sustinebimus:

150 3708 249 3747 annus
265 3693 479 3765 redemptionis
494 3707 564 3747 msa
579 3691 670 3748 venit.
1022 3691 1218 3758 descendisti,
1234 3697 1263 3745 et
1277 3709 1294 3746 a
1310 3691 1382 3747 lacis
1407 3699 1458 3749 tua
1482 3701 1597 3753 montes
1622 3696 1817 3756 defluxerunt.

113 3762 329 3846 circumspexi,
346 3772 375 3821 et
391 3763 716 3847 nonteratlauxliliator:
994 3766 1016 3815 Δ
1032 3762 1141 3819 saeoulo
1157 3779 1215 3844 non
1231 3763 1400 3828 audieruut,

114 3835 728 3976 artasiit.tttlttlll:⁸ltttf⁶‘·
993 3833 1556 3986 ottt:¹tttstlitj'tzttfftttt..a,

151 3983 181 4033 et
196 3978 256 4033 indi
280 3979 359 4035 natio
374 3995 440 4035 mea
454 3979 519 4050 ipsa
533 3977 673 4034 auxiliata
688 3981 733 4034 est
748 3977 831 4035 mibi.
1030 3993 1093 4048 que
1110 3993 1165 4047 prae
1189 3981 1278 4032 arnstr
1293 3992 1342 4032 exe
1365 3978 1532 4033 astantibus
1545 3983 1584 4034 te.

112 4047 148 4104 at
164 3994 335 4106 conoufcevi
351 4050 474 4124 populos
490 4051 520 4105 in
535 4050 632 4106 lurore
650 4066 724 4119 meo,
992 4048 1151 4131 occurristi
1168 3993 1289 4112 ferianti,
1306 4052 1334 4102 et
1346 3993 1465 4104 {scienti
1481 4049 1646 4120 justitiam:

149 4125 180 4176 et
194 4122 337 4178 inebriavi
354 4139 404 4179 eos
422 4122 451 4179 in
467 4121 670 4194 indignatione
685 4137 760 4191 mea,
1029 4135 1059 4175 rn
1075 4136 1130 4176 vrrs
1146 4119 1380 4175 recordabuntur
1392 4119 1454 4176 tui:

149 4198 178 4247 et
194 4193 304 4250 detraxi
320 4193 350 4250 in
367 4199 474 4250 terram
489 4195 626 4249 virtutem
643 4209 754 4250 eorum.
992 4190 1065 4247 Doce
1081 4197 1113 4247 tu
1128 4191 1223 4246 iratus
1239 4207 1282 4258 es,
1298 4192 1503 4262 peccavimus:

113 4263 338 4322 lliserationum
357 4266 470 4323 Domini
486 4266 671 4334 recordabor,
1029 4264 1058 4319 in
1073 4262 1148 4333 ipsis
1163 4263 1274 4318 luimus
1289 4278 1417 4335 semper,
1432 4268 1460 4318 ct
1476 4262 1666 4321 salvabimur.

150 4334 270 4392 laudem
278 4334 938 4411 Dominisuperomnibusquereddiditnobis
992 4333 1026 4390 lit
1043 4333 1111 4391 lacti
1127 4350 1232 4390 sumus
1248 4338 1281 4391 ut
1295 4334 1469 4391 immundus
1485 4351 1587 4392 omnes
1603 4353 1668 4406 nos,

167 4406 325 4481 Dominus,
1028 4406 1111 4480 quasi
1130 4422 1245 4477 pannus
1260 4410 1451 4463 menstruatas
1466 4407 1607 4466 univorsa
1619 4408 1746 4481 justitiae
1761 4428 1816 4470 no·

149 4483 179 4533 ct
200 4494 290 4552 super
314 4479 535 4538 multitudinem
557 4479 702 4536 bonorum
721 4477 822 4534 domui
837 4478 937 4552 lsrael,
953 4465 977 4531 D
1064 4484 1152 4534 stre:

166 4565 231 4621 qua
246 4550 374 4624 largitus
398 4558 445 4610 cst
467 4553 509 4610 cis
535 4551 699 4609 secundum
722 4549 939 4625 indulgentiam
992 4549 1206 4607 ascendimus
1222 4548 1307 4622 quasi
1322 4548 1424 4605 lolium
1441 4550 1583 4623 universi,
1851 4604 1859 4613 ,

166 4638 265 4690 suam,
1028 4627 1057 4679 et
1072 4621 1241 4693 iniquitates
1258 4626 1365 4679 nostra
1389 4622 1474 4694 quasi
1501 4628 1606 4680 ventus
1630 4625 1818 4686 abstulerunt

147 4698 177 4748 et
187 4695 350 4751 secundum
362 4693 583 4751 multitudinem
595 4692 863 4751 misericordiarum
873 4711 939 4752 sua·
1064 4709 1136 4750 nos:

169 4781 247 4821 rum.
991 4763 1054 4821 Non
1069 4763 1179 4836 estqui
1195 4764 1309 4820 invocet
1324 4780 1431 4821 nomen
1445 4768 1550 4826 tuum:

109 4836 148 4892 at
164 4836 260 4892 dixit:
1027 4836 1078 4908 qni
1093 4841 1262 4909 consurgat,
1278 4840 1306 4892 et
1320 4840 1418 4893 teneat
1432 4840 1478 4894 te:

110 4911 325 4964 Verumtamen
337 4907 464 4993 populus
481 4924 563 4966 meus
573 4912 627 4976 cst,
639 4907 691 4964 lilii
707 4924 765 4965 non
777 4912 935 4983 negantes:
990 4908 1178 4964 abscondisti
1194 4909 1298 4963 taciem
1315 4916 1394 4963 tuam
1411 4908 1537 4976 anobis,

147 4984 176 5033 ct
193 4979 287 5036 tactus
301 4987 346 5037 eet
361 4997 404 5036 ers
419 4981 556 5038 salvator.
1025 4985 1055 5036 et
1069 4979 1187 5035 allisisti
1203 4995 1257 5034 nos
1272 4980 1301 5035 in
1318 4996 1407 5035 manu
1424 4981 1591 5051 iniquitatis
1606 4988 1711 5041 nostra
1721 4986 1742 5041 ¹.

109 5050 142 5106 ln
158 5051 239 5106 omni
256 5051 445 5108 tribulatione
459 5068 561 5108 eorum
578 5068 636 5107 non
652 5056 697 5107 est
711 5051 881 5124 tribulatus,
990 5052 1025 5107 lit
1039 5068 1127 5117 nunc,
1144 5051 1277 5118 Domine,
1295 5057 1377 5124 pater
1393 5060 1494 5109 noster
1508 5069 1541 5110 cs
1556 5060 1598 5122 tu,

145 5128 176 5177 et
190 5125 314 5195 angelus
331 5122 414 5180 laciei
429 5125 495 5195 ejus
510 5124 634 5179 salvavit
648 5139 719 5180 eos:
1026 5140 1078 5179 noe
1093 5139 1161 5179 vero
1177 5121 1273 5178 lutum
1288 5138 1295 5178 :

108 5193 143 5250 ln
159 5192 316 5251 dilectione
332 5212 397 5262 sua,
412 5201 441 5252 et
456 5196 485 5252 in
503 5194 686 5269 indulgentia
702 5211 755 5250 aua
770 5195 833 5268 ipse
849 5196 933 5252 rede·
1024 5200 1053 5249 et
1068 5195 1150 5250 lictor
1165 5202 1266 5250 noster
1279 5200 1324 5262 tu,

163 5266 217 5321 mit
232 5282 294 5334 coe,
1024 5272 1053 5321 ct
1067 5282 1154 5337 opera
1170 5282 1310 5321 manuum
1328 5270 1446 5321 tuarum
1463 5282 1565 5322 omnes
1582 5283 1646 5335 nos,

143 5341 173 5393 et
199 5339 327 5410 portavit
355 5353 416 5410 sos,
432 5345 459 5395 et
486 5337 591 5394 levavit
619 5353 669 5394 eos
693 5337 808 5393 cunctis
828 5338 934 5396 diebus
987 5336 1028 5394 Ne
1043 5336 1191 5403 irascaris,
1208 5337 1342 5407 Domino,
1359 5337 1442 5407 satis,

161 5407 272 5465 saculi.
1023 5414 1052 5464 et
1068 5427 1104 5466 ne
1121 5409 1198 5465 ultra
1213 5411 1382 5466 memineris
1398 5408 1565 5481 iniquitatis
1580 5412 1697 5467 nostra.

102 5477 165 5551 Ipsi
181 5488 279 5536 antem
296 5480 332 5536 ad
348 5479 532 5537 iracundiam
549 5485 789 5553 provocaverunt,
987 5484 1058 5537 Ecce
1073 5482 1198 5553 respice,

139 5555 171 5608 et
185 5552 354 5611 afflixerunt
366 5551 504 5626 spiritum
521 5553 616 5610 sancti
631 5552 718 5623 ejus:
1023 5553 1150 5626 populus
1167 5558 1237 5611 tuus
1252 5568 1355 5610 omncs
1371 5568 1435 5608 noa.

140 5766 152 5806 ¹
166 5770 334 5830 Prononem
346 5772 460 5840 dodra,
474 5784 569 5844 neque
582 5769 614 5830 in
628 5768 748 5831 Habrao
763 5769 894 5844 additur,
908 5786 1005 5847 noque
1017 5769 1050 5832 in
1063 5768 1279 5833 Commentario
1290 5770 1319 5828 s.
1334 5768 1399 5845 ipss
1412 5768 1498 5831 Pater
1510 5769 1653 5847 preterit.
1700 5718 1704 5725 Ι
