3878 6150
160 265 217 322 735
686 263 707 316 Β
736 260 942 321 maneum
959 267 1089 327 nivma
1104 272 1352 332 stetinenses.

166 407 218 466 per
232 388 387 447 circuitum
403 386 503 458 templi
518 388 546 442 et
560 384 682 454 oraculi,
698 390 727 442 et
746 385 814 443 lecit
836 384 928 444 latera
951 388 982 446 in
996 395 1024 462 Α
1039 397 1160 455 naturas
1176 416 1246 457 suae
1260 403 1288 457 et
1298 402 1457 474 juncturas
1473 397 1658 467 fabrefactas,
1669 398 1701 453 ei
1714 392 1780 453 eol!

165 480 299 540 θῑῑθΰῑῑῦ·
320 478 497 535 'simillium
522 477 598 547 (11¹⁰d
626 477 729 533 mihiel
751 480 823 549 “ab
844 477 957 550 quintu
1039 486 1205 546 eminentes
1222 491 1341 548 :omnia
1355 489 1484 547 cedrinis
1509 487 1618 545 tabulis
1644 485 1780 544 vestieba

167 570 282 627 cubitos
297 567 422 624 habebat
436 565 614 636 latitudinis,
629 570 658 623 et
672 566 803 623 medium
818 566 983 625 tabulatum
1040 593 1094 633 nec
1109 579 1231 636 omnino
1245 579 1320 653 lapi,
1345 595 1486 653 ,ppmm
1513 580 1627 651 popm,
1646 578 1680 633 ,·„
1701 575 1780 649 ,mg

165 676 216 717 sex
239 655 417 715 cubitorum·
434 655 611 726 latitudinis,
623 661 651 713 et
678 656 798 713 tertium
819 657 985 715 tabulatum
1041 681 1098 723 non
1116 667 1224 741 habet).
1236 668 1393 726 Oraculum
1416 673 1515 725 autem
1536 668 1566 724 in
1580 666 1678 723 medio
1694 664 1780 722 domn

166 752 281 821 septem
298 748 411 804 habens
426 747 542 803 cubitos
556 745 735 803 latitudinis.
763 747 872 804 Trabes
887 752 986 805 autem
1041 755 1174 813 interiori
1198 763 1281 831 parts
1301 759 1408 815 fecerat
1422 757 1463 830 (h.
1480 757 1715 830 preparaverat),
1730 757 1780 827 nti

167 837 266 911 posuit
281 837 310 892 in
327 837 414 893 domo
430 852 479 908 per
494 835 648 892 circuitum
680 836 852 908 lorinsecus,
873 841 907 893 ut
928 855 986 895 non
1042 849 1086 900 ret
1110 846 1151 900 ibi
1175 864 1274 903 arcam
1303 846 1421 904 toedaris
1451 844 1579 902 Domini.
1602 843 1693 900 Porro
1717 857 1780 900 orac

167 926 311 983 hererent
327 927 421 983 muris
436 926 548 999 templi.
565 931 676 982 Domus
691 930 789 982 autem
805 942 872 983 cum
897 927 988 982 redili-
1043 933 1168 991 habebat
1197 935 1300 1008 viginti
1329 935 1444 991 cubitos
1472 931 1681 1006 longitudinis,
1709 934 1779 989 etr

167 1021 294 1086 caretur,
312 1016 461 1089 lapidibus
477 1015 621 1072 dedolatis
634 1019 722 1087 atque
742 1015 879 1088 perlectis
894 1016 987 1072 aeaiu·
1044 1023 1160 1080 cubitos
1175 1023 1352 1094 latitudinis,
1367 1027 1396 1080 et
1416 1022 1519 1095 viginti
1540 1021 1659 1078 cubitos
1686 1018 1780 1077 altitui

166 1110 299 1178 salassi,
314 1109 342 1161 et
358 1103 492 1173 malleus,
506 1108 535 1159 et
550 1104 670 1172 securis,
687 1109 716 1161 et
730 1120 816 1161 omne
831 1104 989 1161 ferramen·
1044 1115 1072 1168 et
1086 1113 1200 1185 operuit
1213 1113 1286 1169 illud
1302 1118 1391 1186 atque
1418 1112 1534 1168 vestivit
1558 1126 1630 1168 auro
1646 1106 1780 1180 purissin

167 1200 242 1261 lum,
259 1211 317 1250 ⁰011
334 1200 402 1250 tuni
422 1193 525 1249 audii&
541 1194 569 1248 5¹¹
586 1193 684 1263 d⁰m0‚
700 1209 767 1249 ⁰¹¹⁰]
783 1192 987 1250 aediflssssrelur·
1045 1202 1170 1274 obryzo).
1188 1203 1242 1259 Sed
1258 1207 1287 1259 et
1301 1201 1391 1259 altare
1405 1201 1520 1258 vestivit
1539 1199 1637 1256 cedro.
1654 1203 1780 1255 Damam

171 1283 284 1341 Ostium
299 1282 397 1339 lateris
414 1282 503 1339 medii
519 1282 548 1338 in
564 1286 646 1355 parta
661 1286 723 1338 erat
737 1283 843 1340 domus
858 1282 964 1339 dextre
980 1299 988 1338 :
1045 1308 1101 1363 qua
1116 1295 1183 1348 ante
1198 1291 1350 1348 oraculum
1374 1292 1490 1364 operuit
1504 1306 1575 1346 auro
1591 1286 1780 1361 purissimo,i

173 1377 201 1430 et
217 1391 268 1446 per
283 1373 432 1430 cochleam
448 1373 646 1429 ascendebant
660 1372 690 1428 in
707 1373 838 1429 medium
853 1389 990 1429 coenflcu·
1045 1380 1108 1436 fixit
1122 1380 1246 1437 laminas
1262 1380 1353 1438 clavis
1369 1381 1477 1439 aureis.
1492 1377 1630 1450 Nihilque
1653 1379 1719 1433 erat
1740 1374 1770 1432 in

171 1461 243 1530 lum,
259 1464 429 1521 stamedio
446 1464 475 1518 in
491 1463 621 1520 tertium.
638 1463 672 1517 Hi
688 1462 840 1519 {edificavit
858 1462 990 1531 domum,
1047 1469 1105 1542 plo,
1122 1471 1199 1540 quod
1215 1487 1272 1526 non
1289 1487 1359 1527 auro
1374 1472 1530 1542 regensium
1551 1467 1601 1523 sed
1617 1469 1647 1522 st
1661 1469 1757 1521 tolum
1776 1479 1780 1519 i

174 1558 202 1608 et
218 1553 431 1610 consummavit
453 1569 518 1609 eam
544 1569 551 1608 ε
572 1553 644 1609 texit
667 1566 784 1625 quoqne
806 1553 927 1608 domum
944 1551 988 1607 ia·
1047 1557 1155 1615 oraculi
1173 1561 1244 1615 texit
1255 1575 1326 1616 auro
1339 1560 1358 1613 ¹.
1377 1559 1412 1615 m
1427 1557 1495 1614 iecit
1512 1557 1541 1611 in
1557 1555 1678 1612 oracula
1693 1552 1780 1611 duait

173 1644 334 1718 quearibus
350 1642 488 1699 cedrinis.
503 1643 537 1698 nt
551 1642 705 1699 edificavit
726 1640 892 1698 tabulatum
904 1656 993 1714 super
1047 1648 1107 1704 bim
1124 1649 1159 1704 de
1174 1648 1263 1722 tignis
1277 1647 1431 1715 olivarum,
1448 1648 1547 1703 decem
1560 1644 1729 1701 cubitorum
1741 1640 1780 1699 alt

173 1750 290 1791 omnem
317 1733 437 1788 domum
465 1732 596 1805 quinqua
622 1731 731 1788 cubitis
760 1730 935 1802 altitudinis,
964 1734 993 1786 at
1009 1773 1032 1837 Β
1047 1736 1104 1807 nis,
1119 1738 1252 1810 Quinque
1266 1737 1434 1794 cubitorum
1450 1735 1496 1791 ale
1506 1733 1615 1790 cherub
1628 1734 1731 1798 una,et
1739 1730 1780 1804 qni

175 1823 290 1897 aperuit
304 1823 425 1878 domum
437 1821 525 1894 lignis
540 1820 675 1877 cedrinis.
691 1822 735 1893 (T.
751 1820 834 1893 XVI.)
851 1820 884 1876 dt
898 1819 993 1876 lactus
1049 1826 1215 1883 cubitorum
1231 1828 1277 1883 ala
1292 1826 1401 1883 cherub
1416 1825 1509 1882 altera
1521 1823 1565 1879 :id
1583 1823 1745 1892 est,deoem
1755 1835 1780 1877 ei

175 1919 220 1970 est
235 1928 331 1969 sermo
345 1911 462 1967 Domini
481 1913 516 1967 ad
532 1909 730 1978 Salomonem,
746 1910 846 1968 disens
861 1928 867 1967 :
883 1909 995 1967 Domus
1049 1915 1202 1986 habentes,
1219 1933 1235 1972 a
1251 1916 1422 1973 summitate
1442 1914 1494 1970 ale
1515 1928 1611 1985 usqua
1626 1911 1664 1967 ad
1679 1909 1780 1967 alteria

176 2004 249 2075 hac,
265 2018 353 2075 quam
370 2001 508 2071 aedihces,
531 2000 555 2057 si
580 1998 777 2057 ambulaveris
799 2002 828 2056 in
843 2000 995 2072 preceptis
1050 2004 1112 2076 (ma.
1128 2003 1271 2078 tacetalae)
1286 2002 1613 2061 summitatem.Decem
1625 2012 1743 2072 quoque
1755 2013 1780 2054 ci

178 2093 263 2163 meis,
279 2101 306 2148 ei
315 2090 427 2162 judicia
443 2106 507 2145 mea
523 2089 635 2159 leceris,
648 2093 676 2146 el
690 2091 875 2147 custiodieris
897 2091 995 2147 omnia
1050 2111 1117 2150 runi
1133 2097 1192 2150 erat
1207 2094 1334 2150 cherub‘
1348 2092 1512 2150 secundum
1525 2108 1531 2147 :
1544 2089 1574 2145 in
1591 2104 1734 2144 mensura
1746 2102 1780 2160 pi

179 2182 318 2238 mandata
335 2195 409 2247 mea,
422 2179 559 2252 gradiens
568 2195 620 2251 per
630 2196 663 2236 ea
677 2196 685 2236 i
697 2181 821 2237 firmabo
830 2197 995 2238 sermonem
1051 2200 1125 2255 opus
1141 2200 1233 2239 unum
1248 2186 1311 2239 erat
1321 2183 1350 2238 in
1362 2181 1478 2237 duobus
1489 2176 1694 2245 cherubim,id
1704 2179 1780 2243 est,i

179 2287 277 2327 meum
295 2268 359 2337 tibi,
374 2284 462 2340 quem
488 2266 605 2324 locutus
633 2285 699 2325 sum
727 2273 762 2326 ad
777 2270 866 2327 David
883 2276 995 2344 patrem
1051 2272 1150 2329 dinem
1166 2272 1293 2330 habebat
1308 2287 1384 2328 unus
1400 2268 1510 2326 cherub
1525 2268 1626 2324 decem
1647 2264 1780 2321 cubitosn

179 2365 272 2417 tuum.
287 2363 320 2414 Et
329 2357 469 2414 habitabo
481 2357 511 2413 in
522 2357 618 2413 medio
633 2358 760 2414 filiorum
773 2360 872 2431 lsrael,
890 2366 919 2419 et
939 2379 996 2419 non
1052 2361 1189 2417 similiter
1203 2360 1313 2417 cherub
1329 2359 1487 2416 secundus.
1498 2355 1662 2427 Posuitque
1675 2352 1780 2411 ehcrnt

177 2447 381 2521 derelinquam
397 2445 537 2519 populum
553 2463 650 2503 meum
674 2448 774 2506 Israel.
792 2451 885 2524 lgitur
906 2453 997 2508 aedill·
1052 2451 1149 2508 medio
1165 2451 1268 2523 templi
1284 2449 1432 2507 interioris
1448 2465 1455 2504 ι
1472 2446 1668 2504 extendebant
1684 2449 1780 2502 auteni

180 2539 257 2596 cavit
285 2536 421 2594 Salomon
452 2536 584 2605 domum,
618 2542 647 2593 et
679 2541 893 2597 consummavit
921 2558 997 2598 eam.
1053 2558 1123 2598 suas
1142 2540 1304 2608 cherubim,
1334 2544 1363 2595 et
1387 2536 1526 2610 tangebat
1540 2534 1586 2592 ala
1601 2550 1661 2590 una
1676 2531 1780 2605 parieti

181 2633 222 2700 (Τ.
251 2627 352 2699 va.)
378 2627 413 2681 Hi
437 2624 591 2681 aediiicavit
605 2628 667 2700 (ma.
685 2627 771 2684 addit.
787 2629 935 2704 Salomon)
950 2649 998 2704 pa·
1054 2630 1099 2686 ala
1114 2629 1223 2685 cherub
1246 2627 1369 2685 secundi
1392 2627 1530 2699 tangebat
1558 2623 1701 2697 parietem
1727 2620 1780 2678 alle

182 2719 269 2776 rietes
285 2718 390 2773 doinus
404 2715 582 2772 intrinsecus
592 2715 730 2773 tabulatis
746 2719 903 2791 cedrinis,a
918 2722 998 2792 pavi·
1054 2717 1105 2775 ale
1122 2716 1333 2774 autemeltere
1348 2715 1379 2771 in
1389 2715 1576 2785 mediaparte
1587 2710 1692 2784 templi
1708 2725 1741 2767 se
1752 2709 1780 2767 in

181 2808 400 2865 mentodomus
417 2805 561 2878 usquead
577 2806 777 2864 summitatem
802 2810 955 2881 parietum,
972 2816 1000 2867 et
1054 2807 1271 2880 contingebant.
1301 2805 1386 2861 Texit
1414 2819 1529 2877 quoqne
1552 2799 1708 2858 cherubim
1732 2814 1780 2856 ani

181 2914 276 2970 usque
300 2896 335 2952 ad
364 2894 524 2967 laquearia,
551 2896 666 2968 operuit
680 2896 769 2970 lignis
784 2898 957 2971 intresecus,
971 2907 1000 2957 et
1055 2912 1157 2953 omnes
1171 2895 1295 2968 parietes
1309 2892 1411 2966 templi
1427 2909 1477 2966 per
1491 2890 1647 2947 circuitum
1664 2885 1779 2961 sculpsi

178 2988 250 3045 texit
265 2986 464 3059 pavimentum
482 2985 587 3040 domus
602 2986 712 3042 tabulis
736 2988 875 3059 abiegnis.
901 2990 999 3046 AEdifi·
1055 2986 1107 3043 riis
1118 2984 1261 3042 caelaturis
1276 2989 1305 3040 et
1328 2988 1423 3054 torno,
1443 2986 1471 3038 et
1493 2980 1561 3038 iecit
1575 2979 1606 3035 in
1621 2978 1683 3034 sis⁸
1707 2976 1780 3035 eber

181 3076 315 3148 cavitque
329 3072 432 3146 viginti
446 3073 614 3130 cubitorum
630 3076 665 3130 ad
681 3077 871 3148 posteriorem
888 3083 1000 3151 partem
1055 3083 1083 3133 et
1098 3075 1221 3148 palmas,
1237 3079 1266 3130 et
1281 3073 1410 3147 picturas
1432 3070 1538 3137 varias,
1569 3067 1652 3141 quasi
1678 3064 1780 3139 promit

183 3164 287 3238 templi
302 3162 433 3219 tabulata
456 3162 583 3234 cedrina,
610 3180 627 3218 a
652 3165 818 3237 pavimento
842 3183 936 3240 usque
965 3168 1000 3225 ad
1018 3142 1039 3212 G
1059 3167 1094 3221 de
1122 3165 1241 3237 pariete,
1259 3167 1288 3220 et
1311 3162 1475 3233 ogridantes
1489 3158 1531 3232 (h.
1548 3157 1713 3214 intresecus
1727 3157 1780 3213 eti

184 3255 347 3328 superiora,
377 3255 406 3309 et
433 3251 501 3309 lecit
515 3250 682 3310 interiorem
708 3256 830 3313 domum
852 3258 960 3314 oraculi
975 3259 1003 3314 in
1059 3255 1166 3325 secus).
1183 3254 1280 3311 Sedet
1295 3251 1494 3324 pavimentum
1523 3248 1628 3303 doinus
1652 3244 1728 3301 texit
1751 3259 1780 3301 aa

184 3350 323 3400 Sanctum
337 3344 823 3417 sanctorum.Porroquadraginta
839 3347 1005 3404 cubitorum
1060 3344 1207 3400 tresincus
1233 3347 1262 3398 et
1289 3340 1482 3398 extrinsecus.
1506 3338 1541 3394 iit
1557 3339 1585 3393 in
1611 3335 1780 3408 ingressui

187 3438 249 3489 erat
265 3432 363 3504 ipsum
378 3428 522 3503 templum
536 3449 587 3505 pro
604 3433 716 3491 loribus
732 3436 854 3493 oraculi.
870 3438 905 3493 nt
919 3438 1005 3494 cedro
1061 3433 1131 3490 iecit
1145 3433 1250 3490 ostiola
1264 3431 1300 3487 de
1315 3427 1573 3503 lignisolivarum,
1589 3428 1780 3498 postesquec

188 3520 284 3579 omnis
300 3520 407 3575 domus
425 3519 603 3578 intrinsecus
619 3523 807 3594 vestiebatur,
819 3525 931 3583 habens
945 3532 1006 3583 tor·
1062 3541 1122 3581 ram
1137 3523 1178 3596 (h.
1195 3520 1365 3591 nonhabet)
1382 3516 1520 3590 quinque.
1533 3519 1570 3571 nt
1585 3513 1644 3569 duo
1659 3510 1737 3569 ostia
1753 3510 1780 3568 di

189 3684 220 3739 td
238 3685 292 3738 est.
308 3682 454 3737 Feneatras
482 3684 680 3754 prospicientes
695 3686 748 3755 (val
763 3688 821 3744 obli
840 3705 873 3745 ae
898 3691 1009 3762 prospi-
1099 3681 1297 3754 'Vidsepiat
1314 3679 1460 3735 innostra
1483 3673 1653 3731 recensione
1679 3672 1712 3727 is
1735 3670 1766 3729 S.

189 3759 305 3836 cientes..
316 3752 360 3808 val
375 3751 556 3827 cancellatas)
571 3759 691 3812 occultos
705 3762 732 3812 S.
750 3758 758 3813 i
764 3776 813 3824 psa
821 3704 913 3817 ister
927 3766 1010 3818 Coni-
1067 3758 1102 3815 ad
1114 3757 1275 3813 Damasum
1286 3754 1322 3809 de
1334 3748 1497 3822 seraphim
1509 3761 1597 3818 quem
1608 3744 1706 3827 ¹0⁰'3m
1716 3744 1780 3828 Ψ,

192 3842 282 3885 meni.
299 3841 328 3879 in
345 3824 484 3906 Ezechiel.
502 3824 521 3882 l.
532 3844 583 3892 xii,
599 3830 687 3884 reteri
698 3846 738 3903 sci
753 3832 882 3904 ¹miginta
893 3834 1014 3891 vertisse
1066 3829 1178 3886 laudat.
1194 3831 1278 3882 liecte
1293 3824 1373 3880 enim
1391 3820 1546 3890 utriusque
1588 3832 1687 3874 enanis
1698 3816 1780 3898 diarii

189 3902 324 3967 teneatis:
339 3896 521 3953 absconditor.
539 3920 553 3948 »
570 3899 725 3969 Panaeti-e,
740 3906 848 3976 iuquit,
864 3912 948 3961 erant
963 3909 1014 3963 oh·
1069 3902 1136 3967 rub,
1152 3897 1309 3955 masculini
1326 3912 1360 3952 ac
1377 3891 1482 3950 neutri.
1503 3833 1588 3946 Hauffi
1604 3893 1704 3945 tamen
1720 3890 1763 3945 ita

187 3970 286 4044 liquae,
296 3984 370 4063 quas
386 3968 453 4024 nix
464 3968 843 4047 diaconilitcs,Symmaohus
854 3976 1016 4052 τοξικὰςνο-
1070 3972 1126 4031 sihi
1141 3976 1275 4027 constare
1288 3968 1497 4039 Hieronymum
1512 3962 1625 4045 credas,
1639 3958 1780 4042 uteodain

192 4049 247 4103 eat.
266 4066 280 4093 »
295 4044 329 4097 ht
344 4043 373 4097 in
389 4059 452 4114 cap.
478 4060 522 4098 xii
536 4059 542 4100 :
557 4068 570 4095 α
591 4045 751 4119 Fenestrae]
762 4066 890 4123 quoque,
908 4051 1015 4123 inquit,
1071 4044 1136 4101 culo
1147 4048 1307 4113 utrumque
1319 4055 1412 4112 genus
1424 4036 1573 4105 usurparit
1584 4049 1592 4088 t
1604 4035 1694 4104 atqua
1716 4029 1766 4086 hie

188 4114 598 4191 juxtaLXXeranttactoein
616 4119 1017 4189 modumretialnstarcan·
1070 4119 1228 4180 secandam,
1258 4128 1325 4169 moa
1353 4110 1454 4166 cherub
1483 4123 1554 4162 anua
1574 4106 1604 4160 et
1624 4101 1780 4160 seeuintw

193 4189 371 4247 cellarum...
389 4203 439 4258 pro
456 4186 564 4259 quibus
580 4189 609 4243 in
626 4190 767 4250 Hebraico
783 4193 919 4268 obliquas
936 4195 1018 4250 iens·
1071 4189 1187 4245 Rectius
1201 4188 1301 4256 itaque
1315 4182 1402 4238 habet
1418 4181 1633 4260 Veronensms.
1650 4173 1699 4231 hie
1715 4189 1780 4246 quoi

195 4269 273 4318 strae
286 4259 384 4315 habet.
400 4279 415 4308 n
1072 4260 1186 4328 mattas,
1198 4256 1341 4329 quidquid
1355 4252 1520 4311 hiartianoeo
1536 4248 1679 4304 videatur.

231 4334 240 4368 ¹
257 4330 366 4389 Nomen
383 4330 501 4386 Chersis.
519 4331 660 4405 singulari
674 4350 807 4404 numero,
824 4341 853 4393 et
868 4336 1019 4394 Cherubim
1107 4331 1306 4388 ²Constanter
1334 4343 1386 4397 pro
1413 4324 1506 4394 scalpo
1533 4319 1622 4376 habet
1646 4316 1780 4401 ‘Vei-onan

195 4405 226 4461 in
243 4403 360 4474 plurali,
377 4400 484 4473 duplex
508 4418 602 4475 genus
618 4405 730 4462 obtinet
753 4411 830 4480 apud
842 4409 1018 4481 interpretes
1072 4403 1177 4476 scalpo,
1208 4401 1284 4485 quod
1313 4402 1357 4454 est
1383 4395 1501 4476 quidem
1528 4391 1704 4464 elegantius,
1726 4404 1780 4445 nan

198 4475 396 4532 masculinum
412 4473 545 4530 videlicet
561 4492 594 4531 ac
622 4489 751 4534 neutram
776 4499 786 4536 .·
807 4481 881 4538 ande
909 4481 1017 4538 Ctereh
1032 4512 1055 4578 D
1073 4472 1266 4551 grammatici,
1283 4487 1354 4542 quos
1370 4468 1445 4524 inter
1460 4463 1622 4534 Diomedes,
1639 4462 1779 4534 negante

197 4548 389 4612 secundaa,et
418 4546 711 4620 marrimandum,
746 4551 871 4624 legimus
900 4553 930 4609 in
959 4569 1016 4608 ms.
1072 4550 1178 4605 tinum.
1610 4606 1615 4616 ,
1650 4606 1655 4616 ,
1711 4605 1717 4615 ,

196 4619 357 4677 codicibus.
372 4618 567 4690 Hieronymus
591 4621 627 4676 ad
656 4626 813 4680 Damasum
835 4625 967 4682 scribens
982 4624 1018 4681 de
1108 4619 1168 4675 ‘ln
1195 4621 1311 4674 canone
1326 4627 1409 4668 erasa
1431 4611 1502 4665 sunt
1517 4610 1542 4664 ei
1560 4607 1626 4678 [ecit
1644 4620 1675 4686 ¹tir
1689 4617 1741 4670 w»
1754 4616 1780 4673 il

199 4691 352 4763 Seraphim
369 4689 429 4745 hec
444 4689 539 4746 aiebat
555 4708 562 4747 ε
579 4712 593 4743 a
611 4693 643 4748 ln
668 4710 773 4766 genere
788 4713 903 4768 quoque
919 4698 1016 4753 diver·
1073 4691 1211 4764 leguntur
1225 4689 1254 4742 in
1270 4686 1388 4742 Hebros
1401 4683 1674 4738 :exstantiamenin
1687 4674 1780 4757 mss3l

198 4764 270 4819 sitas
285 4767 339 4818 eat.
356 4761 557 4836 Septuaginta,
569 4764 684 4836 Aquila,
696 4772 724 4823 et
734 4768 921 4838 theodotion,
937 4769 1018 4826 Sera·
1073 4765 1113 4820 De
1128 4759 1291 4833 sequentibi
1309 4756 1395 4812 verbo
1407 4751 1553 4809 Cherubim
1564 4749 1780 4832 notandavanii

199 4834 281 4909 phim
311 4839 413 4891 neutro
441 4849 544 4902 genere
573 4838 795 4906 transtulerunt,
824 4840 1019 4914 symmachus
1072 4835 1100 4891 le
1122 4837 1212 4890 untur
1226 4830 1302 4902 apud
1322 4827 1532 4897 Hieronymum
1555 4818 1681 4902 epistola
1696 4818 1780 4884 1³⁰„

199 4905 436 4964 messurianum
447 4907 731 4978 putandumsextum
744 4912 846 4970 essein
859 4912 1019 4968 virtutibus
1072 4852 1170 4965 celicia
1186 4923 1195 4961 :
1209 4925 1223 4954 a
1241 4905 1272 4958 ln
1286 4900 1393 4966 Exodo,
1419 4894 1533 4976 inquit,
1549 4896 1722 4964 ⁰oet⁸r¹⁸lll¹⁰
1747 4888 1780 4945 in

199 4978 261 5045 Dei,
277 4995 344 5034 cum
360 4980 448 5035 etiam
464 4978 527 5050 ipse
551 4981 678 5051 Spiritus
698 4989 831 5055 sanctus,
855 4985 1018 5042 seeundum
1073 4976 1392 5035 describunturvestes
1408 4968 1555 5040 plumaria
1569 4967 1632 5020 arte
1647 4964 1780 5045 contexti

200 5049 1020 5129 proprietateelingueHebroeoe,lemirimgsnereproiera·
1073 5048 1242 5115 Cherubim,
1260 5046 1288 5102 id
1308 5047 1364 5127 est,
1388 5040 1516 5124 varium,
1541 5040 1629 5109 atque
1651 5034 1780 5161 depictus

200 5130 259 5188 tur,
276 5122 548 5193 iruiimahGresce
577 5129 737 5199 neutro,ah
762 5131 890 5200 aaronem
919 5129 1019 5184 Latino
1074 5112 1671 5192 factumdescribiturzitatamenuivav
1699 5108 1780 5163 ittera

201 5194 376 5265 masculino,
405 5194 532 5265 spiritus.
562 5197 603 5252 Ex
629 5215 685 5268 qua
713 5200 934 5267 intelligendum
963 5205 1019 5267 cst,
1074 5194 1170 5252 rubim
1185 5208 1244 5247 non
1256 5175 1780 5267 habeat:quiaubicunqueoum'hai

200 5267 320 5339 quando
331 5268 367 5321 de
383 5266 585 5338 superioribus
600 5270 1019 5344 disputatur,etmaeculinum
1074 5259 1376 5332 scribitur,animalia
1391 5272 1484 5338 magis
1501 5268 1589 5334 quam
1606 5264 1695 5332 opera
1709 5263 1778 5377 sign

200 5339 324 5409 aliquid,
341 5338 590 5395 seul'cminimum
604 5344 731 5414 ponitur,
749 5361 807 5400 non
829 5350 889 5401 tani
916 5360 1018 5400 sexum
1075 5340 1106 5394 ld
1129 5351 1229 5391 verum
1255 5348 1320 5389 esse
1348 5342 1547 5400 comperimus
1564 5324 1713 5406 'inspeetis
1763 5318 1780 5375 il

200 5410 360 5482 significari
375 5425 462 5479 quam
476 5410 585 5467 idioma
603 5431 714 5473 sanaris
737 5416 853 5491 linguas.
869 5416 1020 5488 Siquidem
1075 5410 1260 5466 Hebraeorum
1278 5400 1478 5459 voluminibus
1501 5397 1588 5478 editis
1612 5410 1646 5451 ac
1669 5407 1780 5477 manus

202 5480 932 5628 tieleittttitittettittttl:-HHH
949 5502 1021 5618 tili
1074 5468 1583 5611 tilieti.tritutlttlttffe
1600 5464 1780 5617 iiiitlilil

170 5634 174 5641 '
202 5642 262 5684 non
277 5627 363 5684 cadat
375 5641 473 5685 sexus.
489 5649 505 5682 a
520 5628 615 5691 Miris.
775 5605 782 5632 ’
1078 5625 1171 5684 Mser.
