3870 6120
61 352 123 414 145

62 481 189 556 Linguis
204 481 269 539 suis
285 479 385 538 dolose
402 480 545 608 ephebeum

63 557 216 612 Venenum
233 554 373 626 aspidum
389 569 424 608 su
460 551 548 608 labiis
563 564 664 607 eorum

63 628 195 692 Quorum
204 642 239 682 os
250 624 457 680 maledictione
465 628 493 679 et
504 621 701 678 amaritudine
712 617 891 690 pleuumest.

63 699 185 754 telnces
201 697 293 770 pedes
307 712 409 752 eorum
427 694 462 750 ad
472 693 684 751 effundendum
695 689 892 762 sanguinem

63 769 209 826 contritio
224 773 255 824 et
268 766 428 824 infelicitas
443 765 473 821 iu
488 767 545 822 viis
559 780 679 832 cerum;

63 842 94 898 st
108 841 190 897 nam
207 839 288 912 pacis
306 855 365 896 non
381 840 603 910 cognoverunt3

61 913 122 970 lion
139 920 189 969 est
203 912 295 967 timor
305 909 357 967 Dei
372 915 441 966 ante
455 910 556 966 oculos
571 923 683 964 eorum.

100 1029 136 1090 lu
151 1026 304 1089 Ecclesiis
330 1026 518 1088 Latinorum
548 1022 735 1105 legebantur
763 1017 895 1081 octoillr

61 1143 183 1198 versus,
216 1129 296 1185 teste
325 1123 530 1202 Hieronymo,
559 1139 597 1183 ae
625 1118 745 1198 virgine
779 1118 893 1178 busto·

61 1223 144 1300 ebio,
169 1223 205 1284 in
230 1240 341 1283 corum
371 1238 499 1301 quoque
523 1218 684 1281 codicibus
710 1215 804 1277 modo
824 1213 893 1292 jam

62 1319 209 1382 exhibito
231 1317 453 1380 scribebantur
485 1334 557 1377 cum
587 1314 717 1377 totidem
746 1327 893 1372 versuum

61 1416 337 1493 distinctionibus,
362 1433 434 1494 quea
459 1413 590 1492 duplam
615 1410 665 1471 vel
685 1409 813 1488 triplam
839 1407 895 1466 be-

59 1515 135 1576 beut
165 1513 357 1575 diuisionem
387 1529 459 1572 cum
488 1516 598 1572 nostra
625 1507 780 1569 hodierna
807 1522 893 1565 com·

59 1618 195 1693 paratus.
219 1610 375 1673 Eemdem
401 1628 550 1672 versuum
579 1608 814 1670 distinctionem
839 1621 895 1663 nu·

59 1727 220 1773 morosam
260 1708 406 1788 agnoseit
442 1708 654 1786 Hieronymus
691 1702 826 1784 epistola
853 1700 893 1762 ad

59 1808 217 1871 Sunniam
256 1814 287 1867 et
320 1805 489 1878 Fretelam,
527 1805 582 1867 nbi
619 1804 686 1865 hee
722 1802 818 1862 babet
853 1797 892 1858 ed

57 1905 140 1968 Paul.
158 1921 237 1981 ΠΗ,
256 1907 313 1967 1³:
347 1901 484 1964 Grande
498 1908 528 1963 et
547 1900 695 1962 carbones
709 1899 810 1980 ignis,
827 1902 887 1957 cic.

57 2001 263 2084 thuaeritis
291 2022 349 2062 car
367 1999 500 2062 Gracm
524 2000 620 2060 istum
636 1996 824 2059 versiculum
840 2015 890 2055 se-

56 2102 162 2162 cunde
178 2120 244 2161 non
272 2099 395 2180 babeat,
425 2098 620 2182 interpositis
648 2097 769 2157 duobus
790 2096 889 2155 versi·

57 2196 126 2259 bas.
141 2196 211 2258 Sed
223 2197 387 2258 sciendum
403 2197 531 2278 quiade
554 2194 726 2273 Hebraico,
742 2198 772 2253 et
792 2192 819 2253 T
817 2192 890 2254 treo-

58 2294 202 2357 dotionis
216 2295 358 2355 editione
377 2296 411 2355 in
438 2293 647 2377 Septuaginta
669 2290 891 2374 interpretibus

57 2395 114 2457 sse
142 2395 300 2456 asterisco
328 2394 476 2466 additum
504 2394 559 2454 sit.
600 2397 648 2454 lta
676 2399 734 2465 est,
763 2396 891 2453 Graecus

58 2499 228 2557 contextus
253 2491 294 2554 ad
318 2511 414 2572 quem
439 2498 529 2553 vetus
553 2490 685 2569 entique
709 2489 820 2551 Latina
840 2509 892 2550 ex-

58 2612 169 2674 pressa
198 2600 259 2663 est,
290 2612 354 2654 non
383 2592 508 2672 legebat
534 2591 567 2652 in
584 2602 671 2673 Κοινῇ
704 2589 839 2652 Grande
863 2595 892 2650 et

58 2691 211 2754 carbones
226 2691 339 2773 ignis;
355 2698 428 2773 post
442 2692 503 2753 iste
522 2709 529 2751 ε
558 2690 602 2752 Et
626 2685 820 2751 Altissimus
835 2688 892 2749 de-

60 2790 108 2851 en
121 2809 228 2850 vocem
244 2810 333 2850 suam
350 2811 361 2867 ;
390 2789 445 2851 sed
460 2788 558 2850 semel
585 2794 709 2850 tantum
739 2792 831 2848 ante:
847 2785 891 2847 Et

62 2888 205 2949 monuit
232 2887 271 2948 de
298 2887 374 2948 coele
396 2886 566 2948 Dominus.
583 2887 673 2950 Unde
688 2884 778 2946 illum
793 2884 889 2945 versi·

62 2985 169 3047 culum
186 3002 261 3046 cnm
290 2985 441 3047 asterisco
470 2984 610 3066 reposuit
633 2983 844 3062 Hieronymus
857 2982 890 3042 io

62 3081 148 3144 bunc
164 3081 320 3144 modum:

190 3187 311 3244 Grande
320 3192 351 3242 et
364 3187 506 3243 carbones
520 3187 530 3243 i
553 3186 609 3243 nis.

189 3258 368 3315 minensis
387 3260 423 3315 de
437 3259 510 3316 coelo
526 3202 686 3315 bominac:

189 3328 407 3387 Htllltissimus
422 3331 618 3387 deditionem
633 3343 733 3396 suam,

187 3402 225 3475 ἧς
241 3401 358 3458 Hrando
372 3405 403 3457 et
416 3401 558 3458 carbones
571 3399 658 3474 ignis.

769 338 1077 402 rennuentibus.

906 474 1154 556 Asellicetdob,
1179 477 1211 537 in
1239 475 1354 556 quibus
1382 475 1439 550 ait,
1470 479 1585 535 Pereat
1604 475 1685 557 dies,
1711 481 1774 539 etc.
1890 474 1897 489 ’

948 570 1046 654 (Cap.
1065 592 1109 648 ιιι,
1128 594 1207 634 vers.
1224 574 1268 653 3),
1286 593 1386 654 usque
1407 573 1448 634 ad
1474 591 1546 634 eum
1570 573 1688 652 locum,
1718 575 1773 638 ubi
1920 648 1930 659 ..

948 674 1023 730 ante
1050 669 1144 730 tinem
1173 670 1343 729 voluminis
1370 669 1522 750 seriptum
1553 677 1621 731 est:
1647 670 1774 734 Idcirco
1844 752 1848 757 ,
1886 712 1889 717 -

949 765 1013 847 ipse
1047 787 1093 827 me
1121 765 1321 849 reprebendo,
1351 772 1381 825 et
1408 787 1471 848 ago
1490 768 1709 849 penitentiam
1739 771 1773 832 in

938 863 1062 940 janilla
1077 871 1106 924 et
1120 866 1223 925 cinere
1235 862 1334 945 (Cap.
1360 882 1432 939 nnn,
1458 885 1538 926 vers.
1559 867 1592 946 6)
1605 885 1613 927 ι
1630 867 1773 930 subdidit

885 1019 892 1032 ,
948 964 1074 1023 stetim:
1090 963 1120 1024 A
1152 964 1335 1045 supradicto
1363 969 1464 1024 autem
1490 984 1579 1025 versu
1603 984 1700 1045 usque
1728 967 1772 1028 ad

938 1059 1044 1136 finem
1084 1059 1171 1140 libri,
1192 1068 1328 1141 pervum
1364 1080 1482 1121 comme
1511 1061 1595 1142 quod
1622 1069 1771 1144 remanet,

940 1164 1040 1237 prosa
1064 1158 1205 1218 oratione
1227 1150 1413 1218 contexitur.
1439 1157 1500 1220 Ubi
1521 1157 1585 1218 duo
1610 1158 1773 1221 observari

947 1254 1052 1334 velim,
1092 1257 1229 1335 primum
1266 1256 1410 1316 camdem
1448 1255 1695 1332 distinctionem,
1740 1263 1772 1319 ct

947 1357 1090 1416 eamdem
1131 1357 1223 1416 unius
1253 1374 1360 1416 versus
1386 1357 1658 1418 continentiamiu
1675 1376 1772 1438 supra

948 1455 1038 1516 dictis
1059 1456 1162 1518 verbis
1190 1456 1262 1529 tob,
1293 1463 1476 1536 usurpatam
1505 1457 1601 1518 luisse
1629 1457 1669 1518 ab
1698 1460 1770 1520 Hie·

947 1571 1092 1632 rouymo,
1123 1572 1194 1632 quie
1223 1553 1255 1612 in
1283 1553 1419 1632 Vulgata
1447 1551 1601 1616 hodierna
1621 1572 1770 1616 versuum

948 1647 1147 1709 distinctione
1175 1667 1233 1709 usu
1263 1656 1389 1728 recepta
1418 1655 1486 1710 est:
1519 1650 1600 1711 unde
1629 1651 1773 1730 sequitur

948 1745 1101 1806 nonnulla
1130 1745 1291 1807 hodierne
1320 1745 1530 1808 distinctionis
1557 1748 1690 1827 vestigia
1718 1768 1772 1830 ep·

906 1844 1057 1922 Bpnrere
1086 1844 1171 1922 apud
1212 1843 1450 1922 Hieronymum.
1494 1845 1612 1906 Deinde
1651 1865 1770 1906 comma

944 1939 983 2001 ab
1000 1941 1109 2001 codem
1141 1944 1175 2002 S.
1204 1941 1338 2002 Hectore
1365 1947 1512 2002 vocatum
1541 1940 1686 2005 hocloco
1701 1962 1766 2005 non
1814 2017 1817 2022 ⁸
1908 1945 1917 1953 ⁴

944 2056 1011 2099 esse
1058 2039 1235 2118 promiscue
1289 2039 1507 2118 accipiendum
1555 2056 1627 2100 cum
1685 2040 1765 2101 eolis

944 2143 976 2197 et
1004 2134 1208 2196 commatibus
1234 2154 1393 2209 versuum,
1419 2136 1457 2196 de
1485 2155 1620 2215 quorum
1644 2137 1769 2201 divisio·

945 2234 1037 2295 nibus
1052 2234 1083 2295 in
1096 2236 1157 2295 hoc
1181 2235 1315 2296 articulo
1339 2235 1520 2315 disputatur
1536 2253 1543 2295 ε
1561 2236 1636 2314 quie
1650 2256 1767 2297 cemma

945 2333 1028 2413 qued
1050 2338 1220 2393 remanete
1248 2332 1430 2412 supradicto
1455 2352 1547 2394 versu
1575 2334 1649 2396 lobi
1671 2352 1770 2415 usque

945 2431 1093 2493 adfinem
1110 2432 1194 2504 libri,
1224 2431 1383 2510 integrum
1411 2438 1461 2494 est
1491 2432 1677 2511 capitulum,
1703 2433 1772 2513 plu·

945 2529 1034 2590 rimis
1068 2534 1216 2590 constans
1261 2529 1435 2604 sententiis,
1478 2529 1509 2590 id
1545 2534 1593 2590 cst
1627 2529 1771 2609 plurimis

946 2627 1096 2695 versibus,
1126 2632 1157 2687 et
1194 2643 1341 2687 versuum
1380 2626 1600 2688 commatibus.
1639 2627 1770 2688 Comma

944 2725 1052 2804 itaque
1096 2723 1149 2785 bic
1188 2724 1250 2784 loci
1294 2724 1423 2797 dictum,
1468 2724 1552 2784 idem
1596 2731 1643 2786 est
1683 2724 1770 2803 quod

944 2829 1081 2903 περικοπή
1111 2822 1195 2908 apud
1223 2822 1388 2900 Origencm
1416 2839 1454 2882 ac
1482 2827 1612 2882 caetcros
1640 2823 1769 2884 Gracia

945 2925 1141 2981 tractatores.
1173 2918 1269 2979 Aliud
1309 2918 1475 2998 uestigium
1517 2917 1679 2980 hodierum
1718 2918 1767 2980 di·

945 3017 1122 3077 stinctionis
1149 3034 1296 3077 versuum
1315 3083 1321 3092 ,
1339 3016 1491 3095 putabam
1521 3034 1571 3077 me
1612 3016 1769 3079 invenisse

945 3113 1026 3174 lib.1
1050 3113 1356 3174 Commentariorum
1385 3113 1568 3193 Hieronymi
1595 3115 1627 3175 in
1653 3114 1769 3177 Danie-

897 3208 919 3276 (ἶ
938 3210 999 3272 lem
1017 3230 1044 3272 e.
1062 3229 1097 3273 111
1111 3210 1203 3292 (vers.
1218 3213 1291 3289 87):
1308 3209 1346 3271 de
1362 3210 1424 3270 illis
1448 3210 1530 3271 enim
1560 3210 1674 3286 verbis,
1704 3210 1770 3273 Be-

947 3309 1082 3369 nedicite
1118 3309 1222 3369 sancti
1256 3314 1286 3367 et
1322 3306 1457 3368 humiles
1494 3308 1586 3368 corde
1618 3307 1768 3384 Domine,

947 3406 1075 3467 laudate
1102 3413 1132 3466 et
1157 3405 1383 3489 superexaltate
1409 3425 1477 3466 eum
1507 3406 1540 3465 in
1568 3406 1696 3485 saecula,
1727 3408 1772 3470 na

1715 343 1774 405 ιιι
1882 310 1885 314 ’

99 3503 182 3564 Tres
209 3499 315 3560 ultimi
344 3517 453 3560 versus
482 3499 579 3578 hujus
616 3497 788 3571 divisionis,
821 3497 891 3557 uni·
947 3505 1070 3567 disserit
1108 3509 1139 3567 S.
1182 3505 1413 3584 Hieronymus:
1442 3502 1667 3566 Humilitatem
1701 3524 1772 3566 cer·

67 3617 134 3662 cnm
152 3599 355 3662 constituunt
382 3617 462 3661 vers.
494 3602 532 3662 lt
556 3599 588 3659 in
616 3596 890 3678 vulgataualina.
946 3602 1129 3683 distrahere,
1162 3609 1191 3664 et
1214 3612 1354 3685 praesens
1381 3600 1555 3663 versiculus
1582 3603 1681 3681 docet,
1710 3610 1770 3665 etc.

67 3699 155 3762 Unde
186 3696 319 3777 colliges
348 3697 520 3759 maximum
546 3696 712 3758 discrimen
739 3696 823 3774 quod
846 3694 893 3755 in·
945 3706 985 3763 nt
1022 3702 1172 3782 inspectis
1199 3702 1366 3780 diligenter
1394 3720 1467 3763 mss.
1497 3700 1658 3762 codicibus
1684 3701 1773 3763 Com·

68 3795 294 3857 terciditinler
319 3795 517 3868 hodiernam,
548 3800 580 3856 et
606 3797 688 3855 inter
711 3792 891 3874 antiquissi·
948 3800 1173 3861 memoriarum
1189 3799 1221 3860 in
1250 3799 1423 3869 Dianelem,
1453 3798 1548 3859 fidem
1568 3797 1687 3859 nullam
1704 3816 1771 3860 esse

69 3911 148 3955 nam
181 3892 418 3955 distinctionem
445 3911 607 3972 versuum,
630 3893 662 3953 in
680 3890 893 3953 Librissscris
946 3896 1140 3975 deprehendi
1166 3896 1199 3957 in
1225 3896 1316 3957 editis
1344 3894 1513 3956 libris:ita
1538 3896 1622 3955 enim
1650 3901 1770 3954 textum

68 3996 255 4072 usurpatam
286 3990 396 4071 primis
422 3990 495 4052 tidei
525 3989 731 4070 temporibus.
761 3992 805 4050 De
832 4007 892 4049 nu·
946 3994 1134 4074 praedictum
1177 3994 1314 4055 Danielis
1342 3992 1535 4064 describunt,
1571 4009 1608 4052 ac
1635 3990 1661 4052 si
1688 3991 1771 4053 inte·

69 4106 193 4150 meroes
236 4085 296 4150 bac
325 4106 474 4149 versuum
516 4087 669 4150 divisione
710 4086 894 4149 consuletur
947 4112 1039 4173 grum
1054 4112 1135 4155 vers.
1151 4096 1203 4165 87,
1219 4112 1246 4152 o.
1265 4109 1311 4164 ιιι,
1327 4092 1484 4164 recitaret,
1513 4097 1546 4151 et
1572 4096 1771 4152 commenta·
1870 4100 1873 4105 '

67 4185 173 4247 cdbnc
187 4185 400 4266 Hieronymus
414 4186 446 4245 in
470 4203 498 4246 c.
515 4201 569 4248 xxi
590 4184 713 4258 Erech„
729 4185 761 4245 iu
776 4201 803 4246 u.
820 4200 893 4245 1x111
948 4191 1000 4252 riis
1040 4190 1213 4252 illustraret
1236 4190 1455 4268 Hieronymus,
1486 4207 1558 4250 cnm
1588 4194 1709 4251 cenum
1733 4188 1774 4251 sit

66 4284 169 4352 uua.
199 4292 232 4344 et
260 4282 331 4345 aliis
357 4282 531 4344 innumeris
560 4282 648 4352 locis.
686 4300 821 4360 quorum
849 4300 894 4342 re·
949 4288 1084 4349 mediam
1108 4293 1229 4348 tantum
1260 4293 1380 4367 partem
1410 4285 1556 4348 versiculi
1584 4285 1684 4349 nostri
1717 4305 1774 4367 po·
1889 4315 1893 4321 ·

68 4380 212 4444 citationi
241 4380 406 4459 indulgere
434 4398 497 4442 non
522 4381 625 4460 Juvat,
656 4398 693 4442 eo
723 4380 807 4458 quod
825 4379 891 4458 jam
947 4385 1038 4446 situm
1056 4384 1304 4446 abeoiuisseet
1328 4384 1502 4463 expositam
1532 4384 1562 4443 in
1593 4383 1658 4445 suis
1685 4384 1774 4445 Gom·

69 4479 165 4541 meta
194 4478 379 4540 testimonie
413 4478 523 4540 lectori
557 4478 697 4540 studioso
726 4479 801 4539 setis
828 4494 895 4538 esse
949 4482 1122 4557 menteriis,
1152 4482 1244 4543 istam
1273 4498 1419 4560 nempe:
1459 4479 1642 4542 Benedicite
1670 4481 1774 4542 sancti

69 4575 274 4639 credidimus.
318 4577 423 4638 Unum
469 4582 624 4655 superest,
661 4582 696 4636 ut
743 4574 980 4643 nonnulleliet
1007 4578 1142 4640 termites
1171 4579 1264 4640 corde
1290 4578 1439 4641 Domine.
1468 4579 1509 4639 ut
1536 4579 1669 4653 bocest,
1687 4578 1774 4658 quod

70 4674 203 4754 uestigia
260 4673 423 4751 hodiernae
480 4673 689 4737 distinctionis
746 4692 892 4734 versuum
951 4678 1159 4756 Hieronymus
1214 4683 1304 4739 vocat
1343 4680 1527 4758 presentem
1570 4673 1771 4748 versiculum,

10 4760 12 4769 ’
69 4772 277 4834 ostendamus
325 4772 476 4833 exsistere
526 4773 612 4852 apud
654 4772 893 4852 Hieronymum,
946 4775 1228 4855 juxtaantiquam,
1259 4782 1290 4835 et
1320 4792 1383 4834 non
1405 4772 1499 4852 juxte
1527 4772 1773 4835 hodiernamdi-

67 4870 152 4952 quod
170 4887 269 4950 supra
290 4887 340 4931 me
369 4870 524 4931 iacturum
554 4870 696 4949 promisi.
726 4869 894 4932 Sciendum
950 4873 1150 4933 stinctiouem
1167 4890 1325 4933 versuum.
1355 4871 1404 4931 Ad
1433 4869 1496 4930 alia
1520 4869 1772 4950 proindeexem·

65 4967 167 5051 igitur
192 4968 293 5030 verba
321 4968 396 5030 lobi
425 4985 495 5047 cap.
524 4984 598 5042 nur,
627 4986 707 5029 vers.
734 4969 765 5041 e,
782 4968 896 5046 quibus
949 4969 1003 5048 pla
1016 4968 1235 5029 divertendum
1262 4966 1424 5028 nobisest.
1451 4966 1486 5026 ln
1502 4966 1587 5027 Psal.
1604 4964 1773 5028 cxvrrrdu·

63 5067 290 5148 pmnitentiam
325 5083 417 5126 suem
445 5065 610 5145 praedicet,
646 5083 743 5126 unum
772 5067 895 5127 allicere
950 5066 1063 5146 plicem
1080 5066 1313 5127 distinctionem
1339 5082 1487 5124 versuum
1512 5064 1660 5125 usitatam
1679 5062 1773 5122 fuisse

62 5182 195 5227 venum
221 5165 307 5244 apud
333 5167 365 5226 S.
395 5163 635 5244 Hieronymum,
654 5173 689 5227 ut
718 5182 816 5225 unum
845 5164 893 5225 di·
950 5163 1034 5242 apud
1052 5170 1172 5224 veteres
1200 5162 1348 5223 discimus
1374 5179 1392 5222 e
1418 5162 1637 5222 vetustissimis
1659 5176 1773 5219 monu-
1880 5166 1884 5171 '

61 5261 276 5341 anusjuxra
304 5262 491 5324 hodiernam
520 5263 747 5324 uersiculorum
772 5263 897 5324 divisio·
951 5260 1075 5329 mentis,
1105 5278 1144 5320 ex
1172 5258 1356 5337 Hieronymi
1392 5258 1533 5336 epistolis
1561 5275 1623 5317 non
1651 5253 1771 5334 paucis,

61 5378 150 5434 um,
181 5379 201 5419 a
231 5359 432 5422 Hassoretbis
467 5365 655 5422 mutuatam.
695 5364 776 5423 Nam
807 5367 895 5440 post·
950 5365 980 5419 et
1007 5357 1135 5437 egregio
1177 5356 1345 5436 Augustini
1387 5355 1534 5434 Speculo.
1572 5355 1773 5415 Monumenta

60 5476 163 5537 qnam
178 5463 347 5519 monuerat
375 5456 566 5519 praelatione
595 5458 627 5518 in
650 5457 896 5520 librumtobex
950 5456 1163 5518 vetustissima
1189 5457 1250 5518 ista
1278 5460 1375 5516 sunt:
1414 5453 1602 5516 Psalterium
1631 5455 1664 5513 S.
1693 5454 1772 5512 Ger·

63 5557 204 5619 Hebraeo
254 5573 452 5632 conversum,
509 5553 702 5616 hexametris
755 5555 896 5616 versibus
951 5554 1036 5615 meni
1051 5555 1144 5617 toties
1159 5555 1335 5625 laudatum,
1366 5558 1397 5612 et
1425 5548 1617 5630 exemplaria
1637 5550 1700 5612 tria
1713 5551 1772 5613 (la-

66 5653 172 5737 tparuu
207 5653 375 5718 decurrere
415 5652 503 5737 apud
546 5653 705 5730 Hebraeos,
740 5671 759 5715 a
793 5651 896 5714 verbis
950 5651 1225 5717 nouisHebreicoe
1249 5648 1401 5720 veritatis,
1428 5646 1776 5720 ultraclusanae
