<?xml version="1.0" encoding="UTF-8"?>
<!DOCTYPE html PUBLIC "-//W3C//DTD XHTML 1.0 Transitional//EN"
    "http://www.w3.org/TR/xhtml1/DTD/xhtml1-transitional.dtd">
<html xmlns="http://www.w3.org/1999/xhtml" xml:lang="en" lang="en">
 <head>
  <title>
</title>
<meta http-equiv="Content-Type" content="text/html;charset=utf-8" />
  <meta name='ocr-system' content='tesseract 3.04.00' />
  <meta name='ocr-capabilities' content='ocr_page ocr_carea ocr_par ocr_line ocrx_word'/>
</head>
<body>
  <div class='ocr_page' id='page_1' title='image "./patrologiaecurs13goog_0289.png"; bbox 0 0 3870 6120; ppageno 0'>
   <div class='ocr_carea' id='block_1_1' title="bbox 7 244 1823 329">
    <p class='ocr_par' dir='ltr' id='par_1_1' title="bbox 7 244 1823 329">
     <span class='ocr_line' id='line_1_1' title="bbox 7 244 1823 329; baseline -0.005 1"><span class='ocrx_word' id='word_1_1' title='bbox 7 244 13 255; x_wconf 81' lang='grc'><strong>’</strong></span> <span class='ocrx_word' id='word_1_2' title='bbox 106 271 163 329; x_wconf 78' lang='lat' dir='ltr'><strong>ext</strong></span> <span class='ocrx_word' id='word_1_3' title='bbox 629 267 658 322; x_wconf 90' lang='lat' dir='ltr'><strong>s.</strong></span> <span class='ocrx_word' id='word_1_4' title='bbox 680 265 885 323; x_wconf 71' lang='lat' dir='ltr'><strong>maenam</strong></span> <span class='ocrx_word' id='word_1_5' title='bbox 904 269 1033 325; x_wconf 80' lang='lat' dir='ltr'><strong>arvina</strong></span> <span class='ocrx_word' id='word_1_6' title='bbox 1049 270 1297 327; x_wconf 81' lang='lat' dir='ltr'><strong>sxamoraam.</strong></span> <span class='ocrx_word' id='word_1_7' title='bbox 1769 265 1823 323; x_wconf 78' lang='lat' dir='ltr'><strong>saa</strong></span> 
     </span>
    </p>
   </div>
   <div class='ocr_carea' id='block_1_2' title="bbox 44 389 1827 1982">
    <p class='ocr_par' dir='ltr' id='par_1_2' title="bbox 44 389 1827 1982">
     <span class='ocr_line' id='line_1_2' title="bbox 111 389 1824 468; baseline -0.003 -14"><span class='ocrx_word' id='word_1_8' title='bbox 111 413 168 454; x_wconf 91' lang='lat' dir='ltr'><strong>nus</strong></span> <span class='ocrx_word' id='word_1_9' title='bbox 179 396 254 468; x_wconf 75' lang='lat' dir='ltr'><strong>ejus.</strong></span> <span class='ocrx_word' id='word_1_10' title='bbox 268 392 474 464; x_wconf 76' lang='lat' dir='ltr'><strong>percussitque</strong></span> <span class='ocrx_word' id='word_1_11' title='bbox 486 391 521 448; x_wconf 89' lang='lat' dir='ltr'><strong>ab</strong></span> <span class='ocrx_word' id='word_1_12' title='bbox 532 402 622 447; x_wconf 77' lang='lat' dir='ltr'><strong>aroer</strong></span> <span class='ocrx_word' id='word_1_13' title='bbox 633 389 807 462; x_wconf 89' lang='lat' dir='ltr'><strong>usquedum</strong></span> <span class='ocrx_word' id='word_1_14' title='bbox 818 389 937 447; x_wconf 83' lang='lat' dir='ltr'><strong>venicus</strong></span> <span class='ocrx_word' id='word_1_15' title='bbox 952 395 978 463; x_wconf 79' lang='grc' dir='ltr'>Α</span> <span class='ocrx_word' id='word_1_16' title='bbox 994 407 1085 448; x_wconf 88' lang='lat' dir='ltr'><strong>meas.</strong></span> <span class='ocrx_word' id='word_1_17' title='bbox 1098 393 1170 458; x_wconf 88' lang='lat' dir='ltr'>Quid</span> <span class='ocrx_word' id='word_1_18' title='bbox 1188 393 1360 463; x_wconf 78' lang='lat' dir='ltr'>commerui,</span> <span class='ocrx_word' id='word_1_19' title='bbox 1377 399 1409 453; x_wconf 92' lang='lat' dir='ltr'><strong>ut</strong></span> <span class='ocrx_word' id='word_1_20' title='bbox 1430 396 1583 453; x_wconf 81' lang='lat' dir='ltr'><strong>adeersum</strong></span> <span class='ocrx_word' id='word_1_21' title='bbox 1597 408 1644 453; x_wconf 86' lang='lat' dir='ltr'><strong>ma</strong></span> <span class='ocrx_word' id='word_1_22' title='bbox 1659 408 1824 465; x_wconf 80' lang='lat' dir='ltr'><strong>consurga-</strong></span> 
     </span>
     <span class='ocr_line' id='line_1_3' title="bbox 112 477 1826 558; baseline -0.004 -15"><span class='ocrx_word' id='word_1_23' title='bbox 112 486 141 543; x_wconf 91' lang='lat' dir='ltr'><strong>iu</strong></span> <span class='ocrx_word' id='word_1_24' title='bbox 157 484 301 554; x_wconf 89' lang='lat' dir='ltr'><strong>ltlennith,</strong></span> <span class='ocrx_word' id='word_1_25' title='bbox 313 481 416 555; x_wconf 82' lang='lat' dir='ltr'><strong>viginti</strong></span> <span class='ocrx_word' id='word_1_26' title='bbox 430 480 572 548; x_wconf 82' lang='lat' dir='ltr'><strong>civitates,</strong></span> <span class='ocrx_word' id='word_1_27' title='bbox 584 484 613 536; x_wconf 89' lang='lat' dir='ltr'><strong>et</strong></span> <span class='ocrx_word' id='word_1_28' title='bbox 625 496 719 558; x_wconf 83' lang='lat' dir='ltr'><strong>usqua</strong></span> <span class='ocrx_word' id='word_1_29' title='bbox 731 478 766 535; x_wconf 93' lang='lat' dir='ltr'><strong>ad</strong></span> <span class='ocrx_word' id='word_1_30' title='bbox 780 477 861 549; x_wconf 81' lang='lat' dir='ltr'><strong>abel,</strong></span> <span class='ocrx_word' id='word_1_31' title='bbox 875 495 939 552; x_wconf 86' lang='lat' dir='ltr'><strong>quas</strong></span> <span class='ocrx_word' id='word_1_32' title='bbox 993 479 1031 537; x_wconf 89' lang='lat' dir='ltr'><strong>tis</strong></span> <span class='ocrx_word' id='word_1_33' title='bbox 1046 481 1073 536; x_wconf 91' lang='lat' dir='ltr'><strong>in</strong></span> <span class='ocrx_word' id='word_1_34' title='bbox 1090 481 1250 554; x_wconf 77' lang='lat' dir='ltr'><strong>prelium?</strong></span> <span class='ocrx_word' id='word_1_35' title='bbox 1271 480 1388 542; x_wconf 87' lang='lat' dir='ltr'><strong>Vocatis</strong></span> <span class='ocrx_word' id='word_1_36' title='bbox 1408 483 1507 558; x_wconf 89' lang='lat' dir='ltr'><strong>itaque</strong></span> <span class='ocrx_word' id='word_1_37' title='bbox 1522 485 1558 541; x_wconf 92' lang='lat' dir='ltr'><strong>ad</strong></span> <span class='ocrx_word' id='word_1_38' title='bbox 1575 499 1607 541; x_wconf 85' lang='lat' dir='ltr'><strong>se</strong></span> <span class='ocrx_word' id='word_1_39' title='bbox 1620 481 1738 541; x_wconf 88' lang='lat' dir='ltr'><strong>cunctis</strong></span> <span class='ocrx_word' id='word_1_40' title='bbox 1755 480 1826 537; x_wconf 84' lang='lat' dir='ltr'><strong>viris</strong></span> 
     </span>
     <span class='ocr_line' id='line_1_4' title="bbox 112 567 1825 647; baseline -0.003 -16"><span class='ocrx_word' id='word_1_41' title='bbox 112 572 258 631; x_wconf 85' lang='lat' dir='ltr'><strong>estvineis</strong></span> <span class='ocrx_word' id='word_1_42' title='bbox 269 570 392 636; x_wconf 88' lang='lat' dir='ltr'><strong>consita,</strong></span> <span class='ocrx_word' id='word_1_43' title='bbox 405 567 715 642; x_wconf 81' lang='lat' dir='ltr'><strong>plagamagaanimis.</strong></span> <span class='ocrx_word' id='word_1_44' title='bbox 727 567 941 641; x_wconf 85' lang='lat' dir='ltr'><strong>llumiliatique</strong></span> <span class='ocrx_word' id='word_1_45' title='bbox 993 569 1114 639; x_wconf 88' lang='lat' dir='ltr'><strong>Galaad,</strong></span> <span class='ocrx_word' id='word_1_46' title='bbox 1129 573 1281 645; x_wconf 79' lang='lat' dir='ltr'><strong>pugnabat</strong></span> <span class='ocrx_word' id='word_1_47' title='bbox 1295 578 1399 631; x_wconf 89' lang='lat' dir='ltr'><strong>contra</strong></span> <span class='ocrx_word' id='word_1_48' title='bbox 1413 573 1552 647; x_wconf 77' lang='lat' dir='ltr'><strong>Ephraim</strong></span> <span class='ocrx_word' id='word_1_49' title='bbox 1569 590 1576 630; x_wconf 93' lang='lat'>:</span> <span class='ocrx_word' id='word_1_50' title='bbox 1593 573 1825 646; x_wconf 86' lang='lat' dir='ltr'><strong>percusserunt-</strong></span> 
     </span>
     <span class='ocr_line' id='line_1_5' title="bbox 112 656 1827 736; baseline -0.002 -17"><span class='ocrx_word' id='word_1_51' title='bbox 112 668 182 720; x_wconf 86' lang='lat' dir='ltr'><strong>sunt</strong></span> <span class='ocrx_word' id='word_1_52' title='bbox 198 660 249 717; x_wconf 84' lang='lat' dir='ltr'><strong>filii</strong></span> <span class='ocrx_word' id='word_1_53' title='bbox 266 663 393 716; x_wconf 87' lang='lat' dir='ltr'><strong>Ammon</strong></span> <span class='ocrx_word' id='word_1_54' title='bbox 417 675 433 714; x_wconf 90' lang='lat' dir='ltr'><strong>a</strong></span> <span class='ocrx_word' id='word_1_55' title='bbox 458 658 527 715; x_wconf 88' lang='lat' dir='ltr'><strong>filiis</strong></span> <span class='ocrx_word' id='word_1_56' title='bbox 544 656 642 714; x_wconf 84' lang='lat' dir='ltr'><strong>lsrael.</strong></span> <span class='ocrx_word' id='word_1_57' title='bbox 660 657 825 713; x_wconf 87' lang='lat' dir='ltr'><strong>Revertenti</strong></span> <span class='ocrx_word' id='word_1_58' title='bbox 840 661 938 714; x_wconf 84' lang='lat' dir='ltr'><strong>autem</strong></span> <span class='ocrx_word' id='word_1_59' title='bbox 993 675 1051 732; x_wconf 89' lang='lat' dir='ltr'><strong>que</strong></span> <span class='ocrx_word' id='word_1_60' title='bbox 1065 660 1120 715; x_wconf 88' lang='lat' dir='ltr'><strong>viri</strong></span> <span class='ocrx_word' id='word_1_61' title='bbox 1136 660 1243 718; x_wconf 87' lang='lat' dir='ltr'><strong>Galaad</strong></span> <span class='ocrx_word' id='word_1_62' title='bbox 1260 661 1410 736; x_wconf 76' lang='lat' dir='ltr'><strong>Ephraim,</strong></span> <span class='ocrx_word' id='word_1_63' title='bbox 1426 663 1497 736; x_wconf 91' lang='lat' dir='ltr'><strong>quia</strong></span> <span class='ocrx_word' id='word_1_64' title='bbox 1510 664 1646 720; x_wconf 75' lang='lat' dir='ltr'><strong>dixerat:</strong></span> <span class='ocrx_word' id='word_1_65' title='bbox 1668 660 1827 735; x_wconf 81' lang='lat' dir='ltr'><strong>Fugitieus</strong></span> 
     </span>
     <span class='ocr_line' id='line_1_6' title="bbox 110 745 1826 824; baseline -0.003 -15"><span class='ocrx_word' id='word_1_66' title='bbox 110 745 940 824; x_wconf 80' lang='lat' dir='ltr'><strong>lephtheinltlaspbadomumsuamoccurritunigenita</strong></span> <span class='ocrx_word' id='word_1_67' title='bbox 993 754 1039 806; x_wconf 88' lang='lat' dir='ltr'><strong>est</strong></span> <span class='ocrx_word' id='word_1_68' title='bbox 1071 749 1177 807; x_wconf 89' lang='lat' dir='ltr'><strong>Galaad</strong></span> <span class='ocrx_word' id='word_1_69' title='bbox 1208 751 1243 807; x_wconf 88' lang='lat' dir='ltr'><strong>de</strong></span> <span class='ocrx_word' id='word_1_70' title='bbox 1272 752 1427 824; x_wconf 78' lang='lat' dir='ltr'><strong>Ephraim,</strong></span> <span class='ocrx_word' id='word_1_71' title='bbox 1457 757 1486 810; x_wconf 90' lang='lat' dir='ltr'><strong>et</strong></span> <span class='ocrx_word' id='word_1_72' title='bbox 1522 752 1636 808; x_wconf 88' lang='lat' dir='ltr'><strong>habitat</strong></span> <span class='ocrx_word' id='word_1_73' title='bbox 1665 750 1696 807; x_wconf 91' lang='lat' dir='ltr'><strong>iu</strong></span> <span class='ocrx_word' id='word_1_74' title='bbox 1726 749 1826 807; x_wconf 88' lang='lat' dir='ltr'><strong>medio</strong></span> 
     </span>
     <span class='ocr_line' id='line_1_7' title="bbox 112 833 1825 914; baseline -0.001 -18"><span class='ocrx_word' id='word_1_75' title='bbox 112 840 173 896; x_wconf 87' lang='lat' dir='ltr'><strong>lilia</strong></span> <span class='ocrx_word' id='word_1_76' title='bbox 188 855 254 894; x_wconf 90' lang='lat' dir='ltr'><strong>cum</strong></span> <span class='ocrx_word' id='word_1_77' title='bbox 271 837 420 912; x_wconf 66' lang='lat' dir='ltr'><strong>tympanis</strong></span> <span class='ocrx_word' id='word_1_78' title='bbox 441 841 469 892; x_wconf 91' lang='lat' dir='ltr'><strong>ot</strong></span> <span class='ocrx_word' id='word_1_79' title='bbox 492 837 599 892; x_wconf 87' lang='lat' dir='ltr'><strong>eboris.</strong></span> <span class='ocrx_word' id='word_1_80' title='bbox 616 835 679 891; x_wconf 90' lang='lat' dir='ltr'><strong>Non</strong></span> <span class='ocrx_word' id='word_1_81' title='bbox 708 836 786 890; x_wconf 90' lang='lat' dir='ltr'><strong>enim</strong></span> <span class='ocrx_word' id='word_1_82' title='bbox 814 833 941 891; x_wconf 87' lang='lat' dir='ltr'><strong>habebat</strong></span> <span class='ocrx_word' id='word_1_83' title='bbox 993 837 1132 911; x_wconf 83' lang='lat' dir='ltr'><strong>Ephraim</strong></span> <span class='ocrx_word' id='word_1_84' title='bbox 1156 845 1184 897; x_wconf 88' lang='lat' dir='ltr'><strong>et</strong></span> <span class='ocrx_word' id='word_1_85' title='bbox 1208 840 1352 898; x_wconf 86' lang='lat' dir='ltr'><strong>ltlanasse.</strong></span> <span class='ocrx_word' id='word_1_86' title='bbox 1368 841 1646 914; x_wconf 85' lang='lat' dir='ltr'><strong>Occupaveruntque</strong></span> <span class='ocrx_word' id='word_1_87' title='bbox 1660 838 1825 897; x_wconf 83' lang='lat' dir='ltr'><strong>Galaaditu</strong></span> 
     </span>
     <span class='ocr_line' id='line_1_8' title="bbox 111 923 1824 1004; baseline -0.001 -19"><span class='ocrx_word' id='word_1_88' title='bbox 111 927 183 985; x_wconf 89' lang='lat' dir='ltr'><strong>alios</strong></span> <span class='ocrx_word' id='word_1_89' title='bbox 209 927 408 994; x_wconf 72' lang='lat' dir='ltr'><strong>liberosttua</strong></span> <span class='ocrx_word' id='word_1_90' title='bbox 431 925 504 992; x_wconf 81' lang='lat' dir='ltr'><strong>vis-i,</strong></span> <span class='ocrx_word' id='word_1_91' title='bbox 522 923 801 981; x_wconf 83' lang='lat' dir='ltr'><strong>aciditrostimenta</strong></span> <span class='ocrx_word' id='word_1_92' title='bbox 831 927 941 991; x_wconf 65' lang='lat' dir='ltr'><strong>sumet</strong></span> <span class='ocrx_word' id='word_1_93' title='bbox 993 928 1229 999; x_wconf 84' lang='lat' dir='ltr'><strong>vadalordanis‚</strong></span> <span class='ocrx_word' id='word_1_94' title='bbox 1248 946 1299 1002; x_wconf 89' lang='lat' dir='ltr'><strong>per</strong></span> <span class='ocrx_word' id='word_1_95' title='bbox 1314 948 1377 1003; x_wconf 79' lang='lat' dir='ltr'><strong>qua</strong></span> <span class='ocrx_word' id='word_1_96' title='bbox 1393 930 1531 1004; x_wconf 87' lang='lat' dir='ltr'><strong>Ephraim</strong></span> <span class='ocrx_word' id='word_1_97' title='bbox 1547 946 1723 987; x_wconf 88' lang='lat' dir='ltr'><strong>reversurus</strong></span> <span class='ocrx_word' id='word_1_98' title='bbox 1748 933 1824 984; x_wconf 83' lang='lat' dir='ltr'><strong>erat.</strong></span> 
     </span>
     <span class='ocr_line' id='line_1_9' title="bbox 111 1013 1826 1101; baseline -0.001 -26"><span class='ocrx_word' id='word_1_99' title='bbox 111 1019 171 1075; x_wconf 87' lang='lat' dir='ltr'><strong>ait:</strong></span> <span class='ocrx_word' id='word_1_100' title='bbox 199 1019 277 1074; x_wconf 87' lang='lat' dir='ltr'><strong>tleut</strong></span> <span class='ocrx_word' id='word_1_101' title='bbox 302 1017 392 1088; x_wconf 80' lang='lat' dir='ltr'><strong>[Vutq.</strong></span> <span class='ocrx_word' id='word_1_102' title='bbox 412 1015 489 1071; x_wconf 82' lang='lat' dir='ltr'><strong>addit</strong></span> <span class='ocrx_word' id='word_1_103' title='bbox 505 1015 562 1087; x_wconf 85' lang='lat' dir='ltr'><strong>me]</strong></span> <span class='ocrx_word' id='word_1_104' title='bbox 580 1013 639 1070; x_wconf 83' lang='lat' dir='ltr'><strong>illia</strong></span> <span class='ocrx_word' id='word_1_105' title='bbox 656 1014 708 1082; x_wconf 91' lang='lat' dir='ltr'><strong>mi,</strong></span> <span class='ocrx_word' id='word_1_106' title='bbox 724 1014 865 1087; x_wconf 75' lang='lat' dir='ltr'><strong>decepisti</strong></span> <span class='ocrx_word' id='word_1_107' title='bbox 882 1029 939 1101; x_wconf 58' lang='lat' dir='ltr'><strong>me,</strong></span> <span class='ocrx_word' id='word_1_108' title='bbox 994 1015 1123 1089; x_wconf 84' lang='lat' dir='ltr'><strong>Cumque</strong></span> <span class='ocrx_word' id='word_1_109' title='bbox 1135 1018 1264 1075; x_wconf 89' lang='lat' dir='ltr'><strong>venisset</strong></span> <span class='ocrx_word' id='word_1_110' title='bbox 1289 1021 1324 1076; x_wconf 88' lang='lat' dir='ltr'><strong>ad</strong></span> <span class='ocrx_word' id='word_1_111' title='bbox 1350 1036 1384 1076; x_wconf 87' lang='lat' dir='ltr'><strong>ea</strong></span> <span class='ocrx_word' id='word_1_112' title='bbox 1408 1021 1445 1077; x_wconf 96' lang='lat' dir='ltr'><strong>de</strong></span> <span class='ocrx_word' id='word_1_113' title='bbox 1467 1019 1605 1093; x_wconf 82' lang='lat' dir='ltr'><strong>Ephraim</strong></span> <span class='ocrx_word' id='word_1_114' title='bbox 1623 1035 1760 1088; x_wconf 89' lang='lat' dir='ltr'><strong>numero,</strong></span> <span class='ocrx_word' id='word_1_115' title='bbox 1779 1018 1826 1074; x_wconf 86' lang='lat' dir='ltr'><strong>iu-</strong></span> 
     </span>
     <span class='ocr_line' id='line_1_10' title="bbox 110 1102 1825 1180; baseline 0 -18"><span class='ocrx_word' id='word_1_116' title='bbox 110 1111 139 1163; x_wconf 93' lang='lat' dir='ltr'><strong>et</strong></span> <span class='ocrx_word' id='word_1_117' title='bbox 155 1106 220 1179; x_wconf 89' lang='lat' dir='ltr'><strong>ipsa</strong></span> <span class='ocrx_word' id='word_1_118' title='bbox 235 1108 355 1177; x_wconf 86' lang='lat' dir='ltr'><strong>decepta</strong></span> <span class='ocrx_word' id='word_1_119' title='bbox 370 1122 402 1161; x_wconf 89' lang='lat' dir='ltr'><strong>es</strong></span> <span class='ocrx_word' id='word_1_120' title='bbox 419 1123 425 1161; x_wconf 89' lang='lat'>:</span> <span class='ocrx_word' id='word_1_121' title='bbox 443 1103 543 1176; x_wconf 87' lang='lat' dir='ltr'><strong>aperui</strong></span> <span class='ocrx_word' id='word_1_122' title='bbox 557 1103 636 1162; x_wconf 89' lang='lat' dir='ltr'><strong>enim</strong></span> <span class='ocrx_word' id='word_1_123' title='bbox 652 1119 685 1159; x_wconf 92' lang='lat' dir='ltr'><strong>os</strong></span> <span class='ocrx_word' id='word_1_124' title='bbox 701 1118 798 1158; x_wconf 90' lang='lat' dir='ltr'><strong>meum</strong></span> <span class='ocrx_word' id='word_1_125' title='bbox 820 1103 856 1158; x_wconf 89' lang='lat' dir='ltr'><strong>ad</strong></span> <span class='ocrx_word' id='word_1_126' title='bbox 881 1102 938 1158; x_wconf 87' lang='lat' dir='ltr'><strong>Do·</strong></span> <span class='ocrx_word' id='word_1_127' title='bbox 993 1106 1089 1179; x_wconf 80' lang='lat' dir='ltr'><strong>glans,</strong></span> <span class='ocrx_word' id='word_1_128' title='bbox 1100 1112 1189 1180; x_wconf 88' lang='lat' dir='ltr'><strong>atque</strong></span> <span class='ocrx_word' id='word_1_129' title='bbox 1204 1108 1347 1165; x_wconf 77' lang='lat' dir='ltr'><strong>dixisset:</strong></span> <span class='ocrx_word' id='word_1_130' title='bbox 1364 1108 1491 1167; x_wconf 80' lang='lat' dir='ltr'><strong>Obsecro</strong></span> <span class='ocrx_word' id='word_1_131' title='bbox 1504 1114 1536 1165; x_wconf 90' lang='lat' dir='ltr'><strong>ut</strong></span> <span class='ocrx_word' id='word_1_132' title='bbox 1551 1125 1598 1164; x_wconf 88' lang='lat' dir='ltr'><strong>me</strong></span> <span class='ocrx_word' id='word_1_133' title='bbox 1612 1107 1743 1164; x_wconf 89' lang='lat' dir='ltr'><strong>transire</strong></span> <span class='ocrx_word' id='word_1_134' title='bbox 1758 1123 1825 1179; x_wconf 89' lang='lat' dir='ltr'><strong>pcr-</strong></span> 
     </span>
     <span class='ocr_line' id='line_1_11' title="bbox 110 1188 1825 1268; baseline 0 -17"><span class='ocrx_word' id='word_1_135' title='bbox 110 1195 236 1263; x_wconf 87' lang='lat' dir='ltr'><strong>minum,</strong></span> <span class='ocrx_word' id='word_1_136' title='bbox 253 1200 281 1249; x_wconf 86' lang='lat' dir='ltr'><strong>ct</strong></span> <span class='ocrx_word' id='word_1_137' title='bbox 296 1192 375 1248; x_wconf 88' lang='lat' dir='ltr'><strong>aliud</strong></span> <span class='ocrx_word' id='word_1_138' title='bbox 403 1192 496 1248; x_wconf 88' lang='lat' dir='ltr'><strong>lacere</strong></span> <span class='ocrx_word' id='word_1_139' title='bbox 519 1208 577 1247; x_wconf 91' lang='lat' dir='ltr'><strong>non</strong></span> <span class='ocrx_word' id='word_1_140' title='bbox 604 1194 715 1264; x_wconf 90' lang='lat' dir='ltr'><strong>poturo.</strong></span> <span class='ocrx_word' id='word_1_141' title='bbox 739 1188 793 1248; x_wconf 83' lang='lat' dir='ltr'><strong>cul</strong></span> <span class='ocrx_word' id='word_1_142' title='bbox 820 1189 870 1246; x_wconf 89' lang='lat' dir='ltr'><strong>iila</strong></span> <span class='ocrx_word' id='word_1_143' title='bbox 895 1205 941 1245; x_wconf 89' lang='lat' dir='ltr'><strong>re·</strong></span> <span class='ocrx_word' id='word_1_144' title='bbox 995 1196 1120 1251; x_wconf 88' lang='lat' dir='ltr'><strong>mittatis</strong></span> <span class='ocrx_word' id='word_1_145' title='bbox 1137 1213 1143 1251; x_wconf 93' lang='lat'>:</span> <span class='ocrx_word' id='word_1_146' title='bbox 1161 1196 1296 1253; x_wconf 88' lang='lat' dir='ltr'><strong>dicebant</strong></span> <span class='ocrx_word' id='word_1_147' title='bbox 1310 1196 1336 1253; x_wconf 90' lang='lat' dir='ltr'><strong>ci</strong></span> <span class='ocrx_word' id='word_1_148' title='bbox 1350 1197 1531 1254; x_wconf 85' lang='lat' dir='ltr'><strong>Galaaditae:</strong></span> <span class='ocrx_word' id='word_1_149' title='bbox 1554 1196 1693 1268; x_wconf 86' lang='lat' dir='ltr'><strong>Nunquid</strong></span> <span class='ocrx_word' id='word_1_150' title='bbox 1709 1195 1825 1268; x_wconf 88' lang='lat' dir='ltr'><strong>Ephra-</strong></span> 
     </span>
     <span class='ocr_line' id='line_1_12' title="bbox 111 1279 1827 1359; baseline -0.006 -7"><span class='ocrx_word' id='word_1_151' title='bbox 111 1285 230 1356; x_wconf 66' lang='grc' dir='ltr'><strong>8901111η</strong></span> <span class='ocrx_word' id='word_1_152' title='bbox 247 1300 254 1339; x_wconf 90' lang='lat'><strong>:</strong></span> <span class='ocrx_word' id='word_1_153' title='bbox 271 1287 356 1338; x_wconf 65' lang='lat' dir='ltr'><strong>Peles</strong></span> <span class='ocrx_word' id='word_1_154' title='bbox 372 1281 423 1349; x_wconf 68' lang='lat' dir='ltr'><strong>ml,</strong></span> <span class='ocrx_word' id='word_1_155' title='bbox 439 1280 463 1338; x_wconf 76' lang='grc' dir='ltr'><strong>θῑ</strong></span> <span class='ocrx_word' id='word_1_156' title='bbox 479 1281 619 1354; x_wconf 64' lang='grc' dir='ltr'><strong>θρθΐΰῑθῑῑ</strong></span> <span class='ocrx_word' id='word_1_157' title='bbox 636 1297 668 1335; x_wconf 84' lang='lat' dir='ltr'><strong>0s</strong></span> <span class='ocrx_word' id='word_1_158' title='bbox 683 1284 767 1336; x_wconf 68' lang='lat' dir='ltr'><strong>tuum</strong></span> <span class='ocrx_word' id='word_1_159' title='bbox 785 1279 820 1335; x_wconf 71' lang='lat' dir='ltr'><strong>al</strong></span> <span class='ocrx_word' id='word_1_160' title='bbox 838 1279 938 1336; x_wconf 78' lang='lat' dir='ltr'><strong>Domi·</strong></span> <span class='ocrx_word' id='word_1_161' title='bbox 993 1284 1087 1341; x_wconf 84' lang='lat' dir='ltr'><strong>tbaus</strong></span> <span class='ocrx_word' id='word_1_162' title='bbox 1104 1286 1160 1342; x_wconf 84' lang='lat' dir='ltr'><strong>aa?</strong></span> <span class='ocrx_word' id='word_1_163' title='bbox 1175 1303 1233 1359; x_wconf 91' lang='lat' dir='ltr'><strong>quo</strong></span> <span class='ocrx_word' id='word_1_164' title='bbox 1248 1288 1385 1343; x_wconf 87' lang='lat' dir='ltr'><strong>dicente:</strong></span> <span class='ocrx_word' id='word_1_165' title='bbox 1411 1286 1473 1343; x_wconf 89' lang='lat' dir='ltr'><strong>Non</strong></span> <span class='ocrx_word' id='word_1_166' title='bbox 1489 1303 1554 1342; x_wconf 90' lang='lat' dir='ltr'><strong>sum</strong></span> <span class='ocrx_word' id='word_1_167' title='bbox 1572 1304 1579 1343; x_wconf 88' lang='lat'>:</span> <span class='ocrx_word' id='word_1_168' title='bbox 1596 1284 1827 1358; x_wconf 80' lang='lat' dir='ltr'><strong>interrogabant</strong></span> 
     </span>
     <span class='ocr_line' id='line_1_13' title="bbox 110 1369 1826 1449; baseline -0.001 -17"><span class='ocrx_word' id='word_1_169' title='bbox 110 1392 191 1444; x_wconf 92' lang='lat' dir='ltr'><strong>num,</strong></span> <span class='ocrx_word' id='word_1_170' title='bbox 209 1375 252 1431; x_wconf 88' lang='lat' dir='ltr'><strong>lac</strong></span> <span class='ocrx_word' id='word_1_171' title='bbox 270 1372 341 1429; x_wconf 91' lang='lat' dir='ltr'><strong>mihi</strong></span> <span class='ocrx_word' id='word_1_172' title='bbox 359 1373 556 1445; x_wconf 88' lang='lat' dir='ltr'><strong>quodeunque</strong></span> <span class='ocrx_word' id='word_1_173' title='bbox 569 1369 719 1443; x_wconf 90' lang='lat' dir='ltr'><strong>pollicitus</strong></span> <span class='ocrx_word' id='word_1_174' title='bbox 739 1387 781 1439; x_wconf 87' lang='lat' dir='ltr'><strong>as,</strong></span> <span class='ocrx_word' id='word_1_175' title='bbox 798 1385 939 1427; x_wconf 85' lang='lat' dir='ltr'><strong>concessa</strong></span> <span class='ocrx_word' id='word_1_176' title='bbox 992 1391 1079 1431; x_wconf 88' lang='lat' dir='ltr'><strong>eum:</strong></span> <span class='ocrx_word' id='word_1_177' title='bbox 1096 1374 1147 1432; x_wconf 90' lang='lat' dir='ltr'><strong>Dio</strong></span> <span class='ocrx_word' id='word_1_178' title='bbox 1163 1392 1230 1447; x_wconf 81' lang='lat' dir='ltr'><strong>ergo</strong></span> <span class='ocrx_word' id='word_1_179' title='bbox 1246 1375 1398 1433; x_wconf 82' lang='lat' dir='ltr'><strong>sibboleth</strong></span> <span class='ocrx_word' id='word_1_180' title='bbox 1410 1379 1418 1412; x_wconf 92' lang='lat'><strong>¹</strong></span> <span class='ocrx_word' id='word_1_181' title='bbox 1432 1375 1593 1449; x_wconf 83' lang='lat' dir='ltr'><strong>[Sibbolcth</strong></span> <span class='ocrx_word' id='word_1_182' title='bbox 1610 1391 1664 1448; x_wconf 87' lang='lat' dir='ltr'><strong>per</strong></span> <span class='ocrx_word' id='word_1_183' title='bbox 1679 1375 1745 1442; x_wconf 86' lang='lat' dir='ltr'><strong>Sia,</strong></span> <span class='ocrx_word' id='word_1_184' title='bbox 1757 1374 1826 1431; x_wconf 90' lang='lat' dir='ltr'><strong>Zib-</strong></span> 
     </span>
     <span class='ocr_line' id='line_1_14' title="bbox 109 1458 1821 1537; baseline -0.002 -15"><span class='ocrx_word' id='word_1_185' title='bbox 109 1465 162 1522; x_wconf 92' lang='lat' dir='ltr'><strong>tibi</strong></span> <span class='ocrx_word' id='word_1_186' title='bbox 180 1464 291 1521; x_wconf 89' lang='lat' dir='ltr'><strong>ultione</strong></span> <span class='ocrx_word' id='word_1_187' title='bbox 307 1471 393 1535; x_wconf 88' lang='lat' dir='ltr'><strong>atque</strong></span> <span class='ocrx_word' id='word_1_188' title='bbox 407 1462 528 1517; x_wconf 90' lang='lat' dir='ltr'><strong>victoria</strong></span> <span class='ocrx_word' id='word_1_189' title='bbox 544 1462 579 1517; x_wconf 92' lang='lat' dir='ltr'><strong>de</strong></span> <span class='ocrx_word' id='word_1_190' title='bbox 602 1460 738 1517; x_wconf 81' lang='lat' dir='ltr'><strong>hostibus</strong></span> <span class='ocrx_word' id='word_1_191' title='bbox 760 1459 831 1516; x_wconf 90' lang='lat' dir='ltr'><strong>tuis.</strong></span> <span class='ocrx_word' id='word_1_192' title='bbox 846 1458 938 1516; x_wconf 82' lang='lat' dir='ltr'><strong>Dixit·</strong></span> <span class='ocrx_word' id='word_1_193' title='bbox 991 1463 1088 1521; x_wconf 89' lang='lat' dir='ltr'><strong>boletb</strong></span> <span class='ocrx_word' id='word_1_194' title='bbox 1106 1481 1157 1537; x_wconf 91' lang='lat' dir='ltr'><strong>per</strong></span> <span class='ocrx_word' id='word_1_195' title='bbox 1169 1463 1318 1536; x_wconf 90' lang='lat' dir='ltr'><strong>Zamaeh],</strong></span> <span class='ocrx_word' id='word_1_196' title='bbox 1329 1465 1406 1536; x_wconf 92' lang='lat' dir='ltr'><strong>quod</strong></span> <span class='ocrx_word' id='word_1_197' title='bbox 1424 1465 1635 1537; x_wconf 88' lang='lat' dir='ltr'><strong>interpretatur</strong></span> <span class='ocrx_word' id='word_1_198' title='bbox 1649 1466 1750 1536; x_wconf 84' lang='lat' dir='ltr'><strong>Spica.</strong></span> <span class='ocrx_word' id='word_1_199' title='bbox 1766 1463 1821 1531; x_wconf 86' lang='lat' dir='ltr'><strong>Qui</strong></span> 
     </span>
     <span class='ocr_line' id='line_1_15' title="bbox 110 1549 1823 1627; baseline -0.002 -16"><span class='ocrx_word' id='word_1_200' title='bbox 110 1572 165 1627; x_wconf 87' lang='lat' dir='ltr'><strong>qua</strong></span> <span class='ocrx_word' id='word_1_201' title='bbox 180 1555 215 1611; x_wconf 89' lang='lat' dir='ltr'><strong>ad</strong></span> <span class='ocrx_word' id='word_1_202' title='bbox 233 1556 348 1627; x_wconf 88' lang='lat' dir='ltr'><strong>patrem</strong></span> <span class='ocrx_word' id='word_1_203' title='bbox 367 1570 373 1609; x_wconf 93' lang='lat'>:</span> <span class='ocrx_word' id='word_1_204' title='bbox 396 1555 456 1608; x_wconf 88' lang='lat' dir='ltr'><strong>Hoc</strong></span> <span class='ocrx_word' id='word_1_205' title='bbox 480 1549 576 1608; x_wconf 88' lang='lat' dir='ltr'><strong>solum</strong></span> <span class='ocrx_word' id='word_1_206' title='bbox 593 1549 665 1605; x_wconf 90' lang='lat' dir='ltr'><strong>mihi</strong></span> <span class='ocrx_word' id='word_1_207' title='bbox 682 1552 799 1621; x_wconf 83' lang='lat' dir='ltr'><strong>praesta,</strong></span> <span class='ocrx_word' id='word_1_208' title='bbox 815 1549 892 1621; x_wconf 93' lang='lat' dir='ltr'><strong>quod</strong></span> <span class='ocrx_word' id='word_1_209' title='bbox 910 1553 937 1605; x_wconf 90' lang='lat' dir='ltr'><strong>te</strong></span> <span class='ocrx_word' id='word_1_210' title='bbox 991 1553 1188 1625; x_wconf 88' lang='lat' dir='ltr'><strong>respondebat</strong></span> <span class='ocrx_word' id='word_1_211' title='bbox 1203 1552 1366 1620; x_wconf 80' lang='lat' dir='ltr'><strong>zibboleth,</strong></span> <span class='ocrx_word' id='word_1_212' title='bbox 1383 1554 1485 1610; x_wconf 89' lang='lat' dir='ltr'><strong>eadem</strong></span> <span class='ocrx_word' id='word_1_213' title='bbox 1509 1552 1607 1610; x_wconf 86' lang='lat' dir='ltr'><strong>littera</strong></span> <span class='ocrx_word' id='word_1_214' title='bbox 1631 1552 1748 1625; x_wconf 90' lang='lat' dir='ltr'><strong>spicam</strong></span> <span class='ocrx_word' id='word_1_215' title='bbox 1773 1568 1823 1608; x_wconf 79' lang='lat' dir='ltr'><strong>aa·</strong></span> 
     </span>
     <span class='ocr_line' id='line_1_16' title="bbox 109 1637 1824 1717; baseline -0.009 -17"><span class='ocrx_word' id='word_1_216' title='bbox 109 1646 263 1717; x_wconf 87' lang='lat' dir='ltr'><strong>deprecor:</strong></span> <span class='ocrx_word' id='word_1_217' title='bbox 281 1641 396 1699; x_wconf 86' lang='lat' dir='ltr'><strong>dimitte</strong></span> <span class='ocrx_word' id='word_1_218' title='bbox 411 1646 503 1711; x_wconf 70' lang='lat' dir='ltr'><strong>uiant</strong></span> <span class='ocrx_word' id='word_1_219' title='bbox 517 1640 632 1697; x_wconf 89' lang='lat' dir='ltr'><strong>duobus</strong></span> <span class='ocrx_word' id='word_1_220' title='bbox 648 1637 799 1695; x_wconf 88' lang='lat' dir='ltr'><strong>mensibus</strong></span> <span class='ocrx_word' id='word_1_221' title='bbox 816 1637 938 1693; x_wconf 89' lang='lat' dir='ltr'><strong>circum·</strong></span> <span class='ocrx_word' id='word_1_222' title='bbox 991 1641 1117 1714; x_wconf 85' lang='lat' dir='ltr'><strong>primaru</strong></span> <span class='ocrx_word' id='word_1_223' title='bbox 1133 1641 1312 1713; x_wconf 85' lang='lat' dir='ltr'><strong>nonralens,</strong></span> <span class='ocrx_word' id='word_1_224' title='bbox 1325 1642 1486 1714; x_wconf 74' lang='lat' dir='ltr'><strong>statimque</strong></span> <span class='ocrx_word' id='word_1_225' title='bbox 1500 1641 1719 1714; x_wconf 87' lang='lat' dir='ltr'><strong>apprehensum</strong></span> <span class='ocrx_word' id='word_1_226' title='bbox 1732 1642 1824 1714; x_wconf 78' lang='lat' dir='ltr'><strong>jugu.</strong></span> 
     </span>
     <span class='ocr_line' id='line_1_17' title="bbox 44 1728 1821 1804; baseline -0.003 -13"><span class='ocrx_word' id='word_1_227' title='bbox 44 1766 48 1773; x_wconf 90' lang='lat'><em>-</em></span> <span class='ocrx_word' id='word_1_228' title='bbox 108 1750 172 1791; x_wconf 87' lang='lat' dir='ltr'><strong>cam</strong></span> <span class='ocrx_word' id='word_1_229' title='bbox 189 1738 315 1801; x_wconf 90' lang='lat' dir='ltr'><strong>montes,</strong></span> <span class='ocrx_word' id='word_1_230' title='bbox 331 1735 360 1787; x_wconf 88' lang='lat' dir='ltr'><strong>et</strong></span> <span class='ocrx_word' id='word_1_231' title='bbox 374 1730 512 1804; x_wconf 83' lang='lat' dir='ltr'><strong>plangam</strong></span> <span class='ocrx_word' id='word_1_232' title='bbox 527 1728 727 1802; x_wconf 81' lang='lat' dir='ltr'><strong>virginitatem</strong></span> <span class='ocrx_word' id='word_1_233' title='bbox 751 1744 847 1784; x_wconf 87' lang='lat' dir='ltr'><strong>meam</strong></span> <span class='ocrx_word' id='word_1_234' title='bbox 867 1743 934 1784; x_wconf 90' lang='lat' dir='ltr'><strong>cum</strong></span> <span class='ocrx_word' id='word_1_235' title='bbox 991 1731 1092 1787; x_wconf 88' lang='lat' dir='ltr'><strong>labant</strong></span> <span class='ocrx_word' id='word_1_236' title='bbox 1115 1731 1145 1786; x_wconf 91' lang='lat' dir='ltr'><strong>in</strong></span> <span class='ocrx_word' id='word_1_237' title='bbox 1169 1730 1233 1804; x_wconf 87' lang='lat' dir='ltr'><strong>ipso</strong></span> <span class='ocrx_word' id='word_1_238' title='bbox 1248 1730 1536 1788; x_wconf 79' lang='lat' dir='ltr'><strong>iordanistranaitu.</strong></span> <span class='ocrx_word' id='word_1_239' title='bbox 1553 1732 1587 1787; x_wconf 90' lang='lat' dir='ltr'><strong>Et</strong></span> <span class='ocrx_word' id='word_1_240' title='bbox 1601 1731 1777 1788; x_wconf 84' lang='lat' dir='ltr'><strong>ceciderunt</strong></span> <span class='ocrx_word' id='word_1_241' title='bbox 1791 1730 1821 1787; x_wconf 91' lang='lat' dir='ltr'><strong>in</strong></span> 
     </span>
     <span class='ocr_line' id='line_1_18' title="bbox 107 1816 1820 1895; baseline -0.002 -15"><span class='ocrx_word' id='word_1_242' title='bbox 107 1821 259 1880; x_wconf 76' lang='lat' dir='ltr'><strong>sodalibus</strong></span> <span class='ocrx_word' id='word_1_243' title='bbox 270 1821 353 1878; x_wconf 89' lang='lat' dir='ltr'><strong>mois.</strong></span> <span class='ocrx_word' id='word_1_244' title='bbox 366 1820 416 1876; x_wconf 87' lang='lat' dir='ltr'><strong>Cui</strong></span> <span class='ocrx_word' id='word_1_245' title='bbox 428 1817 639 1891; x_wconf 87' lang='lat' dir='ltr'><strong>illercspondit</strong></span> <span class='ocrx_word' id='word_1_246' title='bbox 650 1835 657 1875; x_wconf 91' lang='lat'>:</span> <span class='ocrx_word' id='word_1_247' title='bbox 669 1818 759 1873; x_wconf 83' lang='lat' dir='ltr'><strong>Vade.</strong></span> <span class='ocrx_word' id='word_1_248' title='bbox 776 1816 934 1873; x_wconf 89' lang='lat' dir='ltr'><strong>Etdimisit</strong></span> <span class='ocrx_word' id='word_1_249' title='bbox 988 1819 1038 1876; x_wconf 93' lang='lat' dir='ltr'><strong>itlo</strong></span> <span class='ocrx_word' id='word_1_250' title='bbox 1056 1825 1188 1895; x_wconf 88' lang='lat' dir='ltr'><strong>temporo</strong></span> <span class='ocrx_word' id='word_1_251' title='bbox 1203 1821 1238 1878; x_wconf 88' lang='lat' dir='ltr'><strong>de</strong></span> <span class='ocrx_word' id='word_1_252' title='bbox 1253 1821 1392 1894; x_wconf 82' lang='lat' dir='ltr'><strong>Ephraim</strong></span> <span class='ocrx_word' id='word_1_253' title='bbox 1407 1819 1604 1893; x_wconf 80' lang='lat' dir='ltr'><strong>quadraginta</strong></span> <span class='ocrx_word' id='word_1_254' title='bbox 1626 1820 1685 1877; x_wconf 90' lang='lat' dir='ltr'><strong>duo</strong></span> <span class='ocrx_word' id='word_1_255' title='bbox 1711 1818 1820 1877; x_wconf 90' lang='lat' dir='ltr'><strong>millia.</strong></span> 
     </span>
     <span class='ocr_line' id='line_1_19' title="bbox 107 1905 1816 1982; baseline -0.003 -13"><span class='ocrx_word' id='word_1_256' title='bbox 107 1928 169 1970; x_wconf 81' lang='lat' dir='ltr'><strong>earn</strong></span> <span class='ocrx_word' id='word_1_257' title='bbox 182 1912 297 1968; x_wconf 89' lang='lat' dir='ltr'><strong>duobus</strong></span> <span class='ocrx_word' id='word_1_258' title='bbox 311 1910 473 1967; x_wconf 87' lang='lat' dir='ltr'><strong>mensibus.</strong></span> <span class='ocrx_word' id='word_1_259' title='bbox 486 1909 619 1980; x_wconf 82' lang='lat' dir='ltr'><strong>Cumque</strong></span> <span class='ocrx_word' id='word_1_260' title='bbox 635 1907 755 1964; x_wconf 79' lang='lat' dir='ltr'><strong>abiisset</strong></span> <span class='ocrx_word' id='word_1_261' title='bbox 767 1922 833 1962; x_wconf 92' lang='lat' dir='ltr'><strong>cum</strong></span> <span class='ocrx_word' id='word_1_262' title='bbox 845 1905 933 1963; x_wconf 89' lang='lat' dir='ltr'><strong>sociis</strong></span> <span class='ocrx_word' id='word_1_263' title='bbox 986 1909 1131 1966; x_wconf 79' lang='lat' dir='ltr'><strong>iudicarit</strong></span> <span class='ocrx_word' id='word_1_264' title='bbox 1146 1909 1245 1982; x_wconf 88' lang='lat' dir='ltr'><strong>itaque</strong></span> <span class='ocrx_word' id='word_1_265' title='bbox 1259 1909 1384 1982; x_wconf 80' lang='lat' dir='ltr'><strong>dephtba</strong></span> <span class='ocrx_word' id='word_1_266' title='bbox 1399 1909 1565 1969; x_wconf 84' lang='lat' dir='ltr'><strong>Galaaditcs</strong></span> <span class='ocrx_word' id='word_1_267' title='bbox 1587 1908 1676 1965; x_wconf 88' lang='lat' dir='ltr'><strong>lsrael</strong></span> <span class='ocrx_word' id='word_1_268' title='bbox 1691 1925 1745 1966; x_wconf 84' lang='lat' dir='ltr'><strong>sex</strong></span> <span class='ocrx_word' id='word_1_269' title='bbox 1762 1925 1816 1965; x_wconf 93' lang='lat' dir='ltr'><strong>an·</strong></span> 
     </span>
    </p>
   </div>
   <div class='ocr_carea' id='block_1_3' title="bbox 19 1996 1816 2069">
    <p class='ocr_par' dir='ltr' id='par_1_3' title="bbox 19 1996 1816 2069">
     <span class='ocr_line' id='line_1_20' title="bbox 19 1996 1816 2069; baseline -0.002 -11"><span class='ocrx_word' id='word_1_270' title='bbox 19 2029 21 2032; x_wconf 95' lang='lat'>·</span> <span class='ocrx_word' id='word_1_271' title='bbox 107 2018 140 2059; x_wconf 89' lang='lat' dir='ltr'><strong>ac</strong></span> <span class='ocrx_word' id='word_1_272' title='bbox 151 1999 304 2058; x_wconf 85' lang='lat' dir='ltr'><strong>sodalibus</strong></span> <span class='ocrx_word' id='word_1_273' title='bbox 318 2000 393 2068; x_wconf 86' lang='lat' dir='ltr'><strong>suis,</strong></span> <span class='ocrx_word' id='word_1_274' title='bbox 404 1999 492 2056; x_wconf 88' lang='lat' dir='ltr'><strong>ssabat</strong></span> <span class='ocrx_word' id='word_1_275' title='bbox 502 1997 700 2069; x_wconf 78' lang='lat' dir='ltr'><strong>virginitatem</strong></span> <span class='ocrx_word' id='word_1_276' title='bbox 710 2012 795 2052; x_wconf 86' lang='lat' dir='ltr'><strong>suum</strong></span> <span class='ocrx_word' id='word_1_277' title='bbox 808 1996 837 2051; x_wconf 91' lang='lat' dir='ltr'><strong>in</strong></span> <span class='ocrx_word' id='word_1_278' title='bbox 849 2013 932 2052; x_wconf 90' lang='lat' dir='ltr'><strong>moa·</strong></span> <span class='ocrx_word' id='word_1_279' title='bbox 987 1997 1045 2067; x_wconf 89' lang='lat' dir='ltr'><strong>nis,</strong></span> <span class='ocrx_word' id='word_1_280' title='bbox 1056 2003 1085 2055; x_wconf 93' lang='lat' dir='ltr'><strong>ot</strong></span> <span class='ocrx_word' id='word_1_281' title='bbox 1100 2001 1234 2056; x_wconf 91' lang='lat' dir='ltr'><strong>mortuus</strong></span> <span class='ocrx_word' id='word_1_282' title='bbox 1249 2003 1303 2069; x_wconf 89' lang='lat' dir='ltr'><strong>est,</strong></span> <span class='ocrx_word' id='word_1_283' title='bbox 1315 2015 1348 2054; x_wconf 86' lang='lat' dir='ltr'><strong>aa</strong></span> <span class='ocrx_word' id='word_1_284' title='bbox 1362 1996 1495 2068; x_wconf 87' lang='lat' dir='ltr'><strong>sepultus</strong></span> <span class='ocrx_word' id='word_1_285' title='bbox 1506 1999 1535 2054; x_wconf 92' lang='lat' dir='ltr'><strong>in</strong></span> <span class='ocrx_word' id='word_1_286' title='bbox 1552 1998 1668 2054; x_wconf 88' lang='lat' dir='ltr'><strong>civitate</strong></span> <span class='ocrx_word' id='word_1_287' title='bbox 1683 2015 1740 2054; x_wconf 91' lang='lat' dir='ltr'><strong>sua</strong></span> <span class='ocrx_word' id='word_1_288' title='bbox 1756 1997 1816 2055; x_wconf 89' lang='lat' dir='ltr'><strong>Ga·</strong></span> 
     </span>
    </p>
   </div>
   <div class='ocr_carea' id='block_1_4' title="bbox 104 2085 1822 3590">
    <p class='ocr_par' dir='ltr' id='par_1_4' title="bbox 104 2085 1822 3590">
     <span class='ocr_line' id='line_1_21' title="bbox 107 2085 1816 2162; baseline -0.003 -15"><span class='ocrx_word' id='word_1_289' title='bbox 107 2089 396 2162; x_wconf 79' lang='lat' dir='ltr'><strong>tibusExplrtisque</strong></span> <span class='ocrx_word' id='word_1_290' title='bbox 410 2088 527 2144; x_wconf 90' lang='lat' dir='ltr'><strong>duobus</strong></span> <span class='ocrx_word' id='word_1_291' title='bbox 540 2087 701 2153; x_wconf 88' lang='lat' dir='ltr'><strong>mensibus,</strong></span> <span class='ocrx_word' id='word_1_292' title='bbox 711 2102 824 2141; x_wconf 88' lang='lat' dir='ltr'><strong>reversa</strong></span> <span class='ocrx_word' id='word_1_293' title='bbox 838 2089 883 2142; x_wconf 92' lang='lat' dir='ltr'><strong>est</strong></span> <span class='ocrx_word' id='word_1_294' title='bbox 897 2085 932 2141; x_wconf 91' lang='lat' dir='ltr'><strong>ud</strong></span> <span class='ocrx_word' id='word_1_295' title='bbox 987 2086 1064 2158; x_wconf 86' lang='lat' dir='ltr'><strong>laad,</strong></span> <span class='ocrx_word' id='word_1_296' title='bbox 1076 2089 1119 2160; x_wconf 78' lang='lat' dir='ltr'><strong>[B.</strong></span> <span class='ocrx_word' id='word_1_297' title='bbox 1132 2087 1205 2156; x_wconf 82' lang='lat' dir='ltr'><strong>XIV,</strong></span> <span class='ocrx_word' id='word_1_298' title='bbox 1217 2087 1247 2143; x_wconf 90' lang='lat' dir='ltr'><strong>C.</strong></span> <span class='ocrx_word' id='word_1_299' title='bbox 1260 2087 1373 2159; x_wconf 74' lang='lat' dir='ltr'><strong>xalta]</strong></span> <span class='ocrx_word' id='word_1_300' title='bbox 1390 2086 1457 2143; x_wconf 84' lang='lat' dir='ltr'><strong>Post</strong></span> <span class='ocrx_word' id='word_1_301' title='bbox 1473 2087 1550 2143; x_wconf 93' lang='lat' dir='ltr'><strong>hunc</strong></span> <span class='ocrx_word' id='word_1_302' title='bbox 1562 2086 1707 2157; x_wconf 87' lang='lat' dir='ltr'><strong>judicavit</strong></span> <span class='ocrx_word' id='word_1_303' title='bbox 1723 2085 1816 2142; x_wconf 84' lang='lat' dir='ltr'><strong>israel</strong></span> 
     </span>
     <span class='ocr_line' id='line_1_22' title="bbox 109 2175 1819 2254; baseline -0.002 -19"><span class='ocrx_word' id='word_1_304' title='bbox 109 2184 222 2254; x_wconf 88' lang='lat' dir='ltr'><strong>patrem</strong></span> <span class='ocrx_word' id='word_1_305' title='bbox 238 2195 334 2247; x_wconf 86' lang='lat' dir='ltr'><strong>suum,</strong></span> <span class='ocrx_word' id='word_1_306' title='bbox 351 2184 379 2234; x_wconf 90' lang='lat' dir='ltr'><strong>ot</strong></span> <span class='ocrx_word' id='word_1_307' title='bbox 394 2177 462 2233; x_wconf 88' lang='lat' dir='ltr'><strong>lecit</strong></span> <span class='ocrx_word' id='word_1_308' title='bbox 485 2177 511 2234; x_wconf 88' lang='lat' dir='ltr'><strong>ci</strong></span> <span class='ocrx_word' id='word_1_309' title='bbox 535 2176 612 2232; x_wconf 88' lang='lat' dir='ltr'><strong>sieut</strong></span> <span class='ocrx_word' id='word_1_310' title='bbox 626 2180 753 2243; x_wconf 80' lang='lat' dir='ltr'><strong>voverat,</strong></span> <span class='ocrx_word' id='word_1_311' title='bbox 771 2191 834 2246; x_wconf 86' lang='lat' dir='ltr'><strong>quae</strong></span> <span class='ocrx_word' id='word_1_312' title='bbox 850 2176 931 2246; x_wconf 84' lang='lat' dir='ltr'><strong>igno·</strong></span> <span class='ocrx_word' id='word_1_313' title='bbox 987 2177 1103 2234; x_wconf 78' lang='lat' dir='ltr'><strong>abesan</strong></span> <span class='ocrx_word' id='word_1_314' title='bbox 1116 2178 1151 2233; x_wconf 88' lang='lat' dir='ltr'><strong>de</strong></span> <span class='ocrx_word' id='word_1_315' title='bbox 1167 2177 1339 2233; x_wconf 79' lang='lat' dir='ltr'><strong>Beth-team</strong></span> <span class='ocrx_word' id='word_1_316' title='bbox 1357 2195 1363 2232; x_wconf 92' lang='lat'>:</span> <span class='ocrx_word' id='word_1_317' title='bbox 1387 2177 1438 2248; x_wconf 91' lang='lat' dir='ltr'><strong>qui</strong></span> <span class='ocrx_word' id='word_1_318' title='bbox 1462 2176 1565 2232; x_wconf 91' lang='lat' dir='ltr'><strong>habuit</strong></span> <span class='ocrx_word' id='word_1_319' title='bbox 1588 2176 1713 2247; x_wconf 75' lang='lat' dir='ltr'><strong>triginta</strong></span> <span class='ocrx_word' id='word_1_320' title='bbox 1739 2175 1819 2231; x_wconf 83' lang='lat' dir='ltr'><strong>filios</strong></span> 
     </span>
     <span class='ocr_line' id='line_1_23' title="bbox 108 2263 1820 2338; baseline -0.003 -12"><span class='ocrx_word' id='word_1_321' title='bbox 108 2269 194 2326; x_wconf 87' lang='lat' dir='ltr'><strong>rabat</strong></span> <span class='ocrx_word' id='word_1_322' title='bbox 216 2269 321 2324; x_wconf 80' lang='lat' dir='ltr'><strong>virum.</strong></span> <span class='ocrx_word' id='word_1_323' title='bbox 339 2265 446 2323; x_wconf 82' lang='lat' dir='ltr'><strong>Exinde</strong></span> <span class='ocrx_word' id='word_1_324' title='bbox 476 2281 540 2321; x_wconf 90' lang='lat' dir='ltr'><strong>mos</strong></span> <span class='ocrx_word' id='word_1_325' title='bbox 568 2264 711 2321; x_wconf 86' lang='lat' dir='ltr'><strong>increbuit</strong></span> <span class='ocrx_word' id='word_1_326' title='bbox 736 2264 765 2318; x_wconf 91' lang='lat' dir='ltr'><strong>in</strong></span> <span class='ocrx_word' id='word_1_327' title='bbox 789 2263 888 2330; x_wconf 89' lang='lat' dir='ltr'><strong>lsrael,</strong></span> <span class='ocrx_word' id='word_1_328' title='bbox 904 2267 933 2320; x_wconf 89' lang='lat' dir='ltr'><strong>ot</strong></span> <span class='ocrx_word' id='word_1_329' title='bbox 987 2266 1151 2323; x_wconf 91' lang='lat' dir='ltr'><strong>ettotidem</strong></span> <span class='ocrx_word' id='word_1_330' title='bbox 1168 2265 1499 2338; x_wconf 86' lang='lat' dir='ltr'><strong>filias,quase1nittens</strong></span> <span class='ocrx_word' id='word_1_331' title='bbox 1525 2264 1613 2333; x_wconf 87' lang='lat' dir='ltr'><strong>lurae,</strong></span> <span class='ocrx_word' id='word_1_332' title='bbox 1629 2265 1751 2322; x_wconf 87' lang='lat' dir='ltr'><strong>maritis</strong></span> <span class='ocrx_word' id='word_1_333' title='bbox 1766 2265 1820 2321; x_wconf 90' lang='lat' dir='ltr'><strong>de·</strong></span> 
     </span>
     <span class='ocr_line' id='line_1_24' title="bbox 108 2352 1822 2430; baseline -0.001 -16"><span class='ocrx_word' id='word_1_334' title='bbox 108 2357 291 2415; x_wconf 88' lang='lat' dir='ltr'><strong>consuetudo</strong></span> <span class='ocrx_word' id='word_1_335' title='bbox 307 2361 420 2413; x_wconf 89' lang='lat' dir='ltr'><strong>servata</strong></span> <span class='ocrx_word' id='word_1_336' title='bbox 435 2357 491 2420; x_wconf 86' lang='lat' dir='ltr'><strong>est,</strong></span> <span class='ocrx_word' id='word_1_337' title='bbox 503 2358 534 2409; x_wconf 91' lang='lat' dir='ltr'><strong>ut</strong></span> <span class='ocrx_word' id='word_1_338' title='bbox 549 2357 614 2425; x_wconf 88' lang='lat' dir='ltr'><strong>pust</strong></span> <span class='ocrx_word' id='word_1_339' title='bbox 629 2353 698 2410; x_wconf 90' lang='lat' dir='ltr'><strong>anni</strong></span> <span class='ocrx_word' id='word_1_340' title='bbox 710 2352 852 2409; x_wconf 90' lang='lat' dir='ltr'><strong>circulum</strong></span> <span class='ocrx_word' id='word_1_341' title='bbox 863 2369 932 2409; x_wconf 92' lang='lat' dir='ltr'><strong>con·</strong></span> <span class='ocrx_word' id='word_1_342' title='bbox 987 2358 1040 2430; x_wconf 89' lang='lat' dir='ltr'><strong>dit,</strong></span> <span class='ocrx_word' id='word_1_343' title='bbox 1057 2363 1086 2414; x_wconf 90' lang='lat' dir='ltr'><strong>et</strong></span> <span class='ocrx_word' id='word_1_344' title='bbox 1102 2357 1235 2429; x_wconf 89' lang='lat' dir='ltr'><strong>ejusdem</strong></span> <span class='ocrx_word' id='word_1_345' title='bbox 1253 2357 1367 2413; x_wconf 89' lang='lat' dir='ltr'><strong>numeri</strong></span> <span class='ocrx_word' id='word_1_346' title='bbox 1383 2357 1452 2412; x_wconf 82' lang='lat' dir='ltr'><strong>filiis</strong></span> <span class='ocrx_word' id='word_1_347' title='bbox 1472 2356 1535 2413; x_wconf 84' lang='lat' dir='ltr'><strong>suis</strong></span> <span class='ocrx_word' id='word_1_348' title='bbox 1559 2355 1672 2429; x_wconf 84' lang='lat' dir='ltr'><strong>aceepit</strong></span> <span class='ocrx_word' id='word_1_349' title='bbox 1699 2372 1822 2427; x_wconf 89' lang='lat' dir='ltr'><strong>uxorea,</strong></span> 
     </span>
     <span class='ocr_line' id='line_1_25' title="bbox 108 2440 1818 2518; baseline -0.005 -9"><span class='ocrx_word' id='word_1_350' title='bbox 108 2446 230 2504; x_wconf 73' lang='lat' dir='ltr'><strong>veniant</strong></span> <span class='ocrx_word' id='word_1_351' title='bbox 254 2446 282 2501; x_wconf 84' lang='lat' dir='ltr'><strong>in</strong></span> <span class='ocrx_word' id='word_1_352' title='bbox 309 2461 402 2501; x_wconf 78' lang='lat' dir='ltr'><strong>unum</strong></span> <span class='ocrx_word' id='word_1_353' title='bbox 427 2444 493 2500; x_wconf 74' lang='lat' dir='ltr'><strong>llliae</strong></span> <span class='ocrx_word' id='word_1_354' title='bbox 518 2440 618 2509; x_wconf 67' lang='lat' dir='ltr'><strong>lsrael,</strong></span> <span class='ocrx_word' id='word_1_355' title='bbox 635 2447 663 2498; x_wconf 74' lang='lat' dir='ltr'><strong>el</strong></span> <span class='ocrx_word' id='word_1_356' title='bbox 687 2440 827 2515; x_wconf 79' lang='lat' dir='ltr'><strong>plangant</strong></span> <span class='ocrx_word' id='word_1_357' title='bbox 842 2440 932 2498; x_wconf 88' lang='lat' dir='ltr'><strong>liliam</strong></span> <span class='ocrx_word' id='word_1_358' title='bbox 987 2446 1176 2504; x_wconf 87' lang='lat' dir='ltr'><strong>introducens</strong></span> <span class='ocrx_word' id='word_1_359' title='bbox 1189 2448 1218 2502; x_wconf 89' lang='lat' dir='ltr'><strong>in</strong></span> <span class='ocrx_word' id='word_1_360' title='bbox 1233 2448 1354 2503; x_wconf 87' lang='lat' dir='ltr'><strong>domum</strong></span> <span class='ocrx_word' id='word_1_361' title='bbox 1370 2462 1466 2502; x_wconf 88' lang='lat' dir='ltr'><strong>suam.</strong></span> <span class='ocrx_word' id='word_1_362' title='bbox 1479 2445 1531 2511; x_wconf 83' lang='lat' dir='ltr'><strong>Qui</strong></span> <span class='ocrx_word' id='word_1_363' title='bbox 1543 2450 1655 2518; x_wconf 87' lang='lat' dir='ltr'><strong>septem</strong></span> <span class='ocrx_word' id='word_1_364' title='bbox 1668 2445 1818 2516; x_wconf 87' lang='lat' dir='ltr'><strong>annisju·</strong></span> 
     </span>
     <span class='ocr_line' id='line_1_26' title="bbox 107 2533 1819 2609; baseline -0.002 -17"><span class='ocrx_word' id='word_1_365' title='bbox 107 2535 233 2609; x_wconf 72' lang='lat' dir='ltr'><strong>tephtlre</strong></span> <span class='ocrx_word' id='word_1_366' title='bbox 249 2534 406 2591; x_wconf 76' lang='lat' dir='ltr'><strong>Galaaditis</strong></span> <span class='ocrx_word' id='word_1_367' title='bbox 420 2533 524 2590; x_wconf 89' lang='lat' dir='ltr'><strong>diebus</strong></span> <span class='ocrx_word' id='word_1_368' title='bbox 537 2536 672 2604; x_wconf 90' lang='lat' dir='ltr'><strong>quatuor.</strong></span> <span class='ocrx_word' id='word_1_369' title='bbox 985 2536 1093 2593; x_wconf 73' lang='lat' dir='ltr'><strong>dicavi*¹</strong></span> <span class='ocrx_word' id='word_1_370' title='bbox 1111 2535 1211 2593; x_wconf 88' lang='lat' dir='ltr'><strong>lsrael.</strong></span> <span class='ocrx_word' id='word_1_371' title='bbox 1227 2536 1484 2608; x_wconf 80' lang='lat' dir='ltr'><strong>Mortuusqueest,</strong></span> <span class='ocrx_word' id='word_1_372' title='bbox 1497 2533 1716 2608; x_wconf 86' lang='lat' dir='ltr'><strong>aeaepultusiu</strong></span> <span class='ocrx_word' id='word_1_373' title='bbox 1733 2533 1819 2590; x_wconf 90' lang='lat' dir='ltr'><strong>Beth·</strong></span> 
     </span>
     <span class='ocr_line' id='line_1_27' title="bbox 145 2619 1818 2698; baseline -0.002 -18"><span class='ocrx_word' id='word_1_374' title='bbox 145 2625 187 2698; x_wconf 86' lang='lat' dir='ltr'><strong>[G.</strong></span> <span class='ocrx_word' id='word_1_375' title='bbox 203 2625 287 2692; x_wconf 81' lang='lat' dir='ltr'><strong>Xull,</strong></span> <span class='ocrx_word' id='word_1_376' title='bbox 300 2624 365 2698; x_wconf 86' lang='lat' dir='ltr'><strong>Cup.</strong></span> <span class='ocrx_word' id='word_1_377' title='bbox 382 2623 651 2696; x_wconf 72' lang='grc'>111111111111111</span> <span class='ocrx_word' id='word_1_378' title='bbox 667 2620 696 2676; x_wconf 93' lang='lat' dir='ltr'><strong>in</strong></span> <span class='ocrx_word' id='word_1_379' title='bbox 713 2619 851 2694; x_wconf 88' lang='lat' dir='ltr'><strong>Ephraim</strong></span> <span class='ocrx_word' id='word_1_380' title='bbox 868 2623 932 2677; x_wconf 90' lang='lat' dir='ltr'><strong>orta</strong></span> <span class='ocrx_word' id='word_1_381' title='bbox 986 2623 1084 2680; x_wconf 81' lang='lat' dir='ltr'><strong>Luem.</strong></span> <span class='ocrx_word' id='word_1_382' title='bbox 1098 2625 1139 2697; x_wconf 87' lang='lat' dir='ltr'><strong>[C.</strong></span> <span class='ocrx_word' id='word_1_383' title='bbox 1155 2622 1329 2694; x_wconf 66' lang='grc'>1111111111</span> <span class='ocrx_word' id='word_1_384' title='bbox 1345 2622 1486 2679; x_wconf 86' lang='lat' dir='ltr'><strong>successit</strong></span> <span class='ocrx_word' id='word_1_385' title='bbox 1507 2623 1579 2679; x_wconf 89' lang='lat' dir='ltr'><strong>Eion</strong></span> <span class='ocrx_word' id='word_1_386' title='bbox 1602 2621 1793 2679; x_wconf 75' lang='lat' dir='ltr'><strong>zabulonites</strong></span> <span class='ocrx_word' id='word_1_387' title='bbox 1810 2637 1818 2677; x_wconf 76' lang='grc' dir='ltr'><em>τ</em></span> 
     </span>
     <span class='ocr_line' id='line_1_28' title="bbox 110 2710 1817 2784; baseline -0.002 -13"><span class='ocrx_word' id='word_1_388' title='bbox 110 2714 215 2772; x_wconf 89' lang='lat' dir='ltr'><strong>seditio</strong></span> <span class='ocrx_word' id='word_1_389' title='bbox 231 2719 299 2771; x_wconf 89' lang='lat' dir='ltr'><strong>est:</strong></span> <span class='ocrx_word' id='word_1_390' title='bbox 324 2731 392 2771; x_wconf 88' lang='lat' dir='ltr'><strong>narn</strong></span> <span class='ocrx_word' id='word_1_391' title='bbox 417 2716 604 2770; x_wconf 87' lang='lat' dir='ltr'><strong>transeuntes</strong></span> <span class='ocrx_word' id='word_1_392' title='bbox 633 2715 734 2768; x_wconf 89' lang='lat' dir='ltr'><strong>contra</strong></span> <span class='ocrx_word' id='word_1_393' title='bbox 761 2710 930 2784; x_wconf 88' lang='lat' dir='ltr'><strong>aquilonem</strong></span> <span class='ocrx_word' id='word_1_394' title='bbox 985 2717 1014 2770; x_wconf 91' lang='lat' dir='ltr'><strong>et</strong></span> <span class='ocrx_word' id='word_1_395' title='bbox 1025 2713 1171 2784; x_wconf 83' lang='lat' dir='ltr'><strong>judicavit</strong></span> <span class='ocrx_word' id='word_1_396' title='bbox 1187 2713 1277 2770; x_wconf 90' lang='lat' dir='ltr'><strong>lsrael</strong></span> <span class='ocrx_word' id='word_1_397' title='bbox 1290 2713 1389 2769; x_wconf 82' lang='lat' dir='ltr'><strong>darom</strong></span> <span class='ocrx_word' id='word_1_398' title='bbox 1407 2712 1517 2769; x_wconf 89' lang='lat' dir='ltr'><strong>annis:</strong></span> <span class='ocrx_word' id='word_1_399' title='bbox 1545 2715 1740 2784; x_wconf 88' lang='lat' dir='ltr'><strong>mortuusque</strong></span> <span class='ocrx_word' id='word_1_400' title='bbox 1761 2715 1817 2780; x_wconf 88' lang='lat' dir='ltr'><strong>est,</strong></span> 
     </span>
     <span class='ocr_line' id='line_1_29' title="bbox 108 2798 1818 2877; baseline -0.002 -17"><span class='ocrx_word' id='word_1_401' title='bbox 108 2804 248 2861; x_wconf 86' lang='lat' dir='ltr'><strong>dixerunt</strong></span> <span class='ocrx_word' id='word_1_402' title='bbox 266 2805 302 2860; x_wconf 92' lang='lat' dir='ltr'><strong>ad</strong></span> <span class='ocrx_word' id='word_1_403' title='bbox 323 2802 450 2877; x_wconf 83' lang='lat' dir='ltr'><strong>Japbthe</strong></span> <span class='ocrx_word' id='word_1_404' title='bbox 467 2819 474 2859; x_wconf 91' lang='lat'>:</span> <span class='ocrx_word' id='word_1_405' title='bbox 500 2805 594 2870; x_wconf 84' lang='lat' dir='ltr'><strong>Quare</strong></span> <span class='ocrx_word' id='word_1_406' title='bbox 608 2802 717 2858; x_wconf 86' lang='lat' dir='ltr'><strong>radens</strong></span> <span class='ocrx_word' id='word_1_407' title='bbox 740 2801 782 2867; x_wconf 89' lang='lat' dir='ltr'><strong>ad</strong></span> <span class='ocrx_word' id='word_1_408' title='bbox 801 2815 930 2872; x_wconf 83' lang='lat' dir='ltr'><strong>pugnam</strong></span> <span class='ocrx_word' id='word_1_409' title='bbox 985 2819 1019 2858; x_wconf 89' lang='lat' dir='ltr'><strong>ae</strong></span> <span class='ocrx_word' id='word_1_410' title='bbox 1034 2801 1169 2874; x_wconf 91' lang='lat' dir='ltr'><strong>sepultus</strong></span> <span class='ocrx_word' id='word_1_411' title='bbox 1185 2802 1214 2858; x_wconf 93' lang='lat' dir='ltr'><strong>in</strong></span> <span class='ocrx_word' id='word_1_412' title='bbox 1227 2801 1366 2858; x_wconf 89' lang='lat' dir='ltr'><strong>Zabulon.</strong></span> <span class='ocrx_word' id='word_1_413' title='bbox 1379 2801 1421 2871; x_wconf 85' lang='lat' dir='ltr'><strong>[C.</strong></span> <span class='ocrx_word' id='word_1_414' title='bbox 1436 2800 1527 2873; x_wconf 68' lang='lat' dir='ltr'><strong>xta]</strong></span> <span class='ocrx_word' id='word_1_415' title='bbox 1542 2804 1611 2857; x_wconf 89' lang='lat' dir='ltr'><strong>Post</strong></span> <span class='ocrx_word' id='word_1_416' title='bbox 1632 2799 1715 2857; x_wconf 90' lang='lat' dir='ltr'><strong>hunc</strong></span> <span class='ocrx_word' id='word_1_417' title='bbox 1731 2798 1818 2873; x_wconf 85' lang='lat' dir='ltr'><strong>judi·</strong></span> 
     </span>
     <span class='ocr_line' id='line_1_30' title="bbox 104 2873 1818 2964; baseline -0.002 -13"><span class='ocrx_word' id='word_1_418' title='bbox 104 2899 209 2951; x_wconf 90' lang='lat' dir='ltr'><strong>contra</strong></span> <span class='ocrx_word' id='word_1_419' title='bbox 220 2892 297 2950; x_wconf 88' lang='lat' dir='ltr'><strong>filios</strong></span> <span class='ocrx_word' id='word_1_420' title='bbox 316 2897 454 2960; x_wconf 79' lang='lat' dir='ltr'><strong>Ammon,</strong></span> <span class='ocrx_word' id='word_1_421' title='bbox 469 2907 573 2949; x_wconf 89' lang='lat' dir='ltr'><strong>vocare</strong></span> <span class='ocrx_word' id='word_1_422' title='bbox 590 2907 643 2947; x_wconf 89' lang='lat' dir='ltr'><strong>nos</strong></span> <span class='ocrx_word' id='word_1_423' title='bbox 665 2888 796 2960; x_wconf 87' lang='lat' dir='ltr'><strong>voluisti,</strong></span> <span class='ocrx_word' id='word_1_424' title='bbox 819 2893 851 2944; x_wconf 94' lang='lat' dir='ltr'><strong>ut</strong></span> <span class='ocrx_word' id='word_1_425' title='bbox 867 2903 932 2959; x_wconf 85' lang='lat' dir='ltr'><strong>per·</strong></span> <span class='ocrx_word' id='word_1_426' title='bbox 986 2892 1061 2949; x_wconf 91' lang='lat' dir='ltr'><strong>eavit</strong></span> <span class='ocrx_word' id='word_1_427' title='bbox 1076 2890 1165 2948; x_wconf 88' lang='lat' dir='ltr'><strong>Israel</strong></span> <span class='ocrx_word' id='word_1_428' title='bbox 1176 2892 1290 2961; x_wconf 80' lang='lat' dir='ltr'><strong>Abdon,</strong></span> <span class='ocrx_word' id='word_1_429' title='bbox 1302 2890 1381 2947; x_wconf 86' lang='lat' dir='ltr'><strong>tilius</strong></span> <span class='ocrx_word' id='word_1_430' title='bbox 1397 2889 1497 2960; x_wconf 84' lang='lat' dir='ltr'><strong>Hellal,</strong></span> <span class='ocrx_word' id='word_1_431' title='bbox 1509 2889 1749 2959; x_wconf 73' lang='lat' dir='ltr'><strong>pharathonites,</strong></span> <span class='ocrx_word' id='word_1_432' title='bbox 1766 2873 1818 2964; x_wconf 88' lang='lat' dir='ltr'><strong>qui</strong></span> 
     </span>
     <span class='ocr_line' id='line_1_31' title="bbox 107 2979 1819 3057; baseline -0.001 -17"><span class='ocrx_word' id='word_1_433' title='bbox 107 2999 245 3057; x_wconf 86' lang='lat' dir='ltr'><strong>geremus</strong></span> <span class='ocrx_word' id='word_1_434' title='bbox 259 2987 379 3040; x_wconf 85' lang='lat' dir='ltr'><strong>tecum?</strong></span> <span class='ocrx_word' id='word_1_435' title='bbox 404 2982 498 3055; x_wconf 84' lang='lat' dir='ltr'><strong>igitur</strong></span> <span class='ocrx_word' id='word_1_436' title='bbox 522 2981 713 3038; x_wconf 87' lang='lat' dir='ltr'><strong>incendemus</strong></span> <span class='ocrx_word' id='word_1_437' title='bbox 735 2985 762 3036; x_wconf 92' lang='lat' dir='ltr'><strong>te</strong></span> <span class='ocrx_word' id='word_1_438' title='bbox 787 2985 815 3036; x_wconf 92' lang='lat' dir='ltr'><strong>et</strong></span> <span class='ocrx_word' id='word_1_439' title='bbox 840 2980 930 3052; x_wconf 74' lang='lat' dir='ltr'><strong>[turp.</strong></span> <span class='ocrx_word' id='word_1_440' title='bbox 986 2981 1091 3038; x_wconf 91' lang='lat' dir='ltr'><strong>habuit</strong></span> <span class='ocrx_word' id='word_1_441' title='bbox 1106 2979 1302 3053; x_wconf 83' lang='lat' dir='ltr'><strong>quadraginta</strong></span> <span class='ocrx_word' id='word_1_442' title='bbox 1315 2979 1402 3046; x_wconf 80' lang='lat' dir='ltr'><strong>salios,</strong></span> <span class='ocrx_word' id='word_1_443' title='bbox 1413 2984 1443 3036; x_wconf 90' lang='lat' dir='ltr'><strong>ot</strong></span> <span class='ocrx_word' id='word_1_444' title='bbox 1455 2979 1574 3051; x_wconf 76' lang='lat' dir='ltr'><strong>triginta</strong></span> <span class='ocrx_word' id='word_1_445' title='bbox 1585 2979 1671 3035; x_wconf 83' lang='lat' dir='ltr'><strong>exeis</strong></span> <span class='ocrx_word' id='word_1_446' title='bbox 1683 2983 1819 3052; x_wconf 81' lang='lat' dir='ltr'><strong>nepotes.</strong></span> 
     </span>
     <span class='ocr_line' id='line_1_32' title="bbox 105 3066 1818 3144; baseline -0.004 -14"><span class='ocrx_word' id='word_1_447' title='bbox 105 3082 179 3130; x_wconf 84' lang='lat' dir='ltr'><strong>tacet</strong></span> <span class='ocrx_word' id='word_1_448' title='bbox 204 3078 231 3130; x_wconf 89' lang='lat' dir='ltr'><strong>to</strong></span> <span class='ocrx_word' id='word_1_449' title='bbox 258 3073 296 3144; x_wconf 85' lang='lat' dir='ltr'><strong>et]</strong></span> <span class='ocrx_word' id='word_1_450' title='bbox 321 3073 441 3129; x_wconf 91' lang='lat' dir='ltr'><strong>domum</strong></span> <span class='ocrx_word' id='word_1_451' title='bbox 458 3076 551 3128; x_wconf 89' lang='lat' dir='ltr'><strong>tuam.</strong></span> <span class='ocrx_word' id='word_1_452' title='bbox 565 3071 677 3137; x_wconf 85' lang='lat' dir='ltr'><strong>Quibus</strong></span> <span class='ocrx_word' id='word_1_453' title='bbox 692 3069 741 3126; x_wconf 90' lang='lat' dir='ltr'><strong>ille</strong></span> <span class='ocrx_word' id='word_1_454' title='bbox 757 3069 906 3142; x_wconf 91' lang='lat' dir='ltr'><strong>rospondit</strong></span> <span class='ocrx_word' id='word_1_455' title='bbox 923 3084 930 3124; x_wconf 87' lang='lat'><strong>:</strong></span> <span class='ocrx_word' id='word_1_456' title='bbox 987 3070 1180 3128; x_wconf 88' lang='lat' dir='ltr'><strong>ascendentes</strong></span> <span class='ocrx_word' id='word_1_457' title='bbox 1194 3086 1283 3141; x_wconf 90' lang='lat' dir='ltr'><strong>super</strong></span> <span class='ocrx_word' id='word_1_458' title='bbox 1297 3069 1483 3142; x_wconf 83' lang='lat' dir='ltr'><strong>septuaginta</strong></span> <span class='ocrx_word' id='word_1_459' title='bbox 1497 3066 1596 3140; x_wconf 90' lang='lat' dir='ltr'><strong>pullos</strong></span> <span class='ocrx_word' id='word_1_460' title='bbox 1611 3067 1818 3136; x_wconf 88' lang='lat' dir='ltr'><strong>asinarum‚ct</strong></span> 
     </span>
     <span class='ocr_line' id='line_1_33' title="bbox 107 3132 1819 3235; baseline -0.003 -17"><span class='ocrx_word' id='word_1_461' title='bbox 107 3161 287 3235; x_wconf 84' lang='lat' dir='ltr'><strong>Disceptatio</strong></span> <span class='ocrx_word' id='word_1_462' title='bbox 301 3172 363 3218; x_wconf 84' lang='lat' dir='ltr'><strong>erut</strong></span> <span class='ocrx_word' id='word_1_463' title='bbox 379 3160 451 3217; x_wconf 86' lang='lat' dir='ltr'><strong>mihi</strong></span> <span class='ocrx_word' id='word_1_464' title='bbox 467 3167 495 3218; x_wconf 93' lang='lat' dir='ltr'><strong>ct</strong></span> <span class='ocrx_word' id='word_1_465' title='bbox 510 3159 617 3233; x_wconf 92' lang='lat' dir='ltr'><strong>populo</strong></span> <span class='ocrx_word' id='word_1_466' title='bbox 642 3175 706 3216; x_wconf 91' lang='lat' dir='ltr'><strong>meo</strong></span> <span class='ocrx_word' id='word_1_467' title='bbox 731 3164 832 3216; x_wconf 89' lang='lat' dir='ltr'><strong>contra</strong></span> <span class='ocrx_word' id='word_1_468' title='bbox 857 3157 932 3215; x_wconf 84' lang='lat' dir='ltr'><strong>filios</strong></span> <span class='ocrx_word' id='word_1_469' title='bbox 947 3132 968 3201; x_wconf 74' lang='lat' dir='ltr'>C</span> <span class='ocrx_word' id='word_1_470' title='bbox 981 3161 1129 3234; x_wconf 86' lang='lat' dir='ltr'><strong>judicarit</strong></span> <span class='ocrx_word' id='word_1_471' title='bbox 1152 3158 1241 3217; x_wconf 89' lang='lat' dir='ltr'><strong>lsrael</strong></span> <span class='ocrx_word' id='word_1_472' title='bbox 1266 3165 1331 3216; x_wconf 92' lang='lat' dir='ltr'><strong>octo</strong></span> <span class='ocrx_word' id='word_1_473' title='bbox 1355 3157 1465 3216; x_wconf 88' lang='lat' dir='ltr'><strong>annis:</strong></span> <span class='ocrx_word' id='word_1_474' title='bbox 1492 3161 1687 3230; x_wconf 87' lang='lat' dir='ltr'><strong>mortuusque</strong></span> <span class='ocrx_word' id='word_1_475' title='bbox 1711 3162 1768 3227; x_wconf 86' lang='lat' dir='ltr'><strong>est,</strong></span> <span class='ocrx_word' id='word_1_476' title='bbox 1786 3173 1819 3214; x_wconf 89' lang='lat' dir='ltr'><strong>ao</strong></span> 
     </span>
     <span class='ocr_line' id='line_1_34' title="bbox 106 3245 1814 3322; baseline -0.001 -17"><span class='ocrx_word' id='word_1_477' title='bbox 106 3255 232 3307; x_wconf 79' lang='lat' dir='ltr'><strong>Ammon</strong></span> <span class='ocrx_word' id='word_1_478' title='bbox 244 3250 400 3307; x_wconf 86' lang='lat' dir='ltr'><strong>vehemens</strong></span> <span class='ocrx_word' id='word_1_479' title='bbox 414 3267 421 3306; x_wconf 91' lang='lat'><strong>:</strong></span> <span class='ocrx_word' id='word_1_480' title='bbox 437 3249 595 3321; x_wconf 88' lang='lat' dir='ltr'><strong>vocavique</strong></span> <span class='ocrx_word' id='word_1_481' title='bbox 611 3264 672 3319; x_wconf 83' lang='lat' dir='ltr'><strong>eos,</strong></span> <span class='ocrx_word' id='word_1_482' title='bbox 686 3251 717 3303; x_wconf 92' lang='lat' dir='ltr'><strong>ut</strong></span> <span class='ocrx_word' id='word_1_483' title='bbox 731 3247 803 3303; x_wconf 91' lang='lat' dir='ltr'><strong>mihi</strong></span> <span class='ocrx_word' id='word_1_484' title='bbox 819 3247 930 3320; x_wconf 81' lang='lat' dir='ltr'><strong>prebe·</strong></span> <span class='ocrx_word' id='word_1_485' title='bbox 982 3248 1117 3322; x_wconf 87' lang='lat' dir='ltr'><strong>sepultus</strong></span> <span class='ocrx_word' id='word_1_486' title='bbox 1139 3249 1169 3305; x_wconf 94' lang='lat' dir='ltr'><strong>in</strong></span> <span class='ocrx_word' id='word_1_487' title='bbox 1196 3248 1362 3304; x_wconf 88' lang='lat' dir='ltr'><strong>Pharathon</strong></span> <span class='ocrx_word' id='word_1_488' title='bbox 1388 3252 1471 3303; x_wconf 81' lang='lat' dir='ltr'><strong>terrm</strong></span> <span class='ocrx_word' id='word_1_489' title='bbox 1496 3245 1643 3318; x_wconf 82' lang='lat' dir='ltr'><strong>Ephraim,</strong></span> <span class='ocrx_word' id='word_1_490' title='bbox 1659 3247 1689 3302; x_wconf 91' lang='lat' dir='ltr'><strong>in</strong></span> <span class='ocrx_word' id='word_1_491' title='bbox 1712 3251 1814 3303; x_wconf 87' lang='lat' dir='ltr'><strong>monte</strong></span> 
     </span>
     <span class='ocr_line' id='line_1_35' title="bbox 106 3337 1115 3407; baseline -0.003 -11"><span class='ocrx_word' id='word_1_492' title='bbox 106 3341 178 3396; x_wconf 91' lang='lat' dir='ltr'><strong>retis</strong></span> <span class='ocrx_word' id='word_1_493' title='bbox 197 3340 351 3407; x_wconf 84' lang='lat' dir='ltr'><strong>auxilium,</strong></span> <span class='ocrx_word' id='word_1_494' title='bbox 366 3344 393 3395; x_wconf 91' lang='lat' dir='ltr'><strong>et</strong></span> <span class='ocrx_word' id='word_1_495' title='bbox 417 3339 512 3395; x_wconf 86' lang='lat' dir='ltr'><strong>facore</strong></span> <span class='ocrx_word' id='word_1_496' title='bbox 538 3337 686 3395; x_wconf 91' lang='lat' dir='ltr'><strong>noluistis.</strong></span> <span class='ocrx_word' id='word_1_497' title='bbox 703 3337 784 3402; x_wconf 84' lang='lat' dir='ltr'><strong>Quod</strong></span> <span class='ocrx_word' id='word_1_498' title='bbox 809 3353 931 3394; x_wconf 88' lang='lat' dir='ltr'><strong>cernens</strong></span> <span class='ocrx_word' id='word_1_499' title='bbox 982 3338 1115 3396; x_wconf 79' lang='lat' dir='ltr'><strong>Amalec.</strong></span> 
     </span>
     <span class='ocr_line' id='line_1_36' title="bbox 106 3423 1814 3503; baseline -0.002 -17"><span class='ocrx_word' id='word_1_500' title='bbox 106 3429 190 3502; x_wconf 88' lang='lat' dir='ltr'><strong>posui</strong></span> <span class='ocrx_word' id='word_1_501' title='bbox 202 3429 231 3484; x_wconf 92' lang='lat' dir='ltr'><strong>in</strong></span> <span class='ocrx_word' id='word_1_502' title='bbox 243 3428 463 3485; x_wconf 90' lang='lat' dir='ltr'><strong>manibusmeis</strong></span> <span class='ocrx_word' id='word_1_503' title='bbox 475 3427 606 3484; x_wconf 88' lang='lat' dir='ltr'><strong>animam</strong></span> <span class='ocrx_word' id='word_1_504' title='bbox 618 3443 725 3498; x_wconf 90' lang='lat' dir='ltr'><strong>meam,</strong></span> <span class='ocrx_word' id='word_1_505' title='bbox 737 3425 932 3499; x_wconf 86' lang='lat' dir='ltr'><strong>transivitque</strong></span> <span class='ocrx_word' id='word_1_506' title='bbox 1018 3429 1096 3503; x_wconf 81' lang='lat' dir='ltr'><strong>[Cap.</strong></span> <span class='ocrx_word' id='word_1_507' title='bbox 1112 3428 1199 3501; x_wconf 71' lang='lat' dir='ltr'><strong>xlta]</strong></span> <span class='ocrx_word' id='word_1_508' title='bbox 1216 3427 1406 3500; x_wconf 84' lang='lat' dir='ltr'><strong>Rursumqua</strong></span> <span class='ocrx_word' id='word_1_509' title='bbox 1421 3425 1473 3482; x_wconf 88' lang='lat' dir='ltr'><strong>lilii</strong></span> <span class='ocrx_word' id='word_1_510' title='bbox 1489 3423 1578 3484; x_wconf 88' lang='lat' dir='ltr'><strong>lsrael</strong></span> <span class='ocrx_word' id='word_1_511' title='bbox 1600 3424 1736 3481; x_wconf 86' lang='lat' dir='ltr'><strong>lecerunt</strong></span> <span class='ocrx_word' id='word_1_512' title='bbox 1751 3441 1814 3482; x_wconf 87' lang='lat' dir='ltr'><strong>ma-</strong></span> 
     </span>
     <span class='ocr_line' id='line_1_37' title="bbox 107 3514 1813 3590; baseline -0.004 -14"><span class='ocrx_word' id='word_1_513' title='bbox 107 3518 144 3577; x_wconf 88' lang='lat' dir='ltr'><strong>ad</strong></span> <span class='ocrx_word' id='word_1_514' title='bbox 159 3518 236 3575; x_wconf 87' lang='lat' dir='ltr'><strong>lilios</strong></span> <span class='ocrx_word' id='word_1_515' title='bbox 245 3520 380 3588; x_wconf 85' lang='lat' dir='ltr'><strong>Ammon,</strong></span> <span class='ocrx_word' id='word_1_516' title='bbox 391 3522 419 3574; x_wconf 90' lang='lat' dir='ltr'><strong>et</strong></span> <span class='ocrx_word' id='word_1_517' title='bbox 429 3516 550 3574; x_wconf 90' lang='lat' dir='ltr'><strong>tradidit</strong></span> <span class='ocrx_word' id='word_1_518' title='bbox 566 3533 615 3573; x_wconf 90' lang='lat' dir='ltr'><strong>eoa</strong></span> <span class='ocrx_word' id='word_1_519' title='bbox 630 3515 774 3573; x_wconf 89' lang='lat' dir='ltr'><strong>Dominus</strong></span> <span class='ocrx_word' id='word_1_520' title='bbox 784 3515 813 3571; x_wconf 92' lang='lat' dir='ltr'><strong>in</strong></span> <span class='ocrx_word' id='word_1_521' title='bbox 826 3531 933 3572; x_wconf 89' lang='lat' dir='ltr'><strong>manua</strong></span> <span class='ocrx_word' id='word_1_522' title='bbox 983 3517 1047 3576; x_wconf 92' lang='lat' dir='ltr'><strong>lum</strong></span> <span class='ocrx_word' id='word_1_523' title='bbox 1058 3518 1256 3590; x_wconf 84' lang='lat' dir='ltr'><strong>inconspectu</strong></span> <span class='ocrx_word' id='word_1_524' title='bbox 1273 3515 1402 3587; x_wconf 89' lang='lat' dir='ltr'><strong>Domini,</strong></span> <span class='ocrx_word' id='word_1_525' title='bbox 1413 3515 1462 3589; x_wconf 91' lang='lat' dir='ltr'><strong>qui</strong></span> <span class='ocrx_word' id='word_1_526' title='bbox 1473 3514 1591 3571; x_wconf 89' lang='lat' dir='ltr'><strong>tradidit</strong></span> <span class='ocrx_word' id='word_1_527' title='bbox 1600 3528 1650 3571; x_wconf 89' lang='lat' dir='ltr'><strong>eos</strong></span> <span class='ocrx_word' id='word_1_528' title='bbox 1661 3515 1691 3570; x_wconf 92' lang='lat' dir='ltr'><strong>in</strong></span> <span class='ocrx_word' id='word_1_529' title='bbox 1705 3530 1813 3571; x_wconf 90' lang='lat' dir='ltr'><strong>manua</strong></span> 
     </span>
    </p>
   </div>
   <div class='ocr_carea' id='block_1_5' title="bbox 144 3691 1816 3787">
    <p class='ocr_par' dir='ltr' id='par_1_5' title="bbox 144 3691 1816 3787">
     <span class='ocr_line' id='line_1_38' title="bbox 144 3691 1816 3787; baseline -0.004 -32"><span class='ocrx_word' id='word_1_530' title='bbox 144 3717 300 3775; x_wconf 86' lang='lat' dir='ltr'><strong>¹Primum</strong></span> <span class='ocrx_word' id='word_1_531' title='bbox 317 3731 424 3773; x_wconf 60' lang='lat' dir='ltr'><strong>nomen</strong></span> <span class='ocrx_word' id='word_1_532' title='bbox 439 3715 518 3772; x_wconf 53' lang='lat' dir='ltr'><strong>istud</strong></span> <span class='ocrx_word' id='word_1_533' title='bbox 534 3715 612 3787; x_wconf 58' lang='lat' dir='ltr'><strong>,pud</strong></span> <span class='ocrx_word' id='word_1_534' title='bbox 637 3714 770 3771; x_wconf 55' lang='lat' dir='ltr'><strong>pompos</strong></span> <span class='ocrx_word' id='word_1_535' title='bbox 794 3714 935 3772; x_wconf 54' lang='lat' dir='ltr'><strong>mihitur</strong></span> <span class='ocrx_word' id='word_1_536' title='bbox 986 3702 1051 3754; x_wconf 93' lang='lat' dir='ltr'><strong>utro</strong></span> <span class='ocrx_word' id='word_1_537' title='bbox 1076 3712 1110 3752; x_wconf 91' lang='lat' dir='ltr'><strong>ue</strong></span> <span class='ocrx_word' id='word_1_538' title='bbox 1135 3695 1198 3753; x_wconf 88' lang='lat' dir='ltr'><strong>loeo</strong></span> <span class='ocrx_word' id='word_1_539' title='bbox 1223 3695 1327 3752; x_wconf 87' lang='lat' dir='ltr'><strong>scribit</strong></span> <span class='ocrx_word' id='word_1_540' title='bbox 1341 3692 1490 3761; x_wconf 85' lang='lat' dir='ltr'><strong>Sibbotctb,</strong></span> <span class='ocrx_word' id='word_1_541' title='bbox 1507 3691 1592 3765; x_wconf 86' lang='lat' dir='ltr'><strong>quasi</strong></span> <span class='ocrx_word' id='word_1_542' title='bbox 1609 3691 1771 3748; x_wconf 84' lang='lat' dir='ltr'><strong>discrimen</strong></span> <span class='ocrx_word' id='word_1_543' title='bbox 1789 3706 1816 3753; x_wconf 80' lang='lat' dir='ltr'><strong>rs</strong></span> 
     </span>
    </p>
   </div>
   <div class='ocr_carea' id='block_1_6' title="bbox 110 3764 1817 3914">
    <p class='ocr_par' dir='ltr' id='par_1_6' title="bbox 110 3764 1817 3914">
     <span class='ocr_line' id='line_1_39' title="bbox 110 3764 1817 3914; baseline 0.017 -50"><span class='ocrx_word' id='word_1_544' title='bbox 110 3824 162 3881; x_wconf 91' lang='lat' dir='ltr'><strong>per</strong></span> <span class='ocrx_word' id='word_1_545' title='bbox 176 3805 256 3873; x_wconf 78' lang='lat' dir='ltr'><strong>sain,</strong></span> <span class='ocrx_word' id='word_1_546' title='bbox 273 3789 373 3867; x_wconf 64' lang='lat' dir='ltr'><strong>ethlom</strong></span> <span class='ocrx_word' id='word_1_547' title='bbox 387 3803 561 3860; x_wconf 78' lang='lat' dir='ltr'><strong>Sclribbotetb</strong></span> <span class='ocrx_word' id='word_1_548' title='bbox 577 3822 585 3858; x_wconf 76' lang='grc' dir='ltr'><strong><em>ε</em></strong></span> <span class='ocrx_word' id='word_1_549' title='bbox 605 3804 753 3876; x_wconf 70' lang='lat' dir='ltr'><strong>posterius</strong></span> <span class='ocrx_word' id='word_1_550' title='bbox 768 3809 865 3860; x_wconf 91' lang='lat' dir='ltr'><strong>autom</strong></span> <span class='ocrx_word' id='word_1_551' title='bbox 879 3805 934 3861; x_wconf 91' lang='lat' dir='ltr'><strong>ha·</strong></span> <span class='ocrx_word' id='word_1_552' title='bbox 985 3776 1075 3914; x_wconf 53' lang='lat' dir='ltr'><strong>{him</strong></span> <span class='ocrx_word' id='word_1_553' title='bbox 1090 3764 1817 3911; x_wconf 46' lang='grc' dir='ltr'><strong>ῗξᾮῗῖουΐξοὲἳιὲῖῑῗῃῗῑίἔαῑὲἒᾷῑιὲῗιιῃίῗρῗορῆῶξαΐ·</strong></span> 
     </span>
    </p>
   </div>
   <div class='ocr_carea' id='block_1_7' title="bbox 108 3879 1814 3980">
    <p class='ocr_par' dir='ltr' id='par_1_7' title="bbox 108 3879 1814 3980">
     <span class='ocr_line' id='line_1_40' title="bbox 108 3879 1814 3980; baseline -0.004 -27"><span class='ocrx_word' id='word_1_554' title='bbox 108 3879 576 3956; x_wconf 49' lang='grc'>111811111111913118111111111</span> <span class='ocrx_word' id='word_1_555' title='bbox 607 3893 694 3964; x_wconf 89' lang='lat' dir='ltr'><strong>idque</strong></span> <span class='ocrx_word' id='word_1_556' title='bbox 723 3898 822 3949; x_wconf 90' lang='lat' dir='ltr'><strong>monet</strong></span> <span class='ocrx_word' id='word_1_557' title='bbox 848 3894 934 3950; x_wconf 81' lang='lat' dir='ltr'><strong>sclao·</strong></span> <span class='ocrx_word' id='word_1_558' title='bbox 986 3912 1032 3967; x_wconf 59' lang='lat' dir='ltr'><strong>vid</strong></span> <span class='ocrx_word' id='word_1_559' title='bbox 1055 3911 1152 3967; x_wconf 68' lang='lat' dir='ltr'><strong>Kimhi</strong></span> <span class='ocrx_word' id='word_1_560' title='bbox 1176 3911 1362 3967; x_wconf 61' lang='lat' dir='ltr'><strong>eodpmvffi„</strong></span> <span class='ocrx_word' id='word_1_561' title='bbox 1388 3910 1553 3980; x_wconf 60' lang='lat' dir='ltr'><strong>qphmqfflos</strong></span> <span class='ocrx_word' id='word_1_562' title='bbox 1577 3907 1814 3980; x_wconf 53' lang='lat' dir='ltr'><strong>pabmmquo</strong></span> 
     </span>
    </p>
   </div>
   <div class='ocr_carea' id='block_1_8' title="bbox 71 3978 1823 5707">
    <p class='ocr_par' dir='ltr' id='par_1_8' title="bbox 71 3978 1823 5707">
     <span class='ocr_line' id='line_1_41' title="bbox 110 3978 1816 4058; baseline -0.004 -16"><span class='ocrx_word' id='word_1_563' title='bbox 110 3986 210 4042; x_wconf 89' lang='lat' dir='ltr'><strong>liastes</strong></span> <span class='ocrx_word' id='word_1_564' title='bbox 233 3989 342 4054; x_wconf 89' lang='lat' dir='ltr'><strong>noster,</strong></span> <span class='ocrx_word' id='word_1_565' title='bbox 360 3984 409 4056; x_wconf 91' lang='lat' dir='ltr'><strong>qui</strong></span> <span class='ocrx_word' id='word_1_566' title='bbox 434 3983 586 4038; x_wconf 76' lang='lat' dir='ltr'><strong>Hebraeum</strong></span> <span class='ocrx_word' id='word_1_567' title='bbox 612 3981 788 4058; x_wconf 80' lang='lat' dir='ltr'><strong>olerncutum</strong></span> <span class='ocrx_word' id='word_1_568' title='bbox 806 3995 835 4048; x_wconf 84' lang='lat' dir='ltr'><strong>o.</strong></span> <span class='ocrx_word' id='word_1_569' title='bbox 853 3988 937 4040; x_wconf 89' lang='lat' dir='ltr'><strong>vocat</strong></span> <span class='ocrx_word' id='word_1_570' title='bbox 986 3984 1123 4040; x_wconf 87' lang='lat' dir='ltr'><strong>laborant</strong></span> <span class='ocrx_word' id='word_1_571' title='bbox 1135 3982 1210 4038; x_wconf 87' lang='lat' dir='ltr'><strong>Galli</strong></span> <span class='ocrx_word' id='word_1_572' title='bbox 1228 3999 1284 4039; x_wconf 91' lang='lat' dir='ltr'><strong>non</strong></span> <span class='ocrx_word' id='word_1_573' title='bbox 1301 3982 1431 4039; x_wconf 83' lang='lat' dir='ltr'><strong>valentes</strong></span> <span class='ocrx_word' id='word_1_574' title='bbox 1446 3997 1552 4037; x_wconf 88' lang='lat' dir='ltr'><strong>sonare</strong></span> <span class='ocrx_word' id='word_1_575' title='bbox 1568 3978 1695 4034; x_wconf 86' lang='lat' dir='ltr'><strong>litteram</strong></span> <span class='ocrx_word' id='word_1_576' title='bbox 1712 3980 1816 4048; x_wconf 82' lang='lat' dir='ltr'><strong>Solum,</strong></span> 
     </span>
     <span class='ocr_line' id='line_1_42' title="bbox 109 4050 1817 4127; baseline -0.004 -13"><span class='ocrx_word' id='word_1_577' title='bbox 109 4059 227 4120; x_wconf 87' lang='lat' dir='ltr'><strong>Zemec;</strong></span> <span class='ocrx_word' id='word_1_578' title='bbox 254 4056 310 4112; x_wconf 87' lang='lat' dir='ltr'><strong>nisi</strong></span> <span class='ocrx_word' id='word_1_579' title='bbox 335 4056 515 4112; x_wconf 89' lang='lat' dir='ltr'><strong>notariorum</strong></span> <span class='ocrx_word' id='word_1_580' title='bbox 544 4053 791 4125; x_wconf 86' lang='lat' dir='ltr'><strong>librariorumque</strong></span> <span class='ocrx_word' id='word_1_581' title='bbox 804 4071 937 4126; x_wconf 89' lang='lat' dir='ltr'><strong>pronun·</strong></span> <span class='ocrx_word' id='word_1_582' title='bbox 987 4056 1115 4113; x_wconf 88' lang='lat' dir='ltr'><strong>sedeam</strong></span> <span class='ocrx_word' id='word_1_583' title='bbox 1128 4054 1322 4112; x_wconf 81' lang='lat' dir='ltr'><strong>efferentesuo</strong></span> <span class='ocrx_word' id='word_1_584' title='bbox 1338 4054 1368 4127; x_wconf 32' lang='lat' dir='ltr'><strong>si·</strong></span> <span class='ocrx_word' id='word_1_585' title='bbox 1378 4062 1454 4110; x_wconf 87' lang='lat' dir='ltr'><strong>esset</strong></span> <span class='ocrx_word' id='word_1_586' title='bbox 1468 4052 1542 4108; x_wconf 78' lang='lat' dir='ltr'><strong>Thea</strong></span> <span class='ocrx_word' id='word_1_587' title='bbox 1553 4050 1725 4122; x_wconf 82' lang='lat' dir='ltr'><strong>raphatum,</strong></span> <span class='ocrx_word' id='word_1_588' title='bbox 1736 4053 1817 4124; x_wconf 92' lang='lat' dir='ltr'><strong>quod</strong></span> 
     </span>
     <span class='ocr_line' id='line_1_43' title="bbox 109 4123 1818 4212; baseline -0.003 -27"><span class='ocrx_word' id='word_1_589' title='bbox 109 4130 231 4186; x_wconf 90' lang='lat' dir='ltr'><strong>tiationo</strong></span> <span class='ocrx_word' id='word_1_590' title='bbox 245 4127 288 4184; x_wconf 85' lang='lat' dir='ltr'><strong>rel</strong></span> <span class='ocrx_word' id='word_1_591' title='bbox 304 4127 453 4212; x_wconf 85' lang='lat' dir='ltr'><strong>imperitia</strong></span> <span class='ocrx_word' id='word_1_592' title='bbox 467 4128 582 4182; x_wconf 78' lang='lat' dir='ltr'><strong>Zamam</strong></span> <span class='ocrx_word' id='word_1_593' title='bbox 601 4126 673 4182; x_wconf 91' lang='lat' dir='ltr'><strong>illud</strong></span> <span class='ocrx_word' id='word_1_594' title='bbox 689 4126 804 4182; x_wconf 87' lang='lat' dir='ltr'><strong>fluxerit</strong></span> <span class='ocrx_word' id='word_1_595' title='bbox 818 4144 869 4199; x_wconf 89' lang='lat' dir='ltr'><strong>pro</strong></span> <span class='ocrx_word' id='word_1_596' title='bbox 884 4130 935 4181; x_wconf 81' lang='lat' dir='ltr'><strong>Su·</strong></span> <span class='ocrx_word' id='word_1_597' title='bbox 987 4144 1088 4184; x_wconf 78' lang='lat' dir='ltr'><strong>aarum</strong></span> <span class='ocrx_word' id='word_1_598' title='bbox 1116 4142 1180 4182; x_wconf 87' lang='lat' dir='ltr'><strong>asso</strong></span> <span class='ocrx_word' id='word_1_599' title='bbox 1209 4143 1295 4183; x_wconf 83' lang='lat' dir='ltr'><strong>nemo</strong></span> <span class='ocrx_word' id='word_1_600' title='bbox 1319 4143 1376 4181; x_wconf 92' lang='lat' dir='ltr'><strong>non</strong></span> <span class='ocrx_word' id='word_1_601' title='bbox 1405 4124 1520 4193; x_wconf 81' lang='lat' dir='ltr'><strong>dixerit,</strong></span> <span class='ocrx_word' id='word_1_602' title='bbox 1537 4123 1586 4196; x_wconf 94' lang='lat' dir='ltr'><strong>qui</strong></span> <span class='ocrx_word' id='word_1_603' title='bbox 1603 4123 1737 4179; x_wconf 90' lang='lat' dir='ltr'><strong>consulet</strong></span> <span class='ocrx_word' id='word_1_604' title='bbox 1751 4124 1818 4180; x_wconf 87' lang='lat' dir='ltr'><strong>mis.</strong></span> 
     </span>
     <span class='ocr_line' id='line_1_44' title="bbox 108 4194 1818 4265; baseline -0.004 -9"><span class='ocrx_word' id='word_1_605' title='bbox 108 4200 273 4257; x_wconf 75' lang='lat' dir='ltr'><strong>mcclaNon</strong></span> <span class='ocrx_word' id='word_1_606' title='bbox 297 4198 368 4255; x_wconf 78' lang='lat' dir='ltr'><strong>levis</strong></span> <span class='ocrx_word' id='word_1_607' title='bbox 392 4204 438 4255; x_wconf 89' lang='lat' dir='ltr'><strong>est</strong></span> <span class='ocrx_word' id='word_1_608' title='bbox 460 4215 477 4253; x_wconf 93' lang='lat' dir='ltr'><strong>a</strong></span> <span class='ocrx_word' id='word_1_609' title='bbox 500 4197 538 4253; x_wconf 91' lang='lat' dir='ltr'><strong>ud</strong></span> <span class='ocrx_word' id='word_1_610' title='bbox 565 4197 680 4253; x_wconf 88' lang='lat' dir='ltr'><strong>criticos</strong></span> <span class='ocrx_word' id='word_1_611' title='bbox 704 4202 943 4254; x_wconf 87' lang='lat' dir='ltr'><strong>sacroscontro··</strong></span> <span class='ocrx_word' id='word_1_612' title='bbox 989 4199 1103 4257; x_wconf 85' lang='lat' dir='ltr'><strong>codices</strong></span> <span class='ocrx_word' id='word_1_613' title='bbox 1133 4197 1324 4265; x_wconf 82' lang='lat' dir='ltr'><strong>Eiblieos,ltc</strong></span> <span class='ocrx_word' id='word_1_614' title='bbox 1347 4198 1406 4252; x_wconf 92' lang='lat' dir='ltr'><strong>ium</strong></span> <span class='ocrx_word' id='word_1_615' title='bbox 1432 4196 1512 4263; x_wconf 86' lang='grc'>3563,</span> <span class='ocrx_word' id='word_1_616' title='bbox 1528 4194 1727 4252; x_wconf 84' lang='lat' dir='ltr'><strong>Gelbertinum</strong></span> <span class='ocrx_word' id='word_1_617' title='bbox 1756 4196 1818 4261; x_wconf 83' lang='grc'>181,</span> 
     </span>
     <span class='ocr_line' id='line_1_45' title="bbox 109 4213 1820 4354; baseline -0.001 -29"><span class='ocrx_word' id='word_1_618' title='bbox 109 4215 497 4354; x_wconf 62' lang='lat' dir='ltr'><strong>earsiadesonoSillotcth</strong></span> <span class='ocrx_word' id='word_1_619' title='bbox 523 4270 635 4352; x_wconf 66' lang='grc'>1115111,</span> <span class='ocrx_word' id='word_1_620' title='bbox 650 4274 684 4351; x_wconf 39' lang='lat' dir='ltr'><strong>et·</strong></span> <span class='ocrx_word' id='word_1_621' title='bbox 698 4269 734 4324; x_wconf 89' lang='lat' dir='ltr'><strong>ds</strong></span> <span class='ocrx_word' id='word_1_622' title='bbox 753 4274 854 4352; x_wconf 78' lang='lat' dir='ltr'><strong>eodem</strong></span> <span class='ocrx_word' id='word_1_623' title='bbox 886 4285 938 4343; x_wconf 90' lang='lat' dir='ltr'><strong>per</strong></span> <span class='ocrx_word' id='word_1_624' title='bbox 988 4270 1193 4330; x_wconf 78' lang='lat' dir='ltr'><strong>corbeiensem</strong></span> <span class='ocrx_word' id='word_1_625' title='bbox 1217 4271 1260 4339; x_wconf 82' lang='lat'><strong>10,</strong></span> <span class='ocrx_word' id='word_1_626' title='bbox 1276 4271 1306 4326; x_wconf 87' lang='lat' dir='ltr'><strong>S.</strong></span> <span class='ocrx_word' id='word_1_627' title='bbox 1320 4213 1572 4350; x_wconf 46' lang='lat' dir='ltr'><strong>(hermanibet&#39;t,</strong></span> <span class='ocrx_word' id='word_1_628' title='bbox 1589 4266 1735 4338; x_wconf 81' lang='lat' dir='ltr'><strong>precipue</strong></span> <span class='ocrx_word' id='word_1_629' title='bbox 1751 4282 1820 4323; x_wconf 82' lang='lat' dir='ltr'><strong>rara</strong></span> 
     </span>
     <span class='ocr_line' id='line_1_46' title="bbox 111 4286 1820 4466; baseline -0.002 -67"><span class='ocrx_word' id='word_1_630' title='bbox 111 4343 234 4399; x_wconf 77' lang='grc'>8111111111.</span> <span class='ocrx_word' id='word_1_631' title='bbox 257 4341 379 4406; x_wconf 81' lang='lat' dir='ltr'><strong>Quidam</strong></span> <span class='ocrx_word' id='word_1_632' title='bbox 395 4342 497 4397; x_wconf 87' lang='lat' dir='ltr'><strong>volunt</strong></span> <span class='ocrx_word' id='word_1_633' title='bbox 509 4286 637 4398; x_wconf 70' lang='lat' dir='ltr'><strong>hilaram</strong></span> <span class='ocrx_word' id='word_1_634' title='bbox 653 4341 703 4397; x_wconf 81' lang='lat' dir='ltr'><strong>San</strong></span> <span class='ocrx_word' id='word_1_635' title='bbox 717 4354 744 4401; x_wconf 76' lang='lat' dir='ltr'><strong>u</strong></span> <span class='ocrx_word' id='word_1_636' title='bbox 760 4342 851 4399; x_wconf 81' lang='lat' dir='ltr'><strong>luisse</strong></span> <span class='ocrx_word' id='word_1_637' title='bbox 867 4359 937 4414; x_wconf 89' lang='lat' dir='ltr'><strong>pro·</strong></span> <span class='ocrx_word' id='word_1_638' title='bbox 990 4344 1052 4411; x_wconf 81' lang='lat' dir='ltr'><strong>tdt,</strong></span> <span class='ocrx_word' id='word_1_639' title='bbox 1064 4343 1093 4399; x_wconf 91' lang='lat' dir='ltr'><strong>in</strong></span> <span class='ocrx_word' id='word_1_640' title='bbox 1107 4359 1166 4415; x_wconf 93' lang='lat' dir='ltr'><strong>quo</strong></span> <span class='ocrx_word' id='word_1_641' title='bbox 1181 4343 1253 4398; x_wconf 82' lang='grc'>111111</span> <span class='ocrx_word' id='word_1_642' title='bbox 1270 4340 1426 4412; x_wconf 88' lang='lat' dir='ltr'><strong>raphatum</strong></span> <span class='ocrx_word' id='word_1_643' title='bbox 1443 4336 1820 4466; x_wconf 65' lang='grc' dir='ltr'>1ορ1111111,11011111,111·</span> 
     </span>
     <span class='ocr_line' id='line_1_47' title="bbox 110 4409 1821 4486; baseline -0.004 -15"><span class='ocrx_word' id='word_1_644' title='bbox 110 4414 200 4471; x_wconf 89' lang='lat' dir='ltr'><strong>latom</strong></span> <span class='ocrx_word' id='word_1_645' title='bbox 213 4418 265 4470; x_wconf 79' lang='lat' dir='ltr'><strong>ute</strong></span> <span class='ocrx_word' id='word_1_646' title='bbox 277 4419 409 4471; x_wconf 90' lang='lat' dir='ltr'><strong>nostrum</strong></span> <span class='ocrx_word' id='word_1_647' title='bbox 427 4414 454 4469; x_wconf 93' lang='lat' dir='ltr'><strong>in</strong></span> <span class='ocrx_word' id='word_1_648' title='bbox 471 4413 938 4485; x_wconf 74' lang='lat' dir='ltr'><strong>principiodiotionis:Sacramenta</strong></span> <span class='ocrx_word' id='word_1_649' title='bbox 990 4414 1093 4483; x_wconf 82' lang='lat' dir='ltr'><strong>beleth,</strong></span> <span class='ocrx_word' id='word_1_650' title='bbox 1110 4431 1161 4486; x_wconf 85' lang='lat' dir='ltr'><strong>pro</strong></span> <span class='ocrx_word' id='word_1_651' title='bbox 1186 4413 1338 4483; x_wconf 74' lang='grc'>5111111111,</span> <span class='ocrx_word' id='word_1_652' title='bbox 1353 4413 1395 4468; x_wconf 83' lang='lat' dir='ltr'><strong>ret</strong></span> <span class='ocrx_word' id='word_1_653' title='bbox 1422 4410 1469 4466; x_wconf 79' lang='lat' dir='ltr'><strong>zo</strong></span> <span class='ocrx_word' id='word_1_654' title='bbox 1491 4409 1571 4466; x_wconf 75' lang='lat' dir='ltr'><strong>olette.</strong></span> <span class='ocrx_word' id='word_1_655' title='bbox 1588 4409 1686 4465; x_wconf 81' lang='lat' dir='ltr'><strong>caten</strong></span> <span class='ocrx_word' id='word_1_656' title='bbox 1717 4409 1821 4478; x_wconf 80' lang='lat' dir='ltr'><strong>legunt</strong></span> 
     </span>
     <span class='ocr_line' id='line_1_48' title="bbox 111 4480 1820 4573; baseline -0.005 -26"><span class='ocrx_word' id='word_1_657' title='bbox 111 4493 244 4547; x_wconf 78' lang='lat' dir='ltr'><strong>euntem</strong></span> <span class='ocrx_word' id='word_1_658' title='bbox 261 4498 290 4541; x_wconf 83' lang='lat' dir='ltr'><strong>ur</strong></span> <span class='ocrx_word' id='word_1_659' title='bbox 305 4502 317 4538; x_wconf 84' lang='lat' dir='ltr'><strong>a</strong></span> <span class='ocrx_word' id='word_1_660' title='bbox 334 4485 410 4541; x_wconf 89' lang='lat' dir='ltr'><strong>inter</strong></span> <span class='ocrx_word' id='word_1_661' title='bbox 425 4486 498 4541; x_wconf 88' lang='lat' dir='ltr'><strong>duas</strong></span> <span class='ocrx_word' id='word_1_662' title='bbox 514 4484 628 4542; x_wconf 87' lang='lat' dir='ltr'><strong>vocales</strong></span> <span class='ocrx_word' id='word_1_663' title='bbox 644 4501 681 4554; x_wconf 89' lang='lat' dir='ltr'><strong>m,</strong></span> <span class='ocrx_word' id='word_1_664' title='bbox 698 4487 850 4559; x_wconf 89' lang='lat' dir='ltr'><strong>tamquam</strong></span> <span class='ocrx_word' id='word_1_665' title='bbox 869 4503 932 4557; x_wconf 91' lang='lat' dir='ltr'><strong>pro·</strong></span> <span class='ocrx_word' id='word_1_666' title='bbox 949 4505 973 4573; x_wconf 59' lang='grc' dir='ltr'><strong>ρ)</strong></span> <span class='ocrx_word' id='word_1_667' title='bbox 993 4486 1143 4557; x_wconf 75' lang='grc'>1111111111,</span> <span class='ocrx_word' id='word_1_668' title='bbox 1159 4491 1169 4542; x_wconf 92' lang='grc'><strong>1</strong></span> <span class='ocrx_word' id='word_1_669' title='bbox 1195 4501 1301 4558; x_wconf 82' lang='lat' dir='ltr'><strong>nempe</strong></span> <span class='ocrx_word' id='word_1_670' title='bbox 1322 4501 1373 4557; x_wconf 92' lang='lat' dir='ltr'><strong>pro</strong></span> <span class='ocrx_word' id='word_1_671' title='bbox 1402 4483 1518 4539; x_wconf 82' lang='lat' dir='ltr'><strong>llebraao</strong></span> <span class='ocrx_word' id='word_1_672' title='bbox 1544 4494 1563 4542; x_wconf 79' lang='lat' dir='ltr'><strong>o</strong></span> <span class='ocrx_word' id='word_1_673' title='bbox 1584 4480 1708 4537; x_wconf 78' lang='lat' dir='ltr'><strong>Semcclt.</strong></span> <span class='ocrx_word' id='word_1_674' title='bbox 1724 4482 1763 4537; x_wconf 82' lang='lat' dir='ltr'><strong>At</strong></span> <span class='ocrx_word' id='word_1_675' title='bbox 1783 4482 1820 4538; x_wconf 89' lang='lat' dir='ltr'><strong>de</strong></span> 
     </span>
     <span class='ocr_line' id='line_1_49' title="bbox 112 4551 1821 4642; baseline -0.003 -29"><span class='ocrx_word' id='word_1_676' title='bbox 112 4558 300 4613; x_wconf 87' lang='lat' dir='ltr'><strong>nuntiaretur</strong></span> <span class='ocrx_word' id='word_1_677' title='bbox 312 4557 450 4612; x_wconf 79' lang='lat' dir='ltr'><strong>Zibbotetlx</strong></span> <span class='ocrx_word' id='word_1_678' title='bbox 463 4572 513 4628; x_wconf 91' lang='lat' dir='ltr'><strong>per</strong></span> <span class='ocrx_word' id='word_1_679' title='bbox 526 4573 550 4612; x_wconf 79' lang='lat' dir='ltr'><strong>a.</strong></span> <span class='ocrx_word' id='word_1_680' title='bbox 561 4559 628 4624; x_wconf 81' lang='lat' dir='ltr'><strong>Quae</strong></span> <span class='ocrx_word' id='word_1_681' title='bbox 644 4557 772 4629; x_wconf 83' lang='lat' dir='ltr'><strong>prolecto</strong></span> <span class='ocrx_word' id='word_1_682' title='bbox 789 4558 935 4642; x_wconf 86' lang='lat' dir='ltr'><strong>quadrant</strong></span> <span class='ocrx_word' id='word_1_683' title='bbox 988 4559 1036 4616; x_wconf 90' lang='lat' dir='ltr'><strong>his</strong></span> <span class='ocrx_word' id='word_1_684' title='bbox 1063 4557 1216 4616; x_wconf 88' lang='lat' dir='ltr'><strong>elementis</strong></span> <span class='ocrx_word' id='word_1_685' title='bbox 1241 4574 1273 4615; x_wconf 86' lang='lat' dir='ltr'><strong>aa</strong></span> <span class='ocrx_word' id='word_1_686' title='bbox 1298 4553 1460 4629; x_wconf 89' lang='lat' dir='ltr'><strong>prolatione</strong></span> <span class='ocrx_word' id='word_1_687' title='bbox 1475 4568 1575 4610; x_wconf 89' lang='lat' dir='ltr'><strong>eorum</strong></span> <span class='ocrx_word' id='word_1_688' title='bbox 1592 4551 1760 4608; x_wconf 76' lang='lat' dir='ltr'><strong>audiendus</strong></span> <span class='ocrx_word' id='word_1_689' title='bbox 1775 4557 1821 4610; x_wconf 88' lang='lat' dir='ltr'><strong>est</strong></span> 
     </span>
     <span class='ocr_line' id='line_1_50' title="bbox 71 4623 1821 4715; baseline -0.002 -31"><span class='ocrx_word' id='word_1_690' title='bbox 71 4672 77 4684; x_wconf 90' lang='lat'>.</span> <span class='ocrx_word' id='word_1_691' title='bbox 112 4630 147 4685; x_wconf 90' lang='lat' dir='ltr'><strong>ad</strong></span> <span class='ocrx_word' id='word_1_692' title='bbox 164 4629 275 4686; x_wconf 90' lang='lat' dir='ltr'><strong>scholia</strong></span> <span class='ocrx_word' id='word_1_693' title='bbox 299 4628 348 4684; x_wconf 80' lang='lat' dir='ltr'><strong>Ga:</strong></span> <span class='ocrx_word' id='word_1_694' title='bbox 359 4629 424 4684; x_wconf 90' lang='lat' dir='ltr'><strong>onis</strong></span> <span class='ocrx_word' id='word_1_695' title='bbox 448 4629 591 4684; x_wconf 78' lang='lat' dir='ltr'><strong>tlehraicae</strong></span> <span class='ocrx_word' id='word_1_696' title='bbox 607 4629 747 4699; x_wconf 86' lang='lat' dir='ltr'><strong>veritatis,</strong></span> <span class='ocrx_word' id='word_1_697' title='bbox 764 4634 805 4685; x_wconf 89' lang='grc'>1111</span> <span class='ocrx_word' id='word_1_698' title='bbox 821 4630 934 4703; x_wconf 89' lang='lat' dir='ltr'><strong>perspi·</strong></span> <span class='ocrx_word' id='word_1_699' title='bbox 989 4632 1053 4715; x_wconf 86' lang='lat' dir='ltr'><strong>ipae</strong></span> <span class='ocrx_word' id='word_1_700' title='bbox 1068 4631 1274 4700; x_wconf 79' lang='lat' dir='ltr'><strong>Hieronymus,</strong></span> <span class='ocrx_word' id='word_1_701' title='bbox 1291 4627 1340 4700; x_wconf 91' lang='lat' dir='ltr'><strong>qui</strong></span> <span class='ocrx_word' id='word_1_702' title='bbox 1353 4627 1428 4683; x_wconf 89' lang='lat' dir='ltr'><strong>libro</strong></span> <span class='ocrx_word' id='word_1_703' title='bbox 1444 4626 1592 4684; x_wconf 73' lang='lat' dir='ltr'><strong>Neminem</strong></span> <span class='ocrx_word' id='word_1_704' title='bbox 1619 4623 1821 4681; x_wconf 83' lang='lat' dir='ltr'><strong>Ecbraicorum</strong></span> 
     </span>
     <span class='ocr_line' id='line_1_51' title="bbox 111 4698 1820 4774; baseline -0.002 -17"><span class='ocrx_word' id='word_1_705' title='bbox 111 4716 199 4758; x_wconf 92' lang='lat' dir='ltr'><strong>cuum</strong></span> <span class='ocrx_word' id='word_1_706' title='bbox 216 4705 270 4764; x_wconf 83' lang='lat' dir='ltr'><strong>est,</strong></span> <span class='ocrx_word' id='word_1_707' title='bbox 281 4707 310 4756; x_wconf 89' lang='lat' dir='ltr'><strong>ct</strong></span> <span class='ocrx_word' id='word_1_708' title='bbox 325 4701 361 4756; x_wconf 93' lang='lat' dir='ltr'><strong>ud</strong></span> <span class='ocrx_word' id='word_1_709' title='bbox 378 4700 530 4756; x_wconf 87' lang='lat' dir='ltr'><strong>lectionem</strong></span> <span class='ocrx_word' id='word_1_710' title='bbox 551 4699 673 4774; x_wconf 89' lang='lat' dir='ltr'><strong>insuper</strong></span> <span class='ocrx_word' id='word_1_711' title='bbox 697 4700 809 4773; x_wconf 91' lang='lat' dir='ltr'><strong>antiqui</strong></span> <span class='ocrx_word' id='word_1_712' title='bbox 834 4719 934 4758; x_wconf 89' lang='lat' dir='ltr'><strong>exem·</strong></span> <span class='ocrx_word' id='word_1_713' title='bbox 987 4703 1144 4760; x_wconf 80' lang='lat' dir='ltr'><strong>litteratus</strong></span> <span class='ocrx_word' id='word_1_714' title='bbox 1164 4716 1221 4755; x_wconf 93' lang='lat' dir='ltr'><strong>nou</strong></span> <span class='ocrx_word' id='word_1_715' title='bbox 1238 4699 1426 4771; x_wconf 80' lang='lat' dir='ltr'><strong>pretermisit</strong></span> <span class='ocrx_word' id='word_1_716' title='bbox 1441 4698 1580 4753; x_wconf 90' lang='lat' dir='ltr'><strong>intactam</strong></span> <span class='ocrx_word' id='word_1_717' title='bbox 1599 4712 1605 4751; x_wconf 94' lang='lat'>:</span> <span class='ocrx_word' id='word_1_718' title='bbox 1630 4718 1645 4746; x_wconf 78' lang='lat' dir='ltr'><strong>a</strong></span> <span class='ocrx_word' id='word_1_719' title='bbox 1660 4700 1723 4752; x_wconf 82' lang='lat' dir='ltr'><strong>Hoc</strong></span> <span class='ocrx_word' id='word_1_720' title='bbox 1739 4713 1820 4753; x_wconf 90' lang='lat' dir='ltr'><strong>nunu</strong></span> 
     </span>
     <span class='ocr_line' id='line_1_52' title="bbox 110 4767 1817 4847; baseline -0.001 -19"><span class='ocrx_word' id='word_1_721' title='bbox 110 4773 202 4847; x_wconf 85' lang='lat' dir='ltr'><strong>pluris</strong></span> <span class='ocrx_word' id='word_1_722' title='bbox 227 4789 280 4828; x_wconf 89' lang='lat' dir='ltr'><strong>ms.</strong></span> <span class='ocrx_word' id='word_1_723' title='bbox 297 4772 326 4826; x_wconf 92' lang='lat' dir='ltr'><strong>iu</strong></span> <span class='ocrx_word' id='word_1_724' title='bbox 352 4778 450 4827; x_wconf 89' lang='lat' dir='ltr'><strong>nostra</strong></span> <span class='ocrx_word' id='word_1_725' title='bbox 465 4770 641 4829; x_wconf 88' lang='lat' dir='ltr'><strong>bibliotheca</strong></span> <span class='ocrx_word' id='word_1_726' title='bbox 655 4772 816 4831; x_wconf 88' lang='lat' dir='ltr'><strong>obtinentis</strong></span> <span class='ocrx_word' id='word_1_727' title='bbox 831 4790 934 4831; x_wconf 91' lang='lat' dir='ltr'><strong>nume·</strong></span> <span class='ocrx_word' id='word_1_728' title='bbox 988 4791 1047 4847; x_wconf 93' lang='lat' dir='ltr'><strong>quo</strong></span> <span class='ocrx_word' id='word_1_729' title='bbox 1071 4788 1116 4841; x_wconf 90' lang='lat' dir='ltr'><strong>ue,</strong></span> <span class='ocrx_word' id='word_1_730' title='bbox 1127 4770 1234 4841; x_wconf 88' lang='lat' dir='ltr'><strong>inquit,</strong></span> <span class='ocrx_word' id='word_1_731' title='bbox 1246 4772 1276 4825; x_wconf 92' lang='lat' dir='ltr'><strong>in</strong></span> <span class='ocrx_word' id='word_1_732' title='bbox 1290 4788 1299 4826; x_wconf 84' lang='grc'><strong>1</strong></span> <span class='ocrx_word' id='word_1_733' title='bbox 1311 4771 1408 4827; x_wconf 85' lang='lat' dir='ltr'><strong>littera</strong></span> <span class='ocrx_word' id='word_1_734' title='bbox 1422 4768 1573 4825; x_wconf 86' lang='lat' dir='ltr'><strong>sciendum</strong></span> <span class='ocrx_word' id='word_1_735' title='bbox 1589 4772 1644 4824; x_wconf 86' lang='lat' dir='ltr'><strong>eat.</strong></span> <span class='ocrx_word' id='word_1_736' title='bbox 1660 4767 1817 4839; x_wconf 85' lang='lat' dir='ltr'><strong>Siquidem</strong></span> 
     </span>
     <span class='ocr_line' id='line_1_53' title="bbox 110 4789 1822 4928; baseline -0.003 -27"><span class='ocrx_word' id='word_1_737' title='bbox 110 4845 205 4902; x_wconf 80' lang='lat' dir='ltr'><strong>rami</strong></span> <span class='ocrx_word' id='word_1_738' title='bbox 223 4861 230 4900; x_wconf 73' lang='grc' dir='ltr'>ε</span> <span class='ocrx_word' id='word_1_739' title='bbox 247 4861 314 4899; x_wconf 80' lang='lat' dir='ltr'><strong>nam</strong></span> <span class='ocrx_word' id='word_1_740' title='bbox 339 4843 368 4899; x_wconf 93' lang='lat' dir='ltr'><strong>in</strong></span> <span class='ocrx_word' id='word_1_741' title='bbox 394 4860 427 4900; x_wconf 90' lang='lat' dir='ltr'><strong>co</strong></span> <span class='ocrx_word' id='word_1_742' title='bbox 450 4844 550 4901; x_wconf 88' lang='lat' dir='ltr'><strong>codice</strong></span> <span class='ocrx_word' id='word_1_743' title='bbox 565 4844 749 4902; x_wconf 89' lang='lat' dir='ltr'><strong>Corbeiausis</strong></span> <span class='ocrx_word' id='word_1_744' title='bbox 764 4843 935 4902; x_wconf 85' lang='lat' dir='ltr'><strong>monasterii</strong></span> <span class='ocrx_word' id='word_1_745' title='bbox 989 4789 1066 4928; x_wconf 62' lang='lat' dir='ltr'><strong>apuh</strong></span> <span class='ocrx_word' id='word_1_746' title='bbox 1082 4859 1132 4900; x_wconf 88' lang='lat' dir='ltr'><strong>eos</strong></span> <span class='ocrx_word' id='word_1_747' title='bbox 1146 4841 1303 4911; x_wconf 73' lang='lat' dir='ltr'><strong>(Hebraea)</strong></span> <span class='ocrx_word' id='word_1_748' title='bbox 1320 4847 1379 4898; x_wconf 86' lang='lat' dir='ltr'><strong>tres</strong></span> <span class='ocrx_word' id='word_1_749' title='bbox 1393 4858 1406 4896; x_wconf 83' lang='lat' dir='ltr'><strong>s</strong></span> <span class='ocrx_word' id='word_1_750' title='bbox 1421 4845 1492 4897; x_wconf 89' lang='lat' dir='ltr'><strong>sunt</strong></span> <span class='ocrx_word' id='word_1_751' title='bbox 1521 4839 1640 4921; x_wconf 27' lang='lat' dir='ltr'><strong>litt-era:</strong></span> <span class='ocrx_word' id='word_1_752' title='bbox 1668 4855 1729 4894; x_wconf 92' lang='lat' dir='ltr'><strong>una</strong></span> <span class='ocrx_word' id='word_1_753' title='bbox 1755 4857 1822 4914; x_wconf 80' lang='lat' dir='ltr'><strong>qum</strong></span> 
     </span>
     <span class='ocr_line' id='line_1_54' title="bbox 110 4908 1821 4997; baseline -0.004 -23"><span class='ocrx_word' id='word_1_754' title='bbox 110 4918 254 4988; x_wconf 91' lang='lat' dir='ltr'><strong>seriptum</strong></span> <span class='ocrx_word' id='word_1_755' title='bbox 270 4914 415 4997; x_wconf 65' lang='lat' dir='ltr'><strong>legimus:</strong></span> <span class='ocrx_word' id='word_1_756' title='bbox 441 4916 489 4972; x_wconf 84' lang='lat' dir='ltr'><strong>Dic</strong></span> <span class='ocrx_word' id='word_1_757' title='bbox 502 4932 575 4988; x_wconf 79' lang='lat' dir='ltr'><strong>erqo,</strong></span> <span class='ocrx_word' id='word_1_758' title='bbox 591 4915 745 4984; x_wconf 81' lang='lat' dir='ltr'><strong>Sclbolctlt,</strong></span> <span class='ocrx_word' id='word_1_759' title='bbox 761 4917 935 4989; x_wconf 70' lang='grc'>1111111111-</span> <span class='ocrx_word' id='word_1_760' title='bbox 988 4915 1096 4972; x_wconf 80' lang='lat' dir='ltr'><strong>dicitur</strong></span> <span class='ocrx_word' id='word_1_761' title='bbox 1122 4911 1247 4983; x_wconf 81' lang='lat' dir='ltr'><strong>Scmrrb,</strong></span> <span class='ocrx_word' id='word_1_762' title='bbox 1263 4917 1292 4970; x_wconf 89' lang='lat' dir='ltr'><strong>st</strong></span> <span class='ocrx_word' id='word_1_763' title='bbox 1319 4914 1373 4970; x_wconf 88' lang='lat' dir='ltr'><strong>sim</strong></span> <span class='ocrx_word' id='word_1_764' title='bbox 1398 4911 1493 4969; x_wconf 90' lang='lat' dir='ltr'><strong>liciter</strong></span> <span class='ocrx_word' id='word_1_765' title='bbox 1517 4910 1633 4994; x_wconf 66' lang='lat' dir='ltr'><strong>legitur,</strong></span> <span class='ocrx_word' id='word_1_766' title='bbox 1649 4908 1736 4981; x_wconf 88' lang='lat' dir='ltr'><strong>quasi</strong></span> <span class='ocrx_word' id='word_1_767' title='bbox 1769 4929 1821 4986; x_wconf 90' lang='lat' dir='ltr'><strong>per</strong></span> 
     </span>
     <span class='ocr_line' id='line_1_55' title="bbox 107 4930 1821 5062; baseline -0.002 -18"><span class='ocrx_word' id='word_1_768' title='bbox 107 4993 235 5062; x_wconf 82' lang='lat' dir='ltr'><strong>pretatur</strong></span> <span class='ocrx_word' id='word_1_769' title='bbox 261 5003 346 5057; x_wconf 71' lang='lat' dir='ltr'><strong>ariana.</strong></span> <span class='ocrx_word' id='word_1_770' title='bbox 364 4988 417 5057; x_wconf 81' lang='lat' dir='ltr'><strong>Qui</strong></span> <span class='ocrx_word' id='word_1_771' title='bbox 439 4988 622 5059; x_wconf 79' lang='lat' dir='ltr'><strong>respondebat</strong></span> <span class='ocrx_word' id='word_1_772' title='bbox 644 4987 799 5053; x_wconf 81' lang='lat' dir='ltr'><strong>Zeblotetb,</strong></span> <span class='ocrx_word' id='word_1_773' title='bbox 816 4997 870 5044; x_wconf 90' lang='lat' dir='ltr'><strong>etc.</strong></span> <span class='ocrx_word' id='word_1_774' title='bbox 886 4987 935 5044; x_wconf 86' lang='lat' dir='ltr'><strong>Sic</strong></span> <span class='ocrx_word' id='word_1_775' title='bbox 989 4991 1120 5045; x_wconf 88' lang='lat' dir='ltr'><strong>nostram</strong></span> <span class='ocrx_word' id='word_1_776' title='bbox 1136 4984 1263 5040; x_wconf 87' lang='lat' dir='ltr'><strong>litterum</strong></span> <span class='ocrx_word' id='word_1_777' title='bbox 1280 4930 1473 5042; x_wconf 64' lang='lat' dir='ltr'><strong>descrihatur.</strong></span> <span class='ocrx_word' id='word_1_778' title='bbox 1484 4981 1544 5039; x_wconf 75' lang='lat' dir='ltr'><strong>atra</strong></span> <span class='ocrx_word' id='word_1_779' title='bbox 1561 4997 1614 5047; x_wconf 85' lang='grc'>1111,</span> <span class='ocrx_word' id='word_1_780' title='bbox 1626 4997 1656 5037; x_wconf 85' lang='lat' dir='ltr'><strong>in</strong></span> <span class='ocrx_word' id='word_1_781' title='bbox 1673 4998 1734 5053; x_wconf 89' lang='lat' dir='ltr'><strong>qua</strong></span> <span class='ocrx_word' id='word_1_782' title='bbox 1752 4984 1821 5040; x_wconf 91' lang='lat' dir='ltr'><strong>stri·</strong></span> 
     </span>
     <span class='ocr_line' id='line_1_56' title="bbox 108 5052 1823 5130; baseline -0.004 -12"><span class='ocrx_word' id='word_1_783' title='bbox 108 5062 197 5118; x_wconf 89' lang='lat' dir='ltr'><strong>etiam</strong></span> <span class='ocrx_word' id='word_1_784' title='bbox 214 5058 377 5116; x_wconf 87' lang='lat' dir='ltr'><strong>habebatur</strong></span> <span class='ocrx_word' id='word_1_785' title='bbox 388 5059 458 5116; x_wconf 90' lang='lat' dir='ltr'><strong>olim</strong></span> <span class='ocrx_word' id='word_1_786' title='bbox 472 5059 500 5115; x_wconf 93' lang='lat' dir='ltr'><strong>in</strong></span> <span class='ocrx_word' id='word_1_787' title='bbox 514 5058 850 5116; x_wconf 79' lang='lat' dir='ltr'><strong>mscudicecolbertino</strong></span> <span class='ocrx_word' id='word_1_788' title='bbox 863 5059 935 5114; x_wconf 78' lang='lat' dir='ltr'><strong>Ani·</strong></span> <span class='ocrx_word' id='word_1_789' title='bbox 988 5060 1042 5116; x_wconf 89' lang='lat' dir='ltr'><strong>dur</strong></span> <span class='ocrx_word' id='word_1_790' title='bbox 1055 5056 1175 5130; x_wconf 89' lang='lat' dir='ltr'><strong>quidam</strong></span> <span class='ocrx_word' id='word_1_791' title='bbox 1192 5073 1248 5113; x_wconf 93' lang='lat' dir='ltr'><strong>nou</strong></span> <span class='ocrx_word' id='word_1_792' title='bbox 1267 5057 1357 5113; x_wconf 89' lang='lat' dir='ltr'><strong>nostri</strong></span> <span class='ocrx_word' id='word_1_793' title='bbox 1375 5055 1520 5112; x_wconf 86' lang='lat' dir='ltr'><strong>sermonis</strong></span> <span class='ocrx_word' id='word_1_794' title='bbox 1536 5052 1730 5125; x_wconf 86' lang='lat' dir='ltr'><strong>interstrepit.</strong></span> <span class='ocrx_word' id='word_1_795' title='bbox 1747 5056 1823 5112; x_wconf 83' lang='lat' dir='ltr'><strong>Ter-</strong></span> 
     </span>
     <span class='ocr_line' id='line_1_57' title="bbox 111 5125 1820 5202; baseline -0.007 -13"><span class='ocrx_word' id='word_1_796' title='bbox 111 5132 202 5189; x_wconf 89' lang='lat' dir='ltr'><strong>ciensi</strong></span> <span class='ocrx_word' id='word_1_797' title='bbox 219 5150 247 5187; x_wconf 93' lang='lat' dir='ltr'><strong>n.</strong></span> <span class='ocrx_word' id='word_1_798' title='bbox 269 5133 330 5198; x_wconf 81' lang='grc'>151,</span> <span class='ocrx_word' id='word_1_799' title='bbox 348 5131 398 5188; x_wconf 91' lang='lat' dir='ltr'><strong>ubi</strong></span> <span class='ocrx_word' id='word_1_800' title='bbox 413 5131 450 5186; x_wconf 86' lang='lat' dir='ltr'><strong>ab</strong></span> <span class='ocrx_word' id='word_1_801' title='bbox 466 5130 564 5202; x_wconf 90' lang='lat' dir='ltr'><strong>aliquo</strong></span> <span class='ocrx_word' id='word_1_802' title='bbox 580 5132 768 5188; x_wconf 87' lang='lat' dir='ltr'><strong>emendatore</strong></span> <span class='ocrx_word' id='word_1_803' title='bbox 783 5132 819 5186; x_wconf 91' lang='lat' dir='ltr'><strong>de</strong></span> <span class='ocrx_word' id='word_1_804' title='bbox 831 5130 934 5186; x_wconf 82' lang='lat' dir='ltr'><strong>Zebda·</strong></span> <span class='ocrx_word' id='word_1_805' title='bbox 989 5131 1031 5187; x_wconf 89' lang='lat' dir='ltr'><strong>tia</strong></span> <span class='ocrx_word' id='word_1_806' title='bbox 1045 5130 1119 5195; x_wconf 81' lang='lat' dir='ltr'><strong>aude,</strong></span> <span class='ocrx_word' id='word_1_807' title='bbox 1132 5145 1219 5199; x_wconf 91' lang='lat' dir='ltr'><strong>quam</strong></span> <span class='ocrx_word' id='word_1_808' title='bbox 1239 5134 1344 5185; x_wconf 79' lang='lat' dir='ltr'><strong>nostre</strong></span> <span class='ocrx_word' id='word_1_809' title='bbox 1363 5144 1449 5184; x_wconf 88' lang='lat' dir='ltr'><strong>aures</strong></span> <span class='ocrx_word' id='word_1_810' title='bbox 1464 5125 1581 5199; x_wconf 88' lang='lat' dir='ltr'><strong>penitus</strong></span> <span class='ocrx_word' id='word_1_811' title='bbox 1595 5125 1820 5184; x_wconf 77' lang='lat' dir='ltr'><strong>reformidant..</strong></span> 
     </span>
     <span class='ocr_line' id='line_1_58' title="bbox 111 5195 1823 5273; baseline -0.002 -12"><span class='ocrx_word' id='word_1_812' title='bbox 111 5205 148 5262; x_wconf 82' lang='lat' dir='ltr'><strong>let</strong></span> <span class='ocrx_word' id='word_1_813' title='bbox 164 5205 326 5261; x_wconf 82' lang='lat' dir='ltr'><strong>factumest</strong></span> <span class='ocrx_word' id='word_1_814' title='bbox 336 5202 708 5272; x_wconf 70' lang='lat' dir='ltr'><strong>tabulatqeemadmodum</strong></span> <span class='ocrx_word' id='word_1_815' title='bbox 725 5200 935 5273; x_wconf 76' lang='lat' dir='ltr'><strong>superstitibus</strong></span> <span class='ocrx_word' id='word_1_816' title='bbox 989 5202 1063 5258; x_wconf 84' lang='lat' dir='ltr'><strong>ilinc</strong></span> <span class='ocrx_word' id='word_1_817' title='bbox 1086 5200 1177 5270; x_wconf 89' lang='lat' dir='ltr'><strong>liquet</strong></span> <span class='ocrx_word' id='word_1_818' title='bbox 1201 5200 1314 5257; x_wconf 78' lang='lat' dir='ltr'><strong>Sumenti</strong></span> <span class='ocrx_word' id='word_1_819' title='bbox 1339 5201 1527 5256; x_wconf 81' lang='lat' dir='ltr'><strong>Hebraeorum</strong></span> <span class='ocrx_word' id='word_1_820' title='bbox 1551 5195 1727 5269; x_wconf 88' lang='lat' dir='ltr'><strong>simpliciter</strong></span> <span class='ocrx_word' id='word_1_821' title='bbox 1742 5215 1823 5271; x_wconf 77' lang='lat' dir='ltr'><strong>perc</strong></span> 
     </span>
     <span class='ocr_line' id='line_1_59' title="bbox 111 5268 1819 5398; baseline -0.002 -67"><span class='ocrx_word' id='word_1_822' title='bbox 111 5275 376 5332; x_wconf 87' lang='lat' dir='ltr'><strong>adbuolittsrarum</strong></span> <span class='ocrx_word' id='word_1_823' title='bbox 388 5271 520 5398; x_wconf 63' lang='grc' dir='ltr'>1111111ῗὶ1</span> <span class='ocrx_word' id='word_1_824' title='bbox 527 5271 934 5343; x_wconf 86' lang='lat' dir='ltr'><strong>planissimsdsmonstratur,</strong></span> <span class='ocrx_word' id='word_1_825' title='bbox 989 5274 1049 5331; x_wconf 88' lang='lat' dir='ltr'><strong>sire</strong></span> <span class='ocrx_word' id='word_1_826' title='bbox 1064 5288 1080 5327; x_wconf 79' lang='lat' dir='ltr'><strong>c</strong></span> <span class='ocrx_word' id='word_1_827' title='bbox 1096 5273 1185 5329; x_wconf 86' lang='lat' dir='ltr'><strong>luisse</strong></span> <span class='ocrx_word' id='word_1_828' title='bbox 1201 5273 1423 5349; x_wconf 86' lang='lat' dir='ltr'><strong>pronuntiatum</strong></span> <span class='ocrx_word' id='word_1_829' title='bbox 1440 5286 1446 5326; x_wconf 92' lang='lat'>:</span> <span class='ocrx_word' id='word_1_830' title='bbox 1472 5268 1517 5326; x_wconf 82' lang='grc'>1111</span> <span class='ocrx_word' id='word_1_831' title='bbox 1542 5273 1640 5351; x_wconf 80' lang='lat' dir='ltr'><strong>autem</strong></span> <span class='ocrx_word' id='word_1_832' title='bbox 1653 5272 1819 5351; x_wconf 32' lang='lat' dir='ltr'><strong>&#39;quemdam</strong></span> 
     </span>
     <span class='ocr_line' id='line_1_60' title="bbox 111 5340 1819 5426; baseline -0.003 -23"><span class='ocrx_word' id='word_1_833' title='bbox 111 5347 167 5404; x_wconf 76' lang='lat' dir='ltr'><strong>Alii</strong></span> <span class='ocrx_word' id='word_1_834' title='bbox 184 5354 283 5403; x_wconf 90' lang='lat' dir='ltr'><strong>autom</strong></span> <span class='ocrx_word' id='word_1_835' title='bbox 303 5347 407 5402; x_wconf 87' lang='lat' dir='ltr'><strong>docent</strong></span> <span class='ocrx_word' id='word_1_836' title='bbox 429 5347 470 5398; x_wconf 86' lang='lat' dir='ltr'><strong>Ha</strong></span> <span class='ocrx_word' id='word_1_837' title='bbox 492 5358 615 5426; x_wconf 78' lang='lat' dir='ltr'><strong>reqrum</strong></span> <span class='ocrx_word' id='word_1_838' title='bbox 630 5355 658 5402; x_wconf 81' lang='lat' dir='ltr'><strong>ur</strong></span> <span class='ocrx_word' id='word_1_839' title='bbox 673 5343 858 5426; x_wconf 76' lang='lat' dir='ltr'><strong>pronuntiari</strong></span> <span class='ocrx_word' id='word_1_840' title='bbox 874 5349 934 5401; x_wconf 78' lang='lat' dir='ltr'><strong>uta</strong></span> <span class='ocrx_word' id='word_1_841' title='bbox 991 5343 1131 5402; x_wconf 88' lang='lat' dir='ltr'><strong>babuisse</strong></span> <span class='ocrx_word' id='word_1_842' title='bbox 1146 5344 1301 5401; x_wconf 88' lang='lat' dir='ltr'><strong>stridorem</strong></span> <span class='ocrx_word' id='word_1_843' title='bbox 1317 5343 1446 5400; x_wconf 89' lang='lat' dir='ltr'><strong>alienum</strong></span> <span class='ocrx_word' id='word_1_844' title='bbox 1470 5358 1503 5399; x_wconf 87' lang='lat' dir='ltr'><strong>ac</strong></span> <span class='ocrx_word' id='word_1_845' title='bbox 1525 5340 1637 5397; x_wconf 88' lang='lat' dir='ltr'><strong>Latmia</strong></span> <span class='ocrx_word' id='word_1_846' title='bbox 1651 5347 1819 5400; x_wconf 82' lang='lat' dir='ltr'><strong>insuetum.</strong></span> 
     </span>
     <span class='ocr_line' id='line_1_61' title="bbox 111 5413 1816 5568; baseline -0.002 -21"><span class='ocrx_word' id='word_1_847' title='bbox 111 5435 256 5548; x_wconf 57' lang='lat' dir='ltr'><strong>ghhslhhh&#39;</strong></span> <span class='ocrx_word' id='word_1_848' title='bbox 279 5413 550 5568; x_wconf 53' lang='lat' dir='ltr'><strong>gjhhdassalhhrthhlroel</strong></span> <span class='ocrx_word' id='word_1_849' title='bbox 568 5415 934 5568; x_wconf 40' lang='lat' dir='ltr'><strong>porlhrreehraintffeihuhhetfuphh</strong></span> <span class='ocrx_word' id='word_1_850' title='bbox 990 5417 1236 5544; x_wconf 48' lang='lat' dir='ltr'><strong>anbraefefflnt</strong></span> <span class='ocrx_word' id='word_1_851' title='bbox 1261 5486 1353 5542; x_wconf 86' lang='lat' dir='ltr'><strong>nostri</strong></span> <span class='ocrx_word' id='word_1_852' title='bbox 1380 5500 1436 5540; x_wconf 89' lang='lat' dir='ltr'><strong>ms.</strong></span> <span class='ocrx_word' id='word_1_853' title='bbox 1453 5483 1516 5556; x_wconf 92' lang='lat' dir='ltr'><strong>pari</strong></span> <span class='ocrx_word' id='word_1_854' title='bbox 1543 5498 1701 5551; x_wconf 85' lang='lat' dir='ltr'><strong>consensu,</strong></span> <span class='ocrx_word' id='word_1_855' title='bbox 1714 5484 1816 5543; x_wconf 78' lang='lat' dir='ltr'><strong>Sablo-</strong></span> 
     </span>
     <span class='ocr_line' id='line_1_62' title="bbox 110 5500 1816 5644; baseline -0.002 -26"><span class='ocrx_word' id='word_1_856' title='bbox 110 5500 609 5644; x_wconf 53' lang='grc'>61111111111,11111111118111111111.</span> <span class='ocrx_word' id='word_1_857' title='bbox 623 5556 697 5614; x_wconf 87' lang='lat' dir='ltr'><strong>llum</strong></span> <span class='ocrx_word' id='word_1_858' title='bbox 717 5557 849 5642; x_wconf 78' lang='lat' dir='ltr'><strong>opinioni</strong></span> <span class='ocrx_word' id='word_1_859' title='bbox 873 5560 935 5617; x_wconf 86' lang='lat' dir='ltr'><strong>sui·</strong></span> <span class='ocrx_word' id='word_1_860' title='bbox 989 5557 1245 5616; x_wconf 76' lang='lat' dir='ltr'><strong>tethartianeus</strong></span> <span class='ocrx_word' id='word_1_861' title='bbox 1255 5553 1562 5640; x_wconf 82' lang='lat' dir='ltr'><strong>devariahujusrocls</strong></span> <span class='ocrx_word' id='word_1_862' title='bbox 1572 5557 1816 5629; x_wconf 86' lang='lat' dir='ltr'><strong>pronuntiatione</strong></span> 
     </span>
     <span class='ocr_line' id='line_1_63' title="bbox 111 5627 1472 5707; baseline -0.004 -17"><span class='ocrx_word' id='word_1_863' title='bbox 111 5632 220 5706; x_wconf 80' lang='lat' dir='ltr'><strong>lragarx</strong></span> <span class='ocrx_word' id='word_1_864' title='bbox 234 5635 330 5705; x_wconf 86' lang='lat' dir='ltr'><strong>potest</strong></span> <span class='ocrx_word' id='word_1_865' title='bbox 343 5631 433 5690; x_wconf 86' lang='lat' dir='ltr'><strong>codex</strong></span> <span class='ocrx_word' id='word_1_866' title='bbox 448 5634 547 5690; x_wconf 87' lang='lat' dir='ltr'><strong>noster</strong></span> <span class='ocrx_word' id='word_1_867' title='bbox 571 5629 599 5688; x_wconf 83' lang='lat' dir='ltr'><strong>S.</strong></span> <span class='ocrx_word' id='word_1_868' title='bbox 617 5627 754 5688; x_wconf 84' lang='lat' dir='ltr'><strong>Germana</strong></span> <span class='ocrx_word' id='word_1_869' title='bbox 776 5647 806 5689; x_wconf 90' lang='grc'><strong>11.</strong></span> <span class='ocrx_word' id='word_1_870' title='bbox 822 5629 849 5704; x_wconf 86' lang='grc'><strong>3,</strong></span> <span class='ocrx_word' id='word_1_871' title='bbox 865 5630 935 5706; x_wconf 88' lang='lat' dir='ltr'><strong>quia</strong></span> <span class='ocrx_word' id='word_1_872' title='bbox 989 5633 1020 5689; x_wconf 89' lang='lat' dir='ltr'><strong>et</strong></span> <span class='ocrx_word' id='word_1_873' title='bbox 1033 5631 1181 5706; x_wconf 88' lang='lat' dir='ltr'><strong>scriptura</strong></span> <span class='ocrx_word' id='word_1_874' title='bbox 1195 5629 1329 5707; x_wconf 88' lang='lat' dir='ltr'><strong>pluribus</strong></span> <span class='ocrx_word' id='word_1_875' title='bbox 1345 5629 1472 5688; x_wconf 89' lang='lat' dir='ltr'><strong>dissent.</strong></span> 
     </span>
    </p>
   </div>
   <div class='ocr_carea' id='block_1_9' title="bbox 0 0 1947 6116">
    <p class='ocr_par' dir='ltr' id='par_1_9' title="bbox 0 0 1947 6116">
     <span class='ocr_line' id='line_1_64' title="bbox 0 0 1947 6116; baseline 0 0"><span class='ocrx_word' id='word_1_876' title='bbox 0 0 1947 6116; x_wconf 95' lang='lat' dir='ltr'><strong> </strong></span> 
     </span>
    </p>
   </div>
  </div>
 </body>
</html>
