3870 6120
105 306 163 362 177
678 309 868 365 emensio
887 311 924 364 ΙΝ
943 308 1247 364 ΡΕΝΤΑΤΕῙῙΟΗΗΜ.
1769 318 1820 375 tes

146 432 264 490 Paucos
278 430 436 505 Apostolus
451 434 486 489 ud
503 437 615 506 septem
631 434 735 490 scribit
749 434 892 491 Ecclesiae
909 451 916 488 z
933 437 1035 489 octava
1050 435 1141 499 enirn,
1158 432 1193 487 ad
1211 437 1388 503 tirassona
1404 432 1551 510 plerisque
1567 444 1647 496 extra
1663 457 1817 501 numerum

107 522 242 594 ponitur.
258 522 437 579 Trumnsuar
454 523 574 579 instruit
589 540 623 580 ac
635 522 733 581 'irruas
747 527 776 579 ct
790 527 982 579 Purnsnaounra
998 539 1048 594 pro
1066 521 1187 594 fugitivo
1204 523 1313 579 lomulo
1329 525 1513 597 deprecatur.
1531 528 1625 600 Super
1640 548 1698 604 quo
1713 533 1819 591 melius

106 618 207 669 tacere
222 616 294 683 puto
306 627 396 683 quarn
411 628 506 685 pauca
520 612 660 670 scrihere.
1911 608 1914 613 ’

144 703 241 756 herus
255 704 470 757 hrosrouonoaa
485 700 594 756 nudam
609 701 729 773 quidem
740 717 847 757 sonare
863 701 999 757 videntur
1013 699 1168 756 historiam
1185 704 1213 756 et
1228 702 1376 757 nascentia
1395 702 1531 760 Ecclesiae
1541 703 1696 765 infantiam
1713 714 1821 780 texera;
1928 760 1932 769 .

106 789 160 845 sed
177 789 203 844 si
220 789 391 845 noverimus
406 789 580 862 scriptorem
597 806 699 846 corum
716 794 824 847 Lucam
840 806 905 845 esse
922 788 1069 845 medicum
1084 787 1198 860 (Colore.
1212 806 1244 856 ιι,
1273 790 1328 860 ll),
1353 790 1438 861 cujus
1454 790 1519 848 leus
1540 800 1585 850 est
1606 794 1637 850 in
1656 797 1820 871 llvangelio,

107 878 386 934 animadvertemus
401 878 510 950 pariter
521 878 621 935 omnia
636 879 724 935 verba
739 878 819 935 illius
835 879 941 935 animae
954 877 1118 949 languentis
1133 894 1198 934 esse
1214 878 1402 935 medicinam.

142 968 284 1037 ircosus,
301 971 429 1035 Prrnus,
442 983 579 1038 coenans,
593 984 686 1037 ranas,
703 972 814 1040 septem
831 966 977 1039 Epistulas
992 966 1159 1032 ediderunt,
1176 971 1235 1022 tom
1255 966 1395 1040 mysticas
1412 986 1500 1040 quarn
1520 972 1696 1043 succinctas,
1712 979 1741 1031 et
1754 976 1820 1033 hre-

105 1072 157 1113 ves
172 1056 287 1130 pariter
301 1071 335 1111 ac
350 1054 453 1128 longas
469 1072 476 1112 :
494 1057 595 1112 breves
611 1056 641 1113 in
657 1057 765 1122 verbis,
780 1056 885 1128 longos
901 1055 929 1110 in
946 1055 1103 1111 sententiis
1119 1071 1125 1110 :
1141 1060 1171 1110 ut
1187 1071 1271 1111 rarus
1287 1056 1326 1111 sit
1349 1056 1400 1128 qui
1426 1074 1483 1114 non
1514 1060 1542 1114 in
1569 1077 1669 1118 aarum
1695 1063 1821 1122 lectione

106 1147 261 1203 recutiat.

141 1240 340 1293 hromnvmm
353 1235 474 1293 Joaunrs
489 1240 529 1293 tot
544 1239 634 1292 habet
649 1241 833 1294 sacramenta
848 1241 920 1307 quot
931 1237 1027 1292 verba.
1041 1236 1149 1293 Porum
1164 1234 1224 1290 dixi
1240 1240 1268 1290 et
1278 1253 1330 1308 pro
1347 1238 1452 1293 merito
1468 1237 1628 1296 voluminis
1643 1243 1708 1299 laus
1722 1246 1820 1302 omnis

106 1326 234 1383 inlerior
248 1331 305 1382 est.
322 1325 353 1381 ln
369 1325 466 1381 verbis
475 1325 602 1399 singulis
613 1324 895 1397 multipliceslatent
904 1323 1116 1397 intelligentie.
1125 1324 1181 1380 Oro
1191 1329 1229 1395 le,
1242 1325 1332 1381 irater
1356 1326 1542 1398 charissime,
1554 1329 1629 1386 inter
1640 1329 1701 1387 hec
1713 1330 1818 1401 vivere,

104 1415 165 1473 ieta
176 1414 326 1482 meditari,
336 1413 411 1471 nihil
422 1414 503 1471 aliud
514 1430 613 1485 nosse,
624 1412 699 1471 nihil
711 1413 962 1487 querereNonnc
977 1413 1224 1484 tihivideturjem
1236 1413 1323 1470 hicio
1335 1416 1515 1490 tearisregni
1530 1417 1657 1476 coelcstis
1667 1420 1820 1478 hahilaou·
1922 1416 1926 1421 ’

106 1505 193 1561 lum?
207 1503 282 1561 Nolo
295 1504 454 1562 offendaris
469 1505 499 1560 in
514 1503 675 1576 seripturis
690 1503 802 1560 sanctis
816 1503 1015 1575 simplicitate,
1032 1503 1152 1574 etqnasi
1163 1501 1275 1559 vilitate
1283 1504 1450 1577 verborum,
1460 1523 1524 1579 que
1534 1509 1579 1564 vel
1595 1509 1666 1565 vitio
1677 1509 1821 1583 interpre-

107 1600 186 1666 tum,
198 1593 244 1651 vel
257 1593 294 1650 ds
315 1591 527 1661 industria,sic
539 1592 654 1665 prolata
665 1595 747 1660 suni,
759 1596 792 1648 ut
806 1592 949 1648 rusticam
965 1590 1135 1647 concionem
1156 1591 1271 1647 lucilius
1291 1591 1483 1665 instruerent,
1500 1599 1529 1651 at
1540 1593 1569 1651 in
1586 1613 1645 1653 una
1658 1599 1820 1671 cademque
1927 1582 1930 1587 ¹

106 1683 259 1740 sententia
274 1681 359 1740 aliter
373 1681 578 1749 doctus,aliter
593 1679 708 1737 audiret
718 1680 866 1737 indoctus.
878 1680 940 1736 Non
952 1695 1019 1736 sum
1034 1683 1094 1735 tam
1111 1678 1246 1750 petulans
1257 1683 1286 1735 et
1296 1680 1397 1746 hebes,
1410 1687 1442 1737 ut
1453 1681 1514 1738 haec
1526 1699 1572 1740 me
1584 1701 1672 1742 nosse
1681 1685 1821 1759 pollicear

107 1778 258 1829 eteorum
276 1771 390 1827 tructus
403 1786 506 1844 capere
521 1785 648 1844 quorum
659 1770 814 1827 radicesin
825 1769 896 1826 coelo
907 1769 969 1825 fixe
980 1772 1068 1837 sunt;
1082 1768 1132 1824 sed
1143 1766 1215 1823 velle
1227 1769 1330 1825 fateor.
1354 1770 1473 1826 Sadenti
1494 1786 1541 1828 me
1552 1775 1674 1846 prefero
1691 1792 1698 1831 ι
1721 1775 1819 1849 mogi·
1919 1834 1922 1839 ,

108 1865 207 1918 strum
223 1876 364 1927 renuens,
380 1859 519 1916 comitem
535 1859 673 1932 spondeo.
693 1858 805 1915 Petenti
820 1859 919 1925 datur,
934 1857 1065 1930 pulsanti
1081 1856 1220 1928 aperitur,
1232 1873 1367 1929 quaerens
1383 1858 1670 1919 invenitbiscamus
1685 1863 1817 1921 interris

107 1966 239 2024 quorum
256 1949 381 2006 scientia
396 1949 482 2007 nohis
497 1952 661 2022 perseveret
675 1947 706 2004 in
717 1948 800 2005 omlo.
812 1948 910 2004 Obviis
921 1951 949 2004 ts
959 1947 1097 2003 manibus
1113 1946 1303 2018 excipiam,et
1314 1947 1465 2020 (utinepte
1479 1948 1587 2020 aliquid
1603 1967 1636 2007 ac
1652 1951 1688 2007 de
1699 1952 1818 2009 Herme-

105 2055 187 2113 goraa
199 2038 372 2094 tumiditate
386 2038 529 2110 effutiam)
544 2036 689 2110 quidquid
704 2037 867 2109 quesieris,
877 2040 974 2092 tecum
990 2034 1065 2092 scire
1079 2036 1216 2092 conabor.
1242 2034 1338 2091 Habes
1363 2035 1410 2092 hic
1433 2039 1673 2094 amantissimum
1692 2041 1737 2095 lui
1759 2041 1820 2097 ira·

105 2134 182 2186 trem
200 2127 375 2197 Eusebium,
391 2126 441 2200 qui
456 2126 623 2183 litterarum
639 2135 757 2182 tuarum
772 2125 846 2182 mihi
861 2125 987 2197 gretiam
1002 2123 1174 2197 duplicavit,
1198 2124 1327 2180 reserens
1351 2124 1535 2182 honestatem
1551 2143 1668 2184 morum
1690 2133 1820 2203 tuorum,
1876 2140 1878 2145 ’
1897 2174 1900 2179 .

104 2223 312 2290 mntemptum
328 2215 439 2285 saeculi,
455 2216 543 2272 iidem
560 2215 707 2283 amicitiae,
724 2231 855 2271 amorem
881 2215 1001 2271 christi.
1033 2213 1106 2271 Nam
1123 2213 1309 2285 prudentiam
1336 2218 1367 2270 ct
1390 2214 1501 2288 eloquii
1523 2222 1707 2274 venustatem
1732 2217 1821 2276 etiam

108 2308 224 2381 absque
240 2304 293 2362 illo
308 2305 374 2378 ipsa
388 2304 513 2377 epistola
523 2304 705 2378 preferebat.
723 2304 853 2376 Festina,
869 2319 968 2376 quaeso
983 2308 1022 2373 te,
1037 2307 1066 2358 et
1082 2302 1220 2358 herensis
1235 2302 1265 2358 in
1282 2301 1343 2359 solo
1360 2303 1500 2360 naviculae
1516 2305 1617 2362 ionem
1634 2307 1731 2380 magis
1747 2324 1823 2380 pre·

108 2398 173 2454 eide
186 2412 282 2469 quam
296 2393 387 2451 solve.
402 2393 495 2451 Nemo
511 2393 733 2450 renuntiaturus
750 2392 855 2449 saeculo
871 2394 943 2449 hene
958 2397 1055 2465 potest
1068 2392 1194 2448 vendere
1210 2409 1274 2465 quar
1285 2394 1462 2465 contempsit
1474 2396 1825 2470 utvenderat.0uidquid

110 2486 137 2542 in
155 2490 300 2558 sumptus
314 2485 351 2541 de
365 2492 414 2539 tuo
430 2484 546 2553 tuleris,
562 2500 613 2556 pro
625 2483 706 2540 lucro
717 2489 867 2555 computa.
879 2481 1160 2553 antiquumdictum
1172 2485 1228 2550 esi,
1244 2483 1334 2537 livero
1344 2487 1406 2538 tam
1428 2482 1511 2538 deest
1533 2484 1612 2556 quod
1630 2484 1719 2542 hahet
1731 2501 1824 2557 quem

107 2577 181 2648 qood
198 2591 261 2631 uon
276 2573 378 2630 hahet.
392 2572 526 2629 credenti
540 2579 622 2630 lotus
638 2574 771 2629 mundus
788 2572 956 2628 divitiarum
968 2576 1013 2627 est
1024 2588 1031 2626 z
1043 2570 1170 2626 infidelis
1181 2578 1279 2627 eutem
1292 2571 1380 2627 etiem
1391 2571 1476 2627 obolo
1488 2572 1608 2645 indiget.
1623 2574 1670 2630 Sic
1681 2575 1826 2647 vivamus,

110 2672 256 2738 unquam
269 2661 345 2720 nihil
357 2663 509 2730 hebentes,
525 2666 555 2719 et
569 2662 669 2719 omnia
686 2660 872 2734 possidentes
886 2661 923 2732 (ll
938 2664 1001 2719 Cor.
1017 2677 1056 2727 vr,
1080 2661 1134 2731 10),
1160 2659 1264 2716 Victus
1280 2665 1309 2716 et
1325 2661 1448 2716 vestitus
1463 2660 1570 2717 divitiae
1582 2661 1820 2722 Christianorum

112 2758 193 2811 sunt.
210 2753 242 2810 Si
261 2751 353 2809 habas
368 2751 398 2808 in
414 2756 558 2824 potestate
569 2755 733 2820 remtuam,
749 2750 841 2806 vende
855 2768 862 2818 ;
877 2751 902 2806 si
919 2766 976 2806 oon
993 2748 1095 2813 babes,
1107 2749 1224 2821 projiee.
1240 2747 1364 2804 Tollenti
1382 2750 1525 2819 tunicam,
1548 2753 1576 2805 et
1592 2749 1715 2822 pallium
1728 2752 1819 2809 reliu-

115 2845 271 2916 qnendum
285 2845 333 2897 eat
346 2839 453 2913 (North.
470 2856 497 2896 v.
514 2840 570 2909 lo).
581 2838 696 2896 Scilicet
710 2839 768 2895 nisi
783 2844 826 2909 tu,
842 2854 958 2910 semper
973 2837 1181 2905 recrastinans,
1197 2842 1226 2893 ot
1239 2837 1316 2892 diem
1333 2837 1369 2892 de
1385 2837 1432 2893 die
1447 2837 1578 2908 trahens,
1594 2843 1680 2895 ceute
1694 2843 1724 2895 et
1736 2840 1825 2913 pede·

118 2932 223 2988 lentim
233 2936 305 2986 tuas
315 2927 573 3001 possessiunculas
588 2929 765 2995 vendideris,
778 2944 835 2984 non
851 2928 939 2983 habet
954 2927 1089 2983 Christus
1105 2926 1182 2982 unde
1198 2925 1257 2981 alat
1272 2941 1416 2997 pauperes
1431 2942 1511 2982 auos.
1529 2926 1633 2983 Tolum
1656 2928 1715 2984 Deo
1731 2929 1825 2999 dedit,

120 3023 169 3094 qni
192 3021 329 3092 seipsum
344 3019 461 3075 obtulit.
477 3017 610 3092 Apostoli
627 3034 730 3073 navem
745 3020 863 3073 tantum
879 3021 908 3072 et
922 3016 996 3072 retia
1016 3014 1200 3086 reliquerunt
1216 3013 1318 3083 thoul.
1335 3029 1374 3083 av,
1388 3013 1438 3080 20;
1455 3015 1520 3070 Luc.
1536 3030 1565 3083 v,
1581 3016 1635 3086 lt).
1653 3014 1749 3072 Vidua
1764 3017 1824 3073 duo

121 3127 177 3167 rra
190 3109 272 3166 misit
287 3109 317 3165 in
330 3106 585 3182 gazophylacium,
601 3111 631 3164 et
645 3107 798 3179 praefertur
813 3104 902 3162 Croesi
917 3104 1030 3160 divitiis
1053 3104 1130 3175 (Luc.
1145 3119 1203 3175 xxa,
1218 3106 1246 3174 2,
1259 3103 1298 3174 3).
1316 3101 1411 3159 Facile
1425 3103 1588 3160 contemnit
1602 3104 1712 3178 omnia,
1729 3104 1780 3178 qui
1794 3121 1826 3163 ae
1921 3116 1924 3121 '

121 3216 234 3274 scmpm
248 3198 361 3272 cogitat
376 3213 441 3255 esee
457 3197 645 3254 moriturum.
1913 3182 1916 3187 ’

452 3441 520 3561 8·
564 3439 926 3561 nestun
968 3439 1496 3559 munorum!

689 3625 977 3693 svuloouuusls
1002 3624 1263 3707 pressurum,

265 3779 731 3949 lllVlNAE
808 3776 1693 3949 BlBLlllTllliCAE

695 4035 921 4160 anas
972 4035 1272 4186 parua,

145 4221 204 4294 bue
224 4225 439 4307 complectitur
458 4229 618 4290 canonem
639 4224 802 4288 hebraicae
819 4221 970 4297 veritatis,
987 4240 1059 4284 cum
1082 4221 1336 4284 annotationibus
1350 4220 1576 4300 marginalibus
1596 4219 1719 4283 Hebraei
1738 4219 1841 4299 cujus·
1902 4218 1918 4300 J

372 4306 447 4368 dom
462 4309 519 4387 qui
532 4313 675 4386 tempore
690 4304 811 4366 llahani
827 4303 926 4365 hlarrri
939 4302 971 4364 in
987 4305 1118 4364 scientia
1135 4304 1223 4380 hogis
1243 4301 1504 4363 celcleraiiasimus
1519 4301 1588 4362 luit.

525 4545 752 4661 bauo
791 4544 1133 4682 Phineu,
1173 4545 1434 4657 LEGIS.

238 4823 565 4920 PRAEFATIO
601 4823 648 4918 S.
684 4783 1040 4916 HIERONYMI
1074 4813 1139 4915 IN
1174 4820 1675 4917 PENTATEUCHUM
1691 4826 1718 4937 ¹,

816 4975 873 5043 an
898 4974 1154 5043 onsrounroor.

162 5221 327 5280 Desiderii’
346 5221 403 5279 mei
418 5220 598 5278 desideratas
613 5219 711 5290 accepi
728 5217 881 5290 epistolas,
904 5218 955 5291 qui
969 5220 994 5288 Α
1013 5223 1062 5274 tus
1074 5222 1119 5274 est
1130 5234 1248 5284 nomen,
1262 5216 1444 5273 obsecrantis
1468 5218 1549 5289 (bon.
1566 5233 1606 5285 rx,
1621 5216 1677 5285 23),
1693 5218 1726 5270 ut
1739 5216 1837 5269 lraos·

134 5309 705 5385 quodamproeaagioluturorum',cum
733 5306 952 5363 Danielesorti·
1008 5307 1101 5363 laturo
1129 5307 1160 5363 in
1191 5305 1474 5379 Latinamlinguam
1499 5307 1534 5362 de
1560 5305 1679 5361 llebraeo
1701 5317 1835 5360 sermone

162 5440 171 5475 ¹
188 5435 348 5507 Exegimua
360 5436 437 5494 hanc
448 5432 604 5508 epistolam
615 5431 652 5487 ad
663 5436 806 5488 trcsmss.
817 5432 951 5488 codices:
1043 5433 1055 5466 ¹
1069 5431 1122 5487 Hic
1138 5430 1188 5488 ille
1201 5430 1372 5488 Desiderius
1393 5431 1519 5494 videtur,
1536 5429 1572 5484 ad
1597 5443 1683 5498 quem
1708 5427 1834 5499 epistola

132 5524 222 5565 annm
238 5507 297 5568 coll
338 5508 356 5565 'i
371 5507 496 5565 Rotnani
513 5504 567 5562 PP.
583 5504 646 5559 Soc.
664 5501 746 5570 Jesu,
762 5508 791 5558 et
813 5503 888 5558 duos
902 5503 953 5576 qni
1612 5499 1643 5554 in
1659 5505 1761 5557 nostra

131 5596 208 5637 anna
220 5586 295 5638 aunt
319 5574 952 5702 aliosnehibliothecealterurgrulgarllalgnum
1044 5576 1054 5610 ³
1071 5574 1176 5630 lisdem
1189 5574 1248 5630 iere
1259 5575 1355 5630 verbis
1369 5588 1435 5630 eum
1452 5568 1608 5643 compellat
1622 5570 1760 5704 ἰιίιὶαιῖιιοιέῗ1
1771 5571 1832 5628 lau·
