3870 6120
49 276 70 357 Ἰ
138 326 199 392 tte
722 318 887 386 PATRUM
906 314 1259 404 Butuntu'tlnollutl
1783 308 1845 374 lbi)

135 462 220 525 circa
247 468 348 523 metra
382 475 544 522 sacrorum
579 455 752 519 Biblicrum
787 450 960 515 declaravit
974 450 1001 520 Α
1015 448 1089 511 Jobi
1103 466 1211 509 versus
1225 464 1294 528 cap.
1311 463 1346 509 rrr
1374 445 1435 507 hoc
1461 445 1556 507 modo
1570 443 1774 526 incipiuntin
1788 463 1844 506 re-

83 592 86 596 ·
136 560 358 640 Hieronymus.
385 559 460 630 Quae
481 555 508 616 si
530 555 641 617 eodem
669 554 780 634 spiritu
805 569 869 631 quo
891 549 965 611 scri·
1020 546 1140 607 teribus
1155 544 1295 606 Eehraeis
1310 543 1563 624 exemplaribus:

138 664 193 739 pta
221 663 306 728 sunt,
330 673 349 715 a
377 652 466 714 nobis
490 652 650 731 explicata
683 651 820 731 proponi
845 648 964 729 potuis·
1021 651 1093 705 :itt
1108 653 1168 703 nnn
1183 653 1248 703 omn
1268 626 1370 703 nium
1578 649 1611 700 u
1625 623 1694 701 'bnt
1711 647 1758 700 nit
1774 649 1846 701 mre

63 781 66 784 ⁴
138 766 219 828 sent,
255 750 448 813 validissime
490 748 641 828 injuriam
682 751 841 810 tumorum
877 745 964 825 priua
1018 715 1382 796 immaniinmanu
1550 737 1758 816 'lwdldldldd
1775 737 1846 789 nun

14 841 20 851 ⁸
138 852 310 931 impactam
356 849 525 910 defendere
577 848 617 910 ab
662 847 856 926 Hieronymo
900 861 962 904 non
1221 918 1226 931 Ι
1332 918 1338 931 ι
1472 801 1833 931 :nnnsrricmrminr

137 949 352 1029 desperarem.
388 946 450 1009 Sed
486 964 607 1019 vereor,
644 963 684 1006 ue
718 945 762 1006 rei
778 943 964 1004 difficultate
1018 918 1340 997 Quaelssflfflstalflffl
1364 922 1496 996 P⁰⁸⁸¹¹⁰i
1516 923 1609 994 tuxta
1632 934 1751 977 m0l0¹1¹
1768 925 1847 977 ³⁰21·

136 1053 316 1126 mpemmh
347 1052 417 1125 po„
454 1044 637 1125 Hieronymi
669 1048 847 1122 susceptam
871 1057 964 1118 exp,
1019 1033 1155 1095 quornm
1171 1012 1438 1088 Hebraeorum,ct
1461 1020 1603 1093 tempore
1617 1013 1719 1075 sancti
1733 1015 1845 1075 Hiero·

138 1142 283 1206 titionem
298 1143 436 1205 clamare
460 1160 532 1202 cum
548 1159 584 1203 eo
610 1139 801 1220 compellar:
818 1136 961 1218 Ignosce,
1019 1115 1107 1194 nimi
1120 1119 1303 1193 ΓθθθΡῑῑῐωῑ

128 1240 246 1314 tector,
276 1239 481 1319 difficultati,
507 1245 537 1298 et
564 1239 683 1299 veniam
711 1234 814 1297 tribue
831 1234 965 1317 pauperi
1019 1210 1402 1338 ¹⁰bjffoae'gh2wffimack
1438 1209 1846 1338 Jiagffiltmffomnm

138 1331 371 1420 intelligentiae.
396 1338 461 1398 Per
473 1341 638 1414 fenestras
660 1335 742 1396 enim
767 1332 923 1415 obliquas,
936 1337 966 1391 et
1054 1355 1101 1409 ,mr
1119 1353 1245 1425 inopima
1261 1354 1324 1409 010„
1339 1369 1420 1409 nara.

139 1437 174 1498 in
188 1437 313 1499 modum
337 1435 415 1496 retis
428 1439 550 1514 factas,
575 1440 604 1494 et
630 1453 697 1515 quae
720 1440 838 1514 semper
851 1429 965 1491 clausae
1020 1453 1129 1515 min,
1160 1458 1265 1513 autem
1302 1451 1426 1513 ,eddim
1463 1457 1537 1513 gunt
1572 1452 1633 1513 1200
1667 1450 1779 1513 ordine
1813 1452 1846 1514 in

133 1537 219 1609 sunl,
260 1532 386 1593 oculum
429 1530 680 1600 issiwffiifflmuh
719 1530 806 1589 Villi&
850 1542 966 1605 &enm
1022 1549 1412 1629 ExemplaribusGanonia
1432 1547 1844 1630 Hebraicaeveritatis(lcb.

19 1692 26 1705 ,
136 1630 312 1691 carminum
327 1629 359 1690 in
394 1628 482 1689 libris
517 1628 615 1689 sacris
649 1625 758 1687 rimari
793 1629 962 1686 tentantes.
1019 1663 1065 1719 ΠΙ,
1079 1649 1108 1718 3,
1125 1648 1176 1726 l):

136 1729 247 1809 Operae
272 1732 378 1788 tamen
402 1726 538 1807 pretium
562 1725 601 1785 sit
626 1723 676 1785 rel
700 1723 779 1784 illud
800 1720 910 1782 conari
923 1720 963 1780 ad
1057 1743 1560 1815 p0,0,1d505‚qnquamnquam,

136 1824 367 1889 absolutionem
415 1824 715 1902 Prolegomenorum
766 1821 998 1890 nostrorum,B
1084 1813 1841 1899 etunorinquadictuumestzconceptuaesthcmo.

1084 1892 1152 1944 Dies
1167 1886 1216 1942 rlle
1228 1891 1358 1942 vertatur
1371 1903 1400 1942 rn
1416 1887 1564 1957 tenebras,

137 1942 209 2004 quae
231 1941 295 1985 uon
324 1924 387 1986 alio
412 1921 543 1985 consilio
571 1920 726 1982 adornata
748 1922 834 1991 sunt,
862 1934 958 1995 quam
1085 1975 1144 2014 non
1160 1956 1292 2040 requirat
1305 1974 1373 2013 eum
1391 1963 1465 2014 Deus
1480 1959 1616 2030 desuper,

30 2076 38 2083 ..
134 2020 167 2083 iu
208 2019 451 2082 elucidationem
497 2025 528 2080 et
572 2018 785 2080 defensionem
830 2013 959 2075 maximi
1084 2034 1187 2085 arnon
1203 2027 1465 2086 itinerantium

136 2117 372 2199 scripturarum
396 2115 588 2197 interpretis.
616 2113 694 2194 Ejus
717 2113 813 2193 igitur
836 2116 960 2172 senten·
1054 2122 1127 2181 Non
1157 2118 1278 2178 mireris
1314 2119 1399 2199 quod
1436 2119 1469 2179 in
1498 2118 1590 2179 terri,
1625 2135 1702 2179 voca
1727 2116 1841 2195 prioris

3 2234 22 2291 ¹,
136 2215 214 2278 iiam
238 2217 279 2278 de
303 2217 410 2277 moitis
434 2222 464 2276 el
489 2214 631 2276 versibus
659 2212 837 2274 divinorum
863 2207 959 2272 Volu-
1013 2234 1122 2279 versus
1147 2216 1308 2295 pulverem
1339 2214 1483 2289 huvuled,
1509 2234 1565 2296 pro
1590 2215 1725 2277 Hebraeo
1749 2206 1840 2290 'thim

10 2314 15 2319 ’
138 2313 259 2375 minum
285 2319 319 2375 ut
344 2313 545 2375 manifestam
568 2312 733 2384 iaciamus,
760 2308 800 2369 ad
823 2312 886 2367 tres
905 2310 960 2366 aul
1013 2313 1096 2376 hanc
1119 2314 1213 2386 enim,
1241 2318 1319 2375 teste
1345 2313 1548 2393 Hieronymo,
1580 2310 1840 2374 consuetudinem

136 2415 274 2490 quatuor
305 2409 480 2471 carminum
505 2409 624 2488 species
655 2403 832 2469 revocanda
856 2403 961 2463 riden-
1014 2410 1174 2473 habebant
1202 2417 1323 2472 veteres
1358 2411 1492 2484 flehraei,
1530 2418 1563 2473 ur
1594 2408 1684 2492 aleph
1700 2410 1842 2489 legarant

137 2514 189 2569 tur
203 2509 335 2570 recitata
349 2507 493 2588 superius
514 2505 705 2568 testimonia.
722 2507 804 2566 Nam
820 2502 958 2582 primum
1013 2526 1070 2589 per
1104 2507 1160 2568 he:
1197 2513 1230 2570 et
1263 2506 1302 2568 nn
1335 2526 1392 2588 per
1426 2506 1530 2591 aleph,
1569 2509 1657 2572 Unde
1678 2506 1842 2587 ipnnlibro

137 2605 170 2668 in
205 2604 286 2668 libro
329 2605 390 2667 Job
434 2623 543 2666 versus
587 2604 798 2674 hemmam.
832 2597 959 2678 dflssiy¹⁰
1014 2605 1228 2679 Quaestionum
1256 2607 1482 2668 Hebraicarum
1510 2607 1543 2668 iu
1576 2606 1749 2667 Genesim:
1777 2603 1843 2664 Nec

139 2702 531 2784 spondoeoqnecurrentes
565 2701 709 2782 agnoscit
744 2704 873 2763 sauctus
902 2698 961 2757 Do
1014 2704 1206 2783 mirandum,
1231 2723 1328 2785 quare
1349 2723 1418 2763 cum
1440 2703 1524 2785 apud
1551 2703 1679 2765 Grecos
1702 2707 1733 2762 ct
1749 2720 1842 2763 nesi

138 2806 216 2864 otor.
242 2804 278 2863 In
301 2801 436 2863 Psalmis
461 2807 565 2862 autem
598 2799 740 2860 trimetra
763 2803 794 2859 ct
816 2803 961 2857 tetrame·
1016 2801 1123 2863 littera
1152 2801 1297 2863 videatur
1324 2800 1436 2862 addita
1472 2802 1517 2882 (in
1546 2800 1674 2863 nomine
1708 2799 1840 2870 Abram,

138 2905 190 2961 [Γᾶ
222 2899 370 2972 iambica,
407 2906 441 2961 ut
476 2899 508 2958 in
542 2897 671 2959 Cantitto
714 2891 959 2964 Deuteronomii,
1019 2897 1101 2962 Gen,
1125 2917 1197 2973 xvn,
1232 2903 1261 2965 3,
1298 2899 1330 2979 5)
1364 2918 1421 2960 nos
1456 2917 1496 2960 nn
1517 2898 1655 2960 litteram
1676 2897 1842 2959 Hebraeum

32 3018 35 3025 ·
139 2996 226 3077 qnod
260 3002 442 3058 tetrametro
476 2994 613 3057 iambico
648 3002 792 3055 constare
827 3007 964 3070 pronun·
1017 2997 1159 3058 additam
1188 2996 1383 3058 dixerimus:
1408 2996 1527 3057 idioma
1553 2997 1635 3057 enim
1663 2994 1844 3077 lingueil·

15 3154 19 3165 ,
138 3092 207 3166 tiat,
237 3095 381 3172 quamvis
408 3093 486 3155 alias
508 3093 692 3154 hexametro
719 3109 809 3152 versu
833 3088 963 3151 dixisset
1018 3093 1083 3155 lius
1104 3099 1151 3154 est
1179 3101 1238 3176 per
1257 3112 1298 3156 aa
1328 3093 1453 3174 quidem
1488 3093 1634 3171 scribere,
1657 3092 1713 3153 sed
1743 3101 1802 3176 per
1822 3110 1845 3154 s

139 3192 362 3272 compositum,
397 3191 655 3254 Lamentationes
698 3188 834 3268 denique
870 3182 998 3265 qnasiG
1017 3192 1139 3274 legere:
1164 3192 1248 3253 sicut
1272 3192 1447 3253 econtrario
1470 3211 1490 3253 s
1515 3191 1654 3252 litteram
1683 3210 1763 3270 sape
1782 3198 1845 3273 per

29 3322 32 3327 ’
141 3308 233 3352 versu
276 3291 437 3372 Sapphico
487 3290 597 3352 asserit
644 3290 788 3369 scriptas,
824 3295 962 3369 propter
1016 3308 1057 3352 ns
1073 3290 1296 3373 pronuntiant.
1323 3289 1508 3351 Notandum
1537 3290 1631 3351 etiam
1661 3306 1711 3350 me
1730 3289 1846 3350 Hiero-

140 3403 267 3449 comma
290 3387 420 3461 heroici,
445 3387 531 3467 quod
556 3392 620 3448 tres
633 3387 803 3449 versiculos
818 3387 877 3448 sibi
891 3405 963 3448 con·
1016 3388 1104 3469 nymi
1131 3388 1322 3450 auctoritate
1349 3387 1478 3448 ductum
1517 3387 1629 3466 legisse
1655 3384 1759 3467 gabar
1784 3404 1845 3466 pro

139 3501 238 3545 nexos
266 3484 437 3546 concludit.
475 3485 629 3564 Quodque
660 3485 705 3545 ait
732 3485 771 3545 de
800 3488 963 3546 Lamenta·
1018 3485 1170 3547 hodierno
1184 3504 1294 3565 gaoer,
1309 3490 1339 3545 el
1363 3482 1493 3545 Hasactr
1515 3482 1749 3565 prochoseeetr.
1764 3486 1846 3545 Nam

27 3599 30 3603 ·
141 3581 280 3644 tionibus
313 3582 408 3664 quasi
440 3582 599 3663 Sapphico
639 3601 730 3645 versu
766 3583 960 3661 conscriptis,
1017 3583 1151 3663 epistola
1166 3583 1206 3643 ad
1231 3582 1402 3662 Evagrium
1425 3583 1464 3644 de
1487 3581 1742 3645 Melchisedecho
1765 3582 1845 3643 scri-

140 3678 224 3741 ldem
269 3680 510 3760 intelligendum
545 3688 577 3741 et
611 3680 650 3742 de
689 3680 758 3740 aliis
786 3681 962 3742 carminum
1017 3681 1105 3752 bens,
1136 3679 1303 3742 Hebraeum
1332 3672 1397 3750 ehu
1424 3679 1538 3758 Salim,
1567 3681 1618 3743 rel
1640 3678 1745 3741 Salem
1760 3679 1845 3742 indi·

56 3828 59 3833 .
141 3777 316 3858 speciebus.
342 3781 455 3858 Neque
485 3797 559 3839 vcro
583 3778 762 3839 Graecorum
787 3777 965 3839 arlatino·
1017 3777 1223 3841 scrimiuatim
1251 3778 1313 3857 legi
1341 3777 1433 3839 docet
1458 3777 1556 3856 (Gen.
1587 3795 1648 3852 inv,
1680 3778 1748 3858 18);
1769 3776 1846 3838 Non

141 3892 213 3936 rum
228 3875 420 3937 hexametris
443 3881 474 3937 et
496 3876 701 3956 pentametris
727 3875 964 3955 pedesomnino
1018 3878 1125 3947 refert,
1161 3875 1274 3956 inquit,
1312 3881 1417 3936 utrum
1453 3876 1570 3948 Salem,
1606 3896 1647 3936 an
1669 3876 1767 3937 Salim
1790 3895 1844 3936 ne

73 4000 78 4009 ·
141 3971 260 4034 slmiles
294 3980 457 4053 pateretur
500 3973 619 4035 idioma
662 3973 862 4046 hebraicum,
901 3991 965 4052 quo
1019 3973 1166 4051 minetur,
1212 3992 1282 4032 eum
1317 3971 1476 4034 vocalibus
1520 3973 1554 4034 in
1589 3972 1690 4033 medic
1724 3971 1846 4033 litteris

143 4069 228 4132 Libri
251 4071 333 4131 sacri
356 4070 476 4132 conditi
499 4075 573 4132 suot
600 4070 640 4131 ab
664 4068 890 4150 hagiographis
913 4088 967 4130 au·
1014 4079 1147 4153 perrara
1180 4074 1310 4130 utantur
1343 4069 1474 4133 Hebraei
1520 4076 1549 4130 et
1584 4079 1647 4152 pro
1686 4070 1847 4131 voluntate

143 4167 294 4229 cleribus.
331 4172 433 4237 Quare
476 4185 548 4229 cum
591 4167 682 4228 audis
724 4165 901 4228 hexametra
936 4173 967 4228 et
1020 4168 1181 4247 lectorum,
1217 4173 1309 4248 atque
1350 4169 1479 4229 veritate
1522 4168 1698 4249 regianum,
1738 4168 1846 4228 eadem

138 4268 345 4346 pentametra,
387 4264 623 4325 similitudinem
659 4264 829 4343 quamdam
867 4265 969 4326 heroi·
1021 4264 1112 4327 verim
1140 4265 1275 4327 diuersis
1303 4265 1391 4327 sonis
1418 4271 1510 4346 atque
1537 4264 1715 4327 accentibus
1733 4268 1847 4347 prose·

22 4356 26 4365 ’
145 4378 254 4423 corum
285 4378 431 4422 versuum
465 4361 641 4440 intelligere
671 4361 776 4435 debes,
806 4370 838 4424 et
864 4363 908 4424 sic
935 4363 968 4424 in
1021 4369 1145 4426 eantur.
1177 4364 1326 4425 Litteram
1344 4384 1389 4438 ,n
1411 4361 1494 4442 heth,
1531 4364 1603 4443 lego
1636 4363 1731 4424 etiam
1753 4362 1848 4442 perh

145 4460 267 4521 crateris
295 4466 467 4521 metrorum
496 4459 675 4539 generibus,
704 4459 836 4521 iambica
864 4467 895 4523 ct
923 4459 970 4521 al·
1023 4461 1242 4542 majusculam,
1273 4463 1313 4523 ad
1341 4461 1575 4523 distinctionem
1603 4460 1763 4540 simplicis,
1786 4459 1847 4523 tre:

39 4634 43 4639 ,
147 4557 243 4633 caica,
272 4557 386 4637 quibus
414 4576 539 4620 currere
568 4576 605 4618 ac
646 4575 814 4637 personare
852 4555 1106 4640 Psalle-unod
1141 4559 1341 4621 observatum
1385 4577 1512 4639 quoque
1556 4558 1692 4638 legimus
1724 4558 1757 4618 in
1793 4577 1851 4638 ap-

145 4654 226 4717 rium
254 4655 369 4716 dicitur
395 4655 479 4735 apud
508 4656 746 4734 Hieronymum.
786 4656 868 4734 Hrgo
894 4657 965 4718 Gar·
1019 4657 1188 4737 pendicula
1255 4657 1389 4718 Canania
1461 4656 1623 4719 Hebraicae
1692 4656 1849 4727 recitatis,

30 4780 60 4803 -s
145 4751 233 4814 mina
255 4752 383 4814 heroica
405 4753 545 4833 elegiaca
569 4760 600 4814 et
622 4752 722 4832 lyrica
745 4753 776 4812 in
796 4754 966 4834 scripturis
1020 4774 1115 4835 quam
1136 4755 1258 4816 consuli
1291 4755 1385 4816 velim
1420 4773 1491 4816 cum
1528 4753 1656 4816 scholiis
1688 4752 1728 4815 ad
1750 4754 1850 4815 linem

145 4851 252 4924 sacris,
279 4869 341 4913 non
366 4851 476 4913 cadem
502 4856 577 4913 sunt
599 4868 671 4911 cum
692 4850 806 4910 Graecis
830 4856 885 4911 aut
909 4854 966 4912 La·
1020 4853 1089 4932 ejus
1110 4853 1273 4932 appositis.
1309 4854 1355 4914 Hx
1390 4852 1554 4933 praemissa
1586 4851 1631 4912 sic
1652 4852 1785 4930 antiqua
1805 4851 1853 4912 le-

52 4978 70 5003 ·.
144 4947 219 5010 tinia
247 4949 365 5022 metris,
397 4950 454 5011 sed
480 4950 608 5010 illorum
637 4954 809 5010 metrorum
838 4949 964 5011 instar:
1021 4951 1124 5011 ctione
1154 4950 1377 5011 Hebraicorum
1406 4949 1587 5022 verborum,
1617 4948 1702 5011 baud
1727 4949 1852 5029 impos·

38 5065 42 5071 ·
144 5064 225 5126 quas
250 5052 356 5109 tamen
386 5047 540 5126 imagines
572 5063 720 5106 versuum
755 5065 791 5108 ac
822 5047 967 5109 similitu·
1020 5045 1111 5108 sibile
1146 5047 1206 5108 erit
1243 5048 1425 5128 Hieronymi
1461 5065 1588 5108 causam
1618 5047 1761 5109 obtinere
1789 5048 1854 5108 ad-

145 5144 233 5206 dines
256 5163 353 5224 supra
375 5163 484 5205 ornnes
512 5144 697 5205 Pindaricos
724 5143 819 5224 longe
844 5146 964 5220 modos,
1021 5162 1130 5207 versus
1143 5145 1269 5225 iniquos
1296 5145 1551 5225 reprehensores,
1576 5145 1631 5224 qui
1649 5145 1681 5205 in
1696 5144 1854 5206 condem-

145 5242 316 5316 Hlaccicos,
342 5241 530 5302 Horatianos
553 5247 585 5301 et
610 5241 792 5303 Homericos
817 5249 968 5322 prestare
1022 5243 1182 5304 nationem
1228 5248 1343 5305 vocant
1386 5241 1541 5323 quidquid
1582 5260 1602 5303 a
1637 5242 1737 5305 salira
1772 5262 1855 5323 pro-

146 5338 251 5400 nullus
279 5339 412 5399 dubitet.
440 5338 501 5399 Sed
531 5335 621 5398 novis
652 5337 745 5397 modo
775 5339 969 5418 experimen·
1023 5339 1093 5420 pria
1126 5339 1262 5402 viderint
1296 5340 1487 5419 discrepare.
1523 5340 1639 5402 Versus
1664 5339 1763 5419 igitur
1776 5340 1856 5405 libri

15 5472 21 5479 ·
145 5435 185 5496 tis
208 5436 404 5515 propositum
429 5439 571 5496 nostrum
601 5451 822 5511 exsequamur,
847 5434 967 5497 alibro
1022 5436 1084 5500 Job
1112 5436 1283 5517 aliqualem
1308 5437 1444 5518 speciem
1472 5438 1650 5498 hexametri
1675 5439 1855 5518 praeierunt

145 5531 207 5594 Job
220 5532 345 5594 initium
374 5537 534 5593 eumentes
560 5529 775 5591 similitudinis
798 5530 884 5592 illins
907 5551 968 5595 me·
1022 5535 1055 5597 iu
1090 5534 1281 5597 dictionibus
1325 5535 1440 5615 quibus
1486 5541 1631 5597 constant
1663 5552 1671 5595 :
1708 5553 1782 5597 nam
1817 5537 1852 5599 in

146 5628 244 5706 uicae,
261 5649 357 5711 qnam
371 5631 404 5693 in
432 5630 535 5695 Libris
556 5627 654 5693 sacris
681 5633 805 5691 exstare
818 5628 967 5696 diximus.
1023 5631 1120 5717 priori
1154 5650 1257 5710 versu,
1303 5631 1391 5697 verbi
1432 5632 1545 5715 gratis,
1590 5631 1710 5715 dactyli
1751 5633 1873 5716 podes,
