3878 6150
111 300 170 360 ιιι
789 272 1163 363 uamuounaoanu.
1779 318 1834 381 ,ω

109 430 157 505 (Β.
167 427 478 503 ιιιιιι.)ι>ι·οιοιιιιιιο
487 427 525 486 ds
539 427 691 485 montibus
707 426 840 497 Abarim,
850 430 946 487 ιιιιιι-
959 429 988 499 Α
1002 446 1073 489 oens
1084 448 1092 489 ι
1104 436 1171 490 nso
1186 438 1232 492 est
1244 436 1335 511 (Votp.
1351 438 1419 515 erit)
1425 442 1527 513 iem„
1540 460 1631 518 (tum
1641 446 1833 520 pottidebltis

112 520 215 578 ierunt
229 519 267 576 ad
282 517 462 593 campestria
475 517 572 589 Moab,
586 533 677 590 super
701 516 717 573 J
721 517 864 574 ordanem
878 534 949 575 cen·
1005 526 1095 588 sorte,
1105 525 1135 578 et
1149 538 1239 595 quam
1251 527 1344 597 iussit
1363 528 1502 591 Dominus
1516 534 1580 589 deri
1594 551 1668 592 nova
1682 536 1831 609 tribubus,

115 614 162 669 tra
175 608 306 668 Jericbo.
323 607 427 681 lbiqus
441 606 642 665 castrametati
657 609 727 662 sunt
743 605 779 663 de
794 606 880 664 ustu-
895 605 950 664 lsi·
1005 613 1036 665 et
1048 609 1178 668 dimidiae
1193 613 1294 671 tribui.
1306 616 1416 676 Tribus
1430 623 1510 678 enlm
1522 621 1651 681 tiliorum
1660 624 1764 684 Rubro
1780 645 1833 700 per

116 698 200 758 moth
217 714 313 773 usqua
340 697 378 755 ad
405 695 581 753 Abelsattim
611 695 641 753 in
664 694 848 767 planioribus
877 695 950 753 iocis
1005 697 1134 758 familiae
1149 703 1328 761 etettribus
1351 706 1479 766 filiorum
1504 710 1664 785 Gadjuxta
1689 715 1832 789 ecguino.

119 788 320 849 Moebitsrum
336 785 377 860 (b.
389 786 420 843 in
436 784 558 859 planitie
571 784 791 857 Moabitarum),
802 784 853 841 ubi
866 782 951 843 locu·
1006 803 1079 845 num
1094 806 1262 863 numerum,
1278 794 1375 851 medie
1388 813 1507 872 quoque
1530 800 1628 859 uibus
1647 802 1788 873 Donasse,
1800 804 1830 862 id

119 882 170 936 ins
192 882 240 934 est
253 875 396 934 Dominus
408 874 444 932 ad
459 877 558 931 Mosen
569 890 577 929 ι
589 873 632 947 (G.
649 873 814 947 LXXXIX.)
825 874 952 947 uraeoips
1006 884 1061 945 est,
1077 877 1142 933 dus
1160 880 1251 937 semis
1276 882 1382 956 tribus,
1398 892 1576 959 acceperunt
1604 894 1717 963 partem
1746 908 1832 950 snam

118 967 190 1025 tiliis
204 966 307 1037 israel,
317 968 347 1022 et
360 964 408 1021 dic
421 965 459 1021 ad
474 979 524 1022 eos
534 980 542 1019 :
553 964 676 1030 Quando
692 962 868 1021 transieritis
881 963 952 1021 Jer-
1005 970 1089 1023 trans
1103 966 1263 1026 Jordanem
1278 977 1380 1029 centra
1397 974 1433 1030 ad
1448 974 1566 1033 iericho
1582 978 1753 1038 orientalem
1769 980 1833 1055 pla·

117 1058 244 1122 danem,
255 1055 402 1112 intrantes
416 1056 525 1110 terram
540 1052 693 1124 chanaan,
703 1052 864 1126 disperdite
877 1070 951 1110 cun·
1006 1070 1085 1129 gam.
1097 1056 1182 1114 Etait
1196 1057 1341 1117 Dominus
1361 1062 1405 1118 ad
1416 1062 1516 1121 Mosen
1528 1082 1535 1120 ι
1548 1067 1591 1139 (Β.
1603 1067 1695 1137 LXXt,
1704 1068 1735 1125 c.
1746 1070 1833 1141 xci.)

119 1151 183 1204 etos
197 1145 380 1203 habitatores
395 1141 522 1214 regionis
536 1141 617 1199 illius
629 1158 636 1197 ι
646 1141 823 1213 confringite
838 1142 951 1211 titulos,
1006 1144 1073 1202 llaec
1088 1150 1159 1202 sunt
1173 1148 1295 1205 nomina
1307 1147 1442 1207 virorum
1459 1152 1511 1224 qui
1526 1157 1638 1211 terram
1652 1156 1735 1214 vobis
1758 1158 1832 1215 divi·

116 1241 145 1294 st
159 1239 277 1293 statuae
288 1232 584 1305 comminuite,otque
594 1230 694 1288 omnia
704 1230 819 1288 excelsa
828 1237 951 1300 vastate,
1006 1235 1087 1303 dent,
1103 1233 1225 1292 Eleazar
1238 1238 1386 1309 sacerdos,
1398 1242 1427 1296 st
1436 1240 1527 1298 tosus
1542 1241 1622 1300 tilius
1636 1244 1714 1312 Nan,
1729 1249 1759 1302 et
1771 1246 1832 1303 ein·

117 1324 300 1383 mundantes
314 1325 435 1391 terram
452 1326 482 1378 et
495 1320 664 1377 habitantes
678 1319 709 1376 in
729 1337 774 1377 ea.
791 1320 848 1393 ligo
871 1320 951 1378 enim
1006 1322 1068 1397 guli
1090 1323 1238 1397 principes
1253 1326 1290 1382 de
1304 1325 1444 1386 tribubus
1468 1330 1607 1405 singuiis,
1624 1348 1750 1405 quorum
1773 1334 1833 1393 ista

116 1414 185 1473 dedi
203 1413 288 1471 vebis
304 1410 388 1469 illam
404 1411 433 1467 in
454 1410 686 1483 possessionem,
701 1425 790 1481 quarn
814 1410 951 1467 dividetis
1006 1417 1078 1469 sunt
1103 1413 1265 1471 vocabula:
1281 1416 1317 1472 de
1342 1416 1421 1473 tribu
1445 1417 1533 1488 toda,
1549 1418 1658 1478 Chaleb
1681 1422 1761 1480 tilius
1781 1423 1831 1481 Je-

116 1504 201 1563 rebis
225 1506 315 1560 sorte.
331 1500 470 1558 Pluribus
494 1497 606 1557 dabitis
631 1497 778 1567 latiorem,
794 1504 825 1555 et
848 1499 951 1571 paucis
1006 1500 1132 1573 pbonne.
1149 1502 1191 1559 De
1203 1502 1284 1560 tribu
1312 1505 1573 1574 Simeon,samuel
1603 1508 1683 1568 titius
1708 1511 1830 1570 Amind.

117 1592 333 1667 augustiorem.
351 1588 481 1661 Singulis
497 1592 531 1645 ut
544 1604 610 1645 sors
625 1586 772 1658 ceciderit,
784 1587 824 1643 ita
838 1587 950 1645 tribue·
1005 1595 1046 1646 De
1061 1590 1141 1647 tribu
1156 1591 1322 1664 Beniamin,
1335 1594 1438 1651 Elidad
1449 1595 1529 1653 lilius
1541 1594 1687 1655 Gbiseleu.
1699 1599 1740 1656 De
1749 1600 1828 1657 tribu

117 1687 168 1740 tur
183 1680 350 1739 baereditas.
360 1678 519 1736 Pertribus
529 1682 559 1734 et
573 1676 700 1733 familias
710 1675 859 1750 possessio
874 1675 949 1733 divi·
1005 1678 1135 1736 liliorum
1155 1683 1228 1749 Dan,
1243 1682 1329 1739 Becci
1345 1682 1423 1739 tilius
1449 1684 1525 1755 Jogli
1540 1686 1582 1756 (h.
1598 1688 1658 1744 dux
1672 1688 1767 1748 Bocoi.
1782 1689 1830 1747 Sto

116 1772 206 1829 detur
221 1770 263 1843 (b.
280 1775 334 1826 Per
348 1768 445 1825 tribus
459 1764 634 1824 familiarum
650 1774 806 1823 verboram
829 1765 949 1823 ιιιιιιιι·
1005 1768 1042 1825 ab
1057 1767 1125 1824 binc
1140 1785 1191 1840 per
1214 1769 1347 1844 singulas
1365 1772 1482 1845 tribus).
1498 1773 1637 1833 Filiorum
1660 1776 1770 1850 ioseph
1793 1778 1830 1835 de

116 1866 207 1918 rorem
232 1855 448 1931 capietis.).sin
477 1858 577 1912 antem
604 1852 758 1911 nolueritis
786 1852 950 1911 interlicere
1004 1856 1083 1913 tribu
1113 1857 1260 1929 Manasse,
1285 1860 1408 1917 Hanniel
1434 1860 1513 1919 tilius
1541 1862 1655 1936 prod.
1682 1864 1723 1921 De
1751 1865 1829 1924 tribu

116 1949 304 2008 habitatores
319 1952 403 2003 terro
418 1943 461 2016 (b.
473 1961 490 2001 a
504 1942 577 2001 iacis
590 1942 698 2015 restra)
711 1959 718 1999 ι
731 1941 782 2015 qui
797 1958 950 1999 remanse-
1002 1944 1155 2018 Ephraim,
1166 1947 1285 2005 Gamuel
1299 1948 1380 2008 tilius
1393 1950 1598 2023 SepbtbanDe
1611 1952 1688 2010 tribu
1698 1953 1827 2011 Zabulon

115 2039 191 2107 rint,
205 2039 295 2094 erunt
307 2033 390 2093 vobis
404 2032 489 2107 quasi
503 2032 576 2090 clavi
591 2034 621 2089 in
637 2032 741 2101 oculis,
755 2034 784 2088 et
798 2029 906 2087 lanceae
917 2031 947 2089 in
1001 2032 1172 2106 Elisapbam
1187 2034 1281 2092 lilium
1294 2036 1457 2096 Pbmnacb.
1469 2039 1510 2095 De
1525 2040 1603 2098 tribu
1614 2041 1758 2113 issachar,
1770 2043 1830 2100 dux

114 2126 275 2197 lateribus,
290 2128 319 2182 et
333 2122 570 2181 adversabuntur
584 2121 666 2178 vebis
682 2121 712 2177 in
729 2124 805 2177 terra
829 2119 948 2177 habita·
1001 2122 1126 2180 Pbaltiel
1142 2123 1223 2181 lilius
1245 2130 1337 2185 Azan.
1353 2128 1394 2185 De
1423 2128 1501 2185 tribu
1530 2131 1720 2198 Aser,tbiud
1749 2132 1829 2189 iilius

114 2216 209 2275 tionis
223 2220 336 2282 restra,
351 2216 381 2270 et
394 2210 517 2286 quiquid
539 2209 599 2267 illis
622 2210 816 2283 cogitaveram
841 2209 946 2280 lacere,
1000 2211 1119 2270 salomi.
1130 2212 1170 2270 De
1182 2212 1259 2271 tribu
1271 2215 1441 2289 Nepbtbali‚
1453 2218 1580 2276 Phedael
1591 2219 1669 2278 illius
1679 2221 1825 2279 tmmind.

115 2306 203 2365 vobis
216 2304 333 2361 inuium·
1000 2300 1035 2356 lli
1050 2306 1131 2371 sunt,
1147 2302 1258 2376 quibus
1281 2306 1420 2379 pracepit
1443 2306 1585 2364 Dominus
1612 2309 1827 2383 utldividerent

151 2396 199 2468 (Τ.
215 2392 288 2465 XIX,
302 2392 335 2449 B.
351 2390 434 2457 Lxx,
451 2390 516 2463 Cep.
531 2388 676 2461 XXXIV.)
690 2388 881 2461 locutusque
900 2391 946 2445 eat
1000 2389 1070 2448 tiliis
1089 2391 1180 2449 lsrael
1196 2397 1305 2450 terram
1318 2394 1470 2453 chanaon.

123 2483 274 2543 Dominus
289 2482 325 2539 ad
341 2481 453 2548 Mosen,
469 2479 589 2536 dicens:
605 2476 732 2551 Precipe
751 2476 821 2534 liliis
843 2477 944 2545 lsrael,
1035 2479 1076 2552 (C.
1093 2480 1179 2550 XCll,
1197 2480 1263 2555 Cap.
1278 2483 1397 2555 XXXV.)
1412 2490 1479 2543 Har
1494 2502 1612 2560 quoque
1635 2487 1751 2547 locutus
1773 2492 1821 2547 est

116 2579 147 2633 et
161 2574 245 2631 dices
259 2571 297 2629 ad
312 2586 363 2627 eos
375 2588 382 2626 :
394 2570 467 2627 Cum
482 2567 606 2642 ingrcssi
619 2566 734 2624 fueritis
744 2571 852 2623 terram
867 2565 945 2623 Cba·
999 2567 1142 2627 Dominus
1158 2571 1193 2626 ad
1211 2571 1311 2628 Mosen
1326 2572 1370 2644 ιι.
1385 2578 1423 2630 nt
1433 2574 1550 2631 locotus
1564 2580 1611 2633 est
1626 2576 1767 2634 Dominus
1781 2578 1818 2635 ad

115 2679 208 2731 osan,
221 2665 252 2719 et
265 2659 296 2717 in
310 2658 530 2735 possessionem
544 2656 627 2714 vobis
642 2659 721 2713 sorte
735 2654 882 2724 ceciderit,
897 2655 945 2713 bie
1004 2658 1118 2729 Mosen)
1132 2658 1162 2714 in
1178 2660 1396 2733 campestribus
1423 2662 1508 2719 Moab
1534 2680 1624 2738 super
1649 2666 1820 2737 Jordanam,

114 2751 231 2809 deibus
241 2748 460 2808 terminabitur.
467 2748 538 2805 Pars
550 2744 844 2818 meridianaincipiet
853 2743 945 2802 asoii·
998 2751 1100 2804 contra
1109 2748 1245 2805 iericho:
1260 2749 1388 2822 Pracipe
1398 2750 1467 2808 tiliis
1479 2753 1568 2810 lsrael
1584 2756 1616 2809 ut
1627 2753 1699 2810 dent
1712 2755 1821 2812 Levitis

115 2839 371 2911 tudineSin,qua
381 2837 517 2909 estjoxta
527 2833 944 2903 ltdom,etbabebittarminos
997 2836 1034 2893 de
1048 2837 1287 2909 possessionibus
1312 2838 1375 2896 suis
1400 2841 1487 2897 urbes
1513 2842 1550 2898 ad
1572 2840 1822 2913 habitandum‚at

117 2927 380 2989 minurientem
403 2942 483 2983 murt
507 2923 719 2982 tuluiutimum·
736 2920 789 2987 Qui
805 2921 944 2979 circumi·
998 2926 1169 2984 suburbana
1183 2942 1284 2983 earum
1299 2944 1350 3000 per
1360 2928 1515 2986 oirouitum
1526 2946 1533 2985 ι
1545 2935 1578 2987 nt
1589 2931 1646 3004 ipsi
1656 2931 1686 2988 in
1704 2932 1820 3005 oppidis

117 3020 194 3077 bunt
209 3015 369 3075 australem
384 3013 503 3088 plagam
517 3028 570 3087 per
584 3028 741 3071 ascensum
762 3010 943 3085 Scorpionis,
998 3018 1147 3085 maneant,
1159 3020 1187 3072 et
1199 3015 1372 3074 suburbana
1380 3018 1441 3074 sint
1450 3018 1607 3092 pecoribus
1616 3020 1818 3093 adjumentis:

118 3110 161 3167 ita
176 3113 210 3165 nt
225 3109 380 3165 transeant
393 3103 423 3160 in
438 3103 543 3175 Sinna,
553 3108 582 3159 et
596 3100 768 3176 perveniant
792 3117 809 3156 a
824 3100 943 3157 Meridie
997 3119 1061 3175 qua
1076 3104 1202 3160 amoris
1217 3104 1370 3163 civitatum
1386 3106 1561 3176 lorinsecus,
1577 3124 1627 3179 per
1651 3108 1821 3177 circuitum,

115 3214 213 3273 usque
228 3196 265 3254 sd
279 3193 481 3253 Codes-Darne
495 3192 504 3226 ¹
516 3191 594 3248 unde
609 3190 797 3264 egredientur
815 3189 942 3247 confinia
957 3170 980 3240 (i
998 3191 1079 3248 mille
1104 3209 1247 3264 passuum
1262 3195 1358 3267 spatio
1370 3196 1537 3253 tendentur.
1553 3200 1658 3254 Contra
1678 3197 1821 3256 orientem

114 3288 151 3345 ad
168 3286 270 3343 villam
295 3285 408 3341 nomiae
422 3281 464 3355 (ιι.
477 3297 535 3337 non
560 3279 658 3352 babet)
675 3279 764 3344 Adur,
775 3282 805 3335 et
825 3278 946 3336 tendent
998 3281 1056 3338 duo
1073 3280 1166 3338 millia
1179 3288 1266 3339 erunt
1275 3283 1377 3351 cubiti,
1387 3289 1417 3341 et
1430 3290 1533 3343 contra
1547 3285 1698 3343 meridiem
1714 3286 1823 3345 simili·

117 3392 212 3451 usque
227 3373 265 3430 ad
281 3373 435 3430 doemone.
449 3369 565 3444 ibitque
575 3384 625 3442 per
636 3384 742 3443 gyrum
754 3366 944 3425 terminuseb
998 3373 1042 3426 ter
1062 3371 1122 3427 duo
1150 3370 1243 3430 millia
1257 3390 1265 3429 ι
1279 3373 1315 3429 ad
1344 3389 1425 3431 mare
1452 3390 1579 3448 quoque,
1595 3376 1673 3449 quod
1701 3375 1822 3450 respicit

117 3470 268 3524 ltsemena
291 3476 386 3535 nsque
409 3459 446 3517 ad
470 3461 631 3515 torrentem
654 3456 781 3531 AEgypti,
802 3460 831 3513 ct
854 3456 946 3514 maris
998 3458 1196 3532 Occidentem,
1212 3461 1315 3517 eadem
1330 3478 1470 3520 mensura
1484 3464 1550 3531 erit,
1564 3464 1822 3537 etseptentrions·

121 3552 223 3629 Magni
238 3552 337 3609 littore
351 3548 480 3605 finietur.
495 3545 585 3620 Plaga
599 3549 698 3603 autem
722 3544 913 3602 occidentalis
928 3563 947 3602 a
998 3547 1035 3604 tis
1050 3547 1136 3622 plaga
1150 3549 1256 3623 aquali
1271 3552 1396 3608 termino
1412 3551 1543 3608 linietur.
1559 3552 1710 3625 liruntqne
1733 3552 1821 3611 nrbes

122 3644 197 3702 mari
213 3642 320 3713 Magno
334 3638 466 3711 incipiet,
481 3641 511 3693 st
525 3636 591 3710 ipso
605 3634 664 3692 iios
678 3634 842 3691 claudetur.
859 3634 946 3691 Porro
999 3637 1029 3693 in
1046 3638 1154 3706 medio,
1165 3646 1194 3695 et
1210 3638 1281 3695 loris
1296 3641 1476 3698 suburbana.
1486 3641 1678 3714 (DLXXlll.)
1689 3640 1730 3699 De
1747 3642 1821 3715 ipsis

120 3734 155 3791 sd
168 3726 433 3805 septentrionalem
449 3723 566 3800 plagam
581 3740 599 3779 a
613 3723 688 3780 mari
704 3722 809 3796 Magno
826 3722 945 3781 termini
999 3730 1098 3784 autem
1122 3727 1249 3801 oppidis,
1266 3744 1328 3801 qus
1349 3729 1457 3786 Levitis
1479 3730 1600 3803 dabitis,
1615 3747 1665 3788 sex
1688 3734 1776 3787 erunt
1789 3730 1820 3788 ln

122 3821 265 3896 incipient
279 3817 482 3892 pervenientes
497 3829 592 3888 usque
606 3813 642 3870 ad
663 3816 793 3869 mentem
817 3810 946 3869 altisssi·
1001 3816 1188 3887 lugitivorum
1204 3815 1313 3874 auxilia
1327 3824 1473 3891 separata,
1490 3824 1522 3874 ut
1536 3819 1630 3892 lugiet
1652 3819 1687 3876 od
1712 3835 1746 3876 ea
1770 3818 1822 3891 qul

55 3910 58 3915 ¹
124 3926 202 3969 mum
219 3909 264 3983 (h-
281 3906 438 3975 montium)
454 3922 471 3962 ι
485 3920 541 3976 (11¹0
556 3900 672 3961 lenient
687 3902 716 3958 iu
731 3902 836 3958 Emulh
852 3917 948 3973 utque
1000 3905 1293 3980 luderitsanguinem
1304 3906 1823 3981 :etexceptishie,aliaquadraglota

124 4001 157 4059 sd
171 3993 463 4059 termincsSedada:
480 3994 623 4066 ibuntque
644 3990 772 4049 confinia
794 4006 887 4063 usque
910 3991 948 4047 ad
1000 3995 1059 4051 duo
1073 3994 1191 4067 oppida,
1207 3995 1235 4050 id
1258 3998 1312 4067 est,
1327 3995 1417 4053 simul
1442 3995 1637 4069 quadraginta
1665 4001 1730 4052 octo
1753 4011 1822 4053 eum

124 4089 325 4165 zephronlsti
339 4084 439 4142 villum
450 4083 543 4141 Fluun-
554 4080 590 4138 Hi
602 4085 685 4138 trani
696 4079 813 4138 lumini
825 4079 855 4137 in
865 4085 948 4153 purte
1001 4084 1179 4141 suburbanis
1194 4084 1268 4140 suis.
1286 4087 1418 4157 Ipseque
1433 4086 1533 4151 urbes,
1544 4100 1608 4157 qus
1623 4084 1774 4141 dabuntur
1786 4085 1823 4141 de

126 4177 281 4253 aquilonis.
292 4176 364 4232 lnde
376 4171 649 4231 metabuntursrnes
663 4174 763 4227 contra
776 4169 946 4226 orientalem
1000 4171 1239 4247 possessionibus
1256 4171 1383 4229 illiorum
1399 4173 1499 4242 lsrael,
1508 4173 1545 4230 ab
1561 4174 1607 4230 bis
1621 4173 1673 4247 qui
1687 4172 1754 4246 plus
1768 4172 1821 4230 ba·

126 4269 241 4343 plagam
257 4267 295 4323 de
309 4263 379 4321 villa
405 4263 487 4320 Euan
504 4276 599 4334 usquo
624 4259 780 4334 Sepbama,
796 4262 825 4315 et
843 4260 879 4315 de
894 4258 945 4315 Se·
1000 4262 1081 4330 bent,
1096 4261 1195 4334 plures
1209 4260 1398 4318 colerentur:
1414 4262 1507 4334 etqui
1530 4261 1642 4331 minus,
1656 4261 1820 4335 penatores.

127 4358 231 4431 pbama
246 4354 425 4412 descendent
439 4350 557 4408 termini
575 4350 604 4406 ιιι
619 4347 709 4406 lisbio
719 4352 822 4405 contra
835 4346 946 4404 iontem
998 4349 1114 4424 Singuli
1124 4352 1212 4422 juxta
1227 4366 1397 4407 urensuram
1424 4349 1604 4409 baereditatis
1626 4367 1687 4408 sua
1710 4351 1822 4408 dabunt

128 4446 252 4522 Dapbim
267 4444 331 4516 ’(ιι.
343 4442 378 4499 ad
395 4440 568 4513 orientem).·
583 4439 651 4496 inde
661 4437 832 4512 pervenient
846 4440 948 4494 contra
1000 4438 1108 4512 oppida
1123 4438 1241 4497 Levitis.
1259 4442 1300 4511 (Τ.
1316 4438 1375 4508 XX,
1389 4438 1422 4496 D.
1439 4440 1548 4512 xcllt.)
1563 4439 1610 4496 tit
1626 4438 1768 4497 Dominus
1782 4439 1818 4496 sd

129 4536 274 4593 Orientem
290 4549 308 4589 a
323 4546 404 4589 mare
418 4528 632 4601 Cbeneretb,et
647 4528 771 4584 tendent
797 4542 890 4599 usque
909 4527 945 4583 ad
963 4546 986 4611 p
1002 4531 1122 4586 Mosen:
1140 4528 1269 4602 Loquere
1297 4526 1367 4585 tiliis
1395 4528 1499 4602 lsrael,
1521 4533 1550 4585 et
1578 4529 1659 4586 dices
1686 4529 1723 4585 ad
1750 4543 1819 4585 sose

127 4624 296 4691 iordanem,
311 4624 340 4678 et
363 4620 401 4678 ad
429 4617 565 4675 ultimam
594 4616 758 4674 salsissimo
773 4613 948 4673 claudentur
1003 4618 1124 4685 Quando
1140 4616 1318 4691 transgressi
1333 4616 1448 4675 fueritis
1475 4617 1635 4675 Jordanem
1657 4617 1687 4675 in
1712 4621 1820 4674 terram

130 4714 210 4772 mari.
227 4707 472 4769 llanobabebitis
488 4710 595 4764 terrum
612 4723 662 4778 per
677 4705 751 4762 fines
766 4703 880 4762 suoein
895 4706 948 4760 cir·
1001 4707 1150 4778 chanaan,
1165 4706 1314 4762 decernite
1340 4722 1405 4777 qua
1433 4706 1522 4763 urbes
1549 4721 1615 4764 esse
1652 4706 1777 4764 debeant
1790 4705 1822 4762 in

129 4803 220 4862 cultu.
235 4799 281 4875 (C.
295 4798 368 4873 XC.)
384 4795 581 4871 Procopitque
593 4795 689 4852 Moses
705 4792 773 4851 liliis
789 4792 888 4863 lsrael,
902 4792 947 4850 di·
1003 4796 1140 4870 presidia
1151 4796 1403 4870 fugitivorumqui
1414 4796 1548 4856 nolentes
1558 4797 1733 4871 sanguinem
1743 4796 1824 4853 sude.

160 5075 169 5110 ¹
185 5074 249 5127 Hoc
263 5067 351 5126 modo
366 5064 474 5138 legitur
488 5080 523 5121 ex
537 5062 658 5120 Hebraeo
681 5065 764 5119 textu
788 5060 947 5119 hodierno:
1004 5066 1126 5123 Frustra
1135 5062 1225 5119 stiam
1233 5062 1306 5119 iliud
1317 5060 1564 5136 requisivimusln
1575 5062 1658 5122 libris
1667 5062 1824 5121 Nominum

129 5160 201 5200 mss.
218 5144 317 5196 autem
332 5152 435 5196 omnes
449 5140 517 5207 post
533 5133 726 5207 Septuaginta
753 5133 797 5189 sic
824 5133 948 5205 legunt:
1002 5141 1031 5195 et
1047 5136 1187 5191 Locorum
1204 5134 1424 5191 Hebraicorum.
1441 5134 1535 5192 Maur.

127 5214 333 5285 apemeoiost
360 5210 393 5266 in
412 5207 555 5265 Meridiem
573 5222 659 5277 aspar
683 5206 719 5263 od
747 5205 948 5261 Codes-Darne.
1039 5205 1602 5263 -MrtimadUrbinatiscodicistidem
1624 5202 1752 5277 expungi
1776 5220 1827 5260 no-

128 5286 224 5343 Masa.
744 5347 749 5358 Ι
820 5346 825 5356 ⁸
931 5348 937 5359 ·
1005 5295 1071 5334 men
1090 5279 1280 5349 Doptim,ant
1295 5277 1434 5362 Doptnin,
1450 5278 1529 5350 quod
1546 5274 1824 5401 praeieruntuulpati

160 5387 197 5399 -
213 5352 336 5411 Palatia.
355 5367 422 5408 ms.:
440 5351 471 5407 ιιι
492 5348 583 5405 Scaea
596 5358 624 5406 et
656 5352 845 5404 eructuantia
864 5351 949 5405 Mert-
1005 5350 1081 5405 libri.
1094 5350 1204 5421 Nempe
1219 5365 1314 5421 neque
1328 5366 1359 5405 in
1375 5349 1494 5405 Hebraeo
1507 5353 1665 5418 estusque
1679 5362 1746 5419 quis
1774 5363 1825 5404 ue·

124 5428 200 5484 diem
226 5440 323 5497 usqua,
338 5430 394 5480 etc.
411 5422 548 5491 Urbinas,
571 5424 604 5477 ιιι
631 5366 776 5485 isarnum,
800 5429 827 5476 et
852 5434 950 5492 perere·
1004 5421 1042 5477 ιιι
1055 5422 1139 5477 locus
1152 5422 1209 5477 iste
1229 5421 1343 5476 deliniri
1359 5424 1464 5492 potest.
1475 5418 1570 5490 thui
1586 5422 1651 5490 pest
1664 5417 1824 5499 Targumin

127 5495 647 5565 aaarodmartriaaaaospaaete.
712 5562 718 5573 ·
815 5561 822 5574 .
942 5561 948 5572 ·
1004 5494 1041 5549 de
1056 5494 1134 5549 fonte
1149 5463 1263 5564 Dapbni
1276 5509 1332 5548 non
1348 5490 1446 5564 procul
1459 5488 1723 5546 abantiocbiadioi
1735 5493 1826 5547 inter·

161 5572 174 5607 ¹
190 5569 330 5627 llsbrssus
344 5584 403 5623 nou
417 5564 505 5621 babet
518 5579 619 5621 vocem
628 5564 757 5634 Doptrm,
770 5565 799 5618 et
814 5579 844 5618 ro
860 5565 949 5638 vetprr
1005 5568 1167 5637 prestantur,
1184 5564 1294 5621 nemini
1310 5563 1394 5621 troile
1410 5561 1616 5634 persuadeant.

128 5659 185 5703 ms
202 5639 303 5701 codiee
316 5638 418 5699 batiae
432 5636 566 5698 additum
595 5633 669 5696 illud
697 5635 819 5695 verbum
843 5632 948 5707 reperi.
