3870 6120
158 302 213 362 535
683 306 712 359 s.
733 302 936 360 fflaeonvtss
954 303 1085 360 DlVlNA
1102 304 1355 362 Blucrovfflcca.
1815 298 1872 357 536

159 431 361 505 habitavitque
375 430 557 487 Chananeus
573 428 603 484 in
620 427 716 484 medio
736 427 875 501 Ephraim
892 444 988 500 nsque
1005 432 1031 499 Α
1046 428 1099 485 tibi
1116 429 1264 503 possessio
1281 431 1389 488 montis
1414 431 1563 506 Ephraim.
1579 430 1632 488 Cui
1654 429 1873 502 responderunt

160 510 191 578 in
206 523 282 578 diem
298 520 373 576 hano
391 518 577 575 tributarius.
1044 518 1095 573 tilii
1110 519 1219 590 ioseph
1235 539 1240 572 ε
1258 520 1321 576 Non
1342 521 1506 593 poterimus
1522 521 1557 576 ad
1573 526 1715 576 montana
1728 533 1873 575 conscen-

196 611 237 683 [C.
253 608 387 679 LXXVII,
404 611 469 679 corp.
487 606 588 678 xvii]
616 606 727 663 Cecidit
741 609 840 663 autem
857 622 922 662 sors
937 606 989 661 tri·
1045 608 1124 676 ders,
1140 624 1206 664 cum
1224 608 1325 665 terreis
1340 609 1474 666 curribus
1496 614 1620 667 utantur
1634 607 1803 671 Chananaei,
1821 606 1872 679 qui

159 693 600 767 buildaoassclipseestenim
619 690 988 766 primogenitusdosephlz
1045 694 1181 750 habitant
1210 697 1338 752 interra
1362 697 1530 772 campestri,
1563 697 1593 753 in
1619 713 1678 768 qua
1708 696 1770 752 sita
1802 699 1874 752 sunt

57 796 61 805 “
159 783 270 840 Machir
297 782 492 856 primogenito
522 788 658 838 Manasso
691 782 766 854 patri
794 782 917 852 Galaad,
938 779 989 852 qui
1045 784 1194 841 Beth-San
1220 803 1286 842 cum
1323 787 1427 843 viculis
1459 788 1532 854 suis,
1556 792 1585 844 et
1607 785 1717 843 iezrael
1742 784 1873 841 mediam

162 870 216 928 luit
230 872 274 927 vir
291 873 382 945 [Vutp.
399 880 451 927 tac.
482 871 536 943 vir]
563 875 719 943 pugnator,
740 871 904 943 habuitque
928 886 991 942 pos·
1046 872 1874 949 possidensvallem.[)ixitqueiosusaddomnmloseph,

161 962 322 1018 sessionem
345 960 455 1019 Galaad
471 966 499 1016 et
525 961 642 1017 Essent
661 965 689 1015 ct
711 960 844 1032 reliquiis
861 960 988 1015 illiorum
1045 963 1182 1035 Ephraim
1200 970 1229 1020 rt
1252 971 1404 1022 Manasse:
1429 964 1557 1037 Populus
1582 965 1693 1022 multus
1709 981 1751 1030 es,
1768 971 1797 1020 et
1813 979 1876 1018 ma·

161 1057 296 1109 Manasse
321 1051 408 1121 juxta
437 1048 564 1106 familias
591 1066 673 1115 suas,
705 1050 773 1105 filiis
801 1049 933 1118 Abiezer,
962 1052 991 1103 et
1046 1055 1318 1125 gnselortitudinis,
1338 1059 1366 1111 et
1394 1072 1452 1111 non
1482 1055 1605 1111 habebis
1633 1059 1874 1121 sortemunam;

162 1139 233 1196 tiliis
258 1139 374 1207 Helech,
399 1143 429 1195 et
453 1137 522 1195 liliis
547 1139 651 1209 Esriel‚
667 1143 695 1195 et
719 1138 788 1195 tiliis
810 1138 944 1208 Sechem,
962 1142 991 1193 ot
1046 1144 1095 1200 sed
1114 1144 1255 1199 transibis
1279 1146 1314 1200 ad
1342 1150 1482 1217 montem,
1498 1151 1526 1201 et
1549 1144 1682 1202 succides
1702 1143 1766 1211 tihi,
1785 1147 1876 1214 atque

162 1227 233 1285 liliis
248 1229 386 1301 Epher‚et
401 1227 470 1283 filiis
485 1229 612 1284 semida.
632 1229 680 1284 lsti
696 1232 766 1284 sunt
781 1228 832 1283 lilii
845 1232 989 1293 Menasee,
1047 1233 1188 1305 purgabis
1215 1235 1250 1289 ad
1276 1233 1468 1290 habitandum
1486 1234 1600 1306 spatia:
1616 1237 1645 1288 et
1670 1230 1779 1306 poteris
1795 1231 1877 1287 ultra

165 1317 220 1373 fllii
250 1317 371 1391 loseph,
403 1333 509 1382 mares,
541 1333 593 1389 per
620 1318 811 1390 cognationes
840 1333 908 1372 suas
948 1316 989 1387 [C.
1048 1323 1204 1394 procedere
1227 1339 1293 1378 cum
1321 1323 1499 1379 subverteris
1523 1322 1878 1394 Chanaaeum,quemdi-

163 1406 317 1477 extuli]
344 1406 492 1479 Selphaad
508 1422 577 1462 vero
607 1404 668 1461 filio
680 1407 785 1478 prer,
802 1406 852 1460 fllii
869 1404 991 1462 Galaad.
1048 1411 1091 1468 cis
1108 1411 1216 1468 ferreos
1229 1411 1337 1467 hahere
1353 1429 1468 1477 currus,
1483 1417 1511 1468 et
1526 1428 1590 1469 esse
1611 1410 1821 1467 fortissimum.

166 1493 994 1564 flliihlechir,liliiMaoasse,nouerantfilii,sedeolae
1085 1500 1127 1572 (T.
1158 1501 1236 1567 vili,
1268 1505 1297 1557 B.
1328 1501 1427 1570 xxvi,
1453 1501 1484 1557 C.
1513 1501 1630 1569 Lllllltl,
1660 1499 1727 1571 Cep.
1763 1498 1864 1555 XVIII.

164 1584 248 1641 fllia:
267 1601 394 1657 quarum
419 1584 477 1640 ista
493 1589 565 1640 sunt
581 1585 718 1640 nemina:
736 1583 832 1641 Matala
848 1590 875 1639 ct
889 1584 951 1639 Noa
966 1586 995 1637 ei
1047 1590 1280 1662 congregatique
1300 1594 1369 1646 sunt
1388 1607 1491 1647 omnes
1513 1589 1565 1645 lilii
1583 1588 1671 1646 lsrael
1687 1589 1716 1644 in
1731 1586 1805 1660 Silo,
1820 1588 1880 1644 ibi-

163 1675 235 1748 Egla
249 1678 278 1730 et
291 1674 402 1731 Melche
418 1678 446 1729 et
460 1674 580 1730 Thersa-
597 1676 810 1745 Veneruntquo
826 1673 856 1729 in
872 1687 993 1743 contee-
1049 1694 1106 1751 que
1122 1680 1249 1736 fixerunt
1273 1680 1496 1736 tabernaculum
1520 1677 1692 1746 testimonii,
1717 1680 1746 1732 et
1761 1677 1819 1733 luit
1833 1676 1877 1733 eis

169 1770 219 1821 otu
246 1763 372 1820 Eleazari
396 1762 568 1832 sacerdotis,
593 1766 622 1820 et
653 1763 753 1831 iosus,
783 1762 836 1817 elii
864 1763 941 1827 Nun,
966 1765 995 1817 et
1053 1769 1286 1840 terrasulrjecra,
1313 1770 1354 1840 (c,
1380 1769 1525 1838 LXXXII.)
1549 1769 1877 1825 nemanserantautom

20 1858 61 1903 '=
173 1853 354 1927 principum,
370 1853 520 1909 dicentes:
549 1852 689 1909 Dssmintffi
714 1850 851 1925 precepit
872 1866 922 1922 per
937 1865 997 1905 ma·
1056 1856 1183 1912 filiorum
1200 1857 1288 1913 lsrael
1312 1862 1423 1930 septem
1450 1858 1555 1926 tribus,
1572 1874 1637 1930 qua
1652 1855 1780 1912 necdum
1797 1871 1879 1912 acce-

176 1959 248 1999 num
263 1943 385 2010 Mosi,ut
398 1942 613 1998 dareturnobis
624 1942 772 2013 possessio
785 1941 814 1995 in
831 1940 927 1996 medio
943 1941 1001 1994 lra-
1055 1951 1159 2018 perant
1186 1947 1386 2017 possessiones
1416 1964 1496 2002 suas.
1526 1947 1566 2002 Ad
1597 1962 1670 2018 quos
1699 1944 1792 2000 iosue
1813 1945 1879 2000 ait:

176 2037 255 2089 trum
273 2034 451 2087 nostrorum.
469 2031 932 2101 DeditqueeisJuxtaimperium
948 2030 1001 2086 Do·
1055 2034 1214 2106 Usquequo
1240 2037 1376 2091 marcetis
1405 2035 1532 2108 ignavis,
1561 2039 1590 2092 et
1620 2052 1677 2091 non
1706 2034 1879 2092 intretisad

179 2121 253 2177 mini
263 2119 528 2191 possessionem‚in
541 2120 638 2176 medio
651 2120 774 2176 fratrum
787 2119 1000 2192 patrissarum.
1056 2124 1263 2195 possidendam
1297 2130 1401 2180 temam
1434 2141 1521 2195 quam
1557 2124 1702 2180 Dominus
1728 2129 1806 2180 [isus
1830 2139 1881 2195 pa·

179 2210 216 2267 Et
238 2209 407 2266 ceciderunt
435 2208 559 2263 funiculi
589 2213 724 2265 Manasse
752 2209 865 2277 decem,
891 2209 1003 2281 absquo
1056 2217 1134 2268 trum
1168 2217 1331 2269 vestrorum
1366 2213 1447 2270 dedit
1475 2213 1556 2269 vobis
1578 2214 1592 2268 ‘l
1616 2213 1721 2286 Eligits
1746 2213 1784 2269 de
1819 2212 1881 2267 sin·

180 2304 258 2358 terra
271 2298 377 2355 Galaad
395 2303 422 2354 et
444 2298 537 2353 Basan
549 2302 631 2354 trans
645 2298 814 2354 lordanem.
832 2298 909 2354 Filias
922 2298 1001 2354 enirn
1056 2301 1134 2374 gulis
1162 2301 1299 2357 tribubus
1320 2306 1419 2358 ternos
1448 2302 1536 2372 viros,
1567 2307 1599 2358 ut
1628 2302 1744 2357 mittan:
1774 2306 1883 2369 cos,et

179 2393 313 2446 Manasse
329 2387 523 2460 possederunt
545 2387 744 2443 haereditatem
766 2386 795 2442 in
812 2387 907 2443 medio
928 2386 1001 2443 filio·
1056 2395 1180 2464 pergant
1203 2395 1291 2462 atque
1312 2390 1494 2446 circumeunt
1520 2386 1649 2460 terram,¹
1664 2394 1693 2446 et
1708 2390 1881 2446 describant

180 2477 394 2549 rumejus.[G.
418 2476 555 2548 LXXIX]
577 2480 665 2533 Terra
688 2476 1003 2534 autemGalaadceci-
1056 2495 1120 2534 eam
1140 2480 1227 2550 juxta
1250 2495 1406 2534 numerum
1438 2478 1673 2550 uniuscuiusque
1707 2478 1880 2534 multitudi-

180 2569 223 2625 dit
239 2569 268 2622 in
283 2569 392 2624 sortem
414 2564 542 2620 tiliorum
559 2571 693 2622 Manasse
715 2566 765 2638 qni
787 2565 1003 2638 reliquissent,
1057 2568 1120 2623 nis:
1136 2568 1322 2640 referantque
1346 2567 1381 2623 ad
1398 2583 1444 2623 me
1469 2569 1546 2639 quod
1563 2566 1785 2639 descripserint.
1804 2566 1882 2621 Divi·

178 2657 302 2730 Euitque
318 2655 461 2711 terminus
486 2659 620 2711 Manasse
635 2654 671 2711 ab
688 2654 1001 2726 ilser,ll1achmathah,
1058 2657 1117 2712 dite
1131 2656 1214 2712 vobis
1231 2661 1337 2712 terram
1363 2656 1392 2711 in
1418 2661 1528 2728 septem
1546 2660 1662 2728 partes:
1678 2656 1694 2712 J
1700 2656 1774 2711 udas
1797 2655 1838 2711 sit
1852 2654 1880 2709 in

180 2763 244 2821 quae
274 2743 392 2817 respicit
420 2743 547 2814 Sichem,
574 2748 602 2800 et
635 2743 786 2816 egreditur
814 2744 849 2800 ad
871 2744 1002 2799 dextram
1058 2745 1193 2800 terminis
1207 2744 1445 2801 snisabaustraii
1460 2744 1554 2817 plaga,
1570 2743 1835 2816 eroomnsloseph
1848 2741 1882 2799 ab

176 2838 263 2910 juxta
286 2832 466 2889 habitatores
504 2832 594 2888 sontis
620 2832 801 2905 Taphphue.
831 2832 944 2888 Etenim
973 2831 1002 2886 in
1059 2833 1334 2904 aquilonehlediam
1347 2831 1487 2889 interbos
1499 2838 1605 2889 terram
1617 2832 1646 2887 in
1658 2837 1772 2904 septem
1784 2836 1883 2906 partes

182 2928 290 2982 sortem
310 2928 445 2980 Manasse
469 2921 612 2976 ceciderat
636 2924 714 2976 terra
736 2920 915 2993 Taphphoae,
941 2937 1004 2992 qna
1060 2922 1215 2978 describite
1239 2923 1280 2994 (b.
1297 2922 1356 2979 Vos
1380 2938 1446 2978 vero
1474 2926 1582 2978 terram
1607 2923 1636 2976 in
1653 2926 1769 2994 septem
1787 2927 1886 2994 partes

182 3018 227 3070 est
237 3013 323 3084 juxta
337 3011 477 3067 terminos
491 3014 627 3066 Manaess
643 3010 770 3066 illiorum
782 3009 932 3083 Ephraim.
952 3015 1004 3066 lte·
1059 3010 1224 3082 describite)
1241 3028 1248 3065 :
1265 3015 1293 3066 et
1319 3011 1376 3067 buo
1391 3010 1513 3067 venietis
1536 3011 1571 3066 ad
1590 3027 1645 3078 me,
1664 3015 1698 3065 ut
1710 3026 1813 3066 coram
1831 3014 1885 3066 Do·

183 3099 508 3171 scenditqueterminus
526 3096 835 3155 vellisArundinetiin
850 3099 1003 3155 meridiem
1062 3099 1139 3154 mino
1156 3103 1212 3155 Deo
1238 3105 1334 3154 vestro
1359 3098 1473 3155 mittam
1498 3099 1582 3155 vohis
1603 3098 1651 3154 bic
1675 3101 1799 3169 sortem,
1816 3097 1886 3171 quia

182 3189 321 3247 torrentis
346 3188 495 3244 civitatum
522 3187 671 3260 Ephraim,
696 3205 759 3260 quse
781 3188 809 3243 in
827 3190 921 3245 medio
936 3169 1041 3245 svth
1062 3204 1119 3242 non
1135 3191 1180 3244 est
1193 3188 1269 3243 inter
1283 3204 1334 3243 vos
1351 3205 1418 3260 pars
1432 3187 1666 3258 Levitarum,sed
1682 3188 1884 3243 sacerdotium

185 3280 303 3337 urbium
319 3283 481 3343 Manasse:
499 3276 643 3332 terminus
667 3283 802 3334 blanasse
818 3279 854 3333 ab
870 3278 1006 3350 aquilone
1061 3275 1172 3332 Domini
1188 3281 1233 3332 ast
1247 3293 1347 3332 corum
1365 3276 1529 3332 hereditas.
1545 3275 1605 3331 Gsd
1617 3280 1755 3331 autemst
1768 3276 1883 3344 Heben,

185 3366 334 3437 torrentis,
349 3365 482 3422 etexitus
497 3367 561 3436 ejus
584 3366 677 3438 pergit
699 3366 734 3421 ad
753 3382 831 3423 mare
849 3382 855 3422 :
873 3368 913 3423 ita
928 3372 960 3422 ut
971 3367 1006 3423 ab
1060 3369 1088 3420 et
1102 3364 1223 3420 dimidia
1237 3365 1332 3420 tribus
1348 3370 1492 3431 Mensam,
1503 3365 1565 3437 jam
1579 3369 1757 3436 acceperunt
1770 3380 1886 3437 posses

186 3461 285 3514 austro
300 3455 337 3512 sit
350 3455 495 3528 possessio
525 3455 673 3526 Ephraim,
696 3460 726 3511 et
740 3457 777 3511 ab
792 3456 929 3529 aquilone
945 3456 1007 3513 Ma·
1060 3454 1158 3509 aiones
1171 3471 1242 3510 suas
1253 3454 1501 3510 transtordanem
1515 3453 1550 3509 ad
1560 3451 1732 3510 orientalem
1742 3453 1883 3526 plagam:

186 3562 283 3615 nasse,
299 3552 328 3600 et
344 3551 497 3615 utramque
521 3543 639 3600 claudat
663 3560 753 3615 mare,
770 3550 798 3601 et
811 3547 1009 3619 conjungatur
1061 3560 1135 3615 quas
1150 3542 1229 3598 dedit
1244 3542 1286 3598 eis
1301 3547 1397 3599 Moses
1412 3540 1541 3598 famulus
1557 3540 1681 3597 Domini.
1699 3541 1742 3610 (E.
1757 3541 1884 3613 XXVII.)

187 3635 244 3694 sihi
260 3635 289 3691 in
308 3634 383 3691 tribu
395 3637 466 3690 Aser
485 3634 521 3690 ab
533 3633 681 3707 aquilone,
697 3634 765 3691 etin
783 3635 862 3691 tribu
876 3636 1010 3693 issachar
1061 3632 1192 3704 Cumque
1208 3630 1403 3686 surrexissent
1416 3629 1481 3700 viri,
1497 3633 1531 3685 ut
1550 3634 1706 3702 pergerent
1719 3631 1757 3686 ad
1775 3630 1888 3688 descri-

188 3725 361 3782 oboriente.
376 3722 664 3794 ruitqusoaerodiros
679 3728 813 3780 Manasse
830 3724 858 3779 in
875 3724 1011 3781 issachar
1061 3720 1188 3776 bendani
1203 3724 1322 3791 terrem,
1348 3718 1485 3792 pracepit
1499 3719 1542 3774 eis
1566 3718 1666 3786 iosus,
1681 3718 1785 3775 dicens
1802 3737 1809 3774 :
1827 3719 1887 3776 cir·

189 3822 216 3871 et
238 3814 267 3869 in
297 3816 369 3870 Aser
397 3812 542 3870 Beth-San
572 3817 601 3868 et
626 3812 711 3868 viculi
742 3815 816 3885 ejus,
836 3814 1009 3871 etJeblaam
1062 3810 1139 3865 cuito
1162 3813 1270 3864 terram
1295 3813 1323 3863 ot
1352 3808 1507 3864 describite
1530 3823 1606 3874 eam,
1629 3822 1662 3862 ac
1688 3807 1887 3862 revertimiad

189 3921 256 3961 oum
273 3902 377 3960 viculis
392 3901 467 3973 suis,
482 3905 511 3958 et
534 3902 714 3959 habitatores
726 3907 786 3959 'Dor
811 3920 878 3960 cum
895 3905 1010 3977 oppidis
1063 3913 1121 3965 me,
1138 3901 1169 3951 ut
1184 3897 1231 3952 hic
1246 3913 1344 3953 coram
1362 3897 1484 3953 Domino
1495 3900 1515 3967 ¹,
1532 3898 1561 3952 in
1581 3895 1652 3961 Silo,
1670 3896 1787 3952 milium
1803 3894 1887 3951 vobit

190 3995 264 4064 suis,
281 3992 461 4048 habitatores
477 4008 593 4065 quoque
605 3991 798 4048 En·Doroum
818 3993 922 4050 viculis
938 3993 1009 4060 suis,
1063 3990 1186 4042 sortem.
1208 3989 1309 4057 ltetlue
1331 3992 1527 4056 Pelsfflfflssh
1544 3988 1573 4040 θῐ
1587 3983 1750 4039 Ῑῡῦῑῐᾶῦῐθθ
1765 4001 1844 4053 0³³¹,
1859 3983 1887 4039 3¹¹

191 4080 576 4154 similiterquehabitatores
595 4080 734 4137 Thanach
747 4097 813 4138 cum
828 4081 907 4137 villis
921 4082 1009 4154 [i'ulp.
1064 4081 1176 4148 septem
1193 4079 1290 4147 partes
1306 4073 1478 4146 diviserunt,
1500 4074 1661 4130 scribentes
1680 4073 1710 4127 in
1725 4071 1888 4130 volumine.

188 4171 305 4240 viculis]
320 4171 395 4238 suis,
410 4174 439 4225 et
465 4168 644 4226 habitatores
667 4171 809 4241 Mageddo
825 4187 892 4226 oum
908 4170 1012 4227 viculis
1064 4165 1242 4236 Reversique
1270 4166 1340 4219 sunt
1368 4163 1404 4217 ad
1428 4161 1519 4218 Josue
1547 4162 1576 4217 in
1607 4164 1704 4218 castra
1736 4160 1810 4219 silo.
1847 4161 1888 4234 (G.

190 4260 264 4328 suis,
289 4264 319 4314 et
341 4257 429 4315 tertia
456 4275 524 4330 Pars
549 4259 629 4313 orbis
653 4259 799 4330 Nepheth.
824 4259 866 4332 [C.
890 4259 1011 4331 LXXX]
1063 4254 1229 4326 Lxxxm)
1246 4254 1299 4319 Qui
1317 4253 1395 4309 misit
1410 4260 1503 4308 sortes
1519 4268 1616 4308 coram
1631 4250 1758 4308 Domino
1773 4254 1804 4308 ln
1820 4252 1891 4323 Silo,

190 4348 248 4405 Nec
264 4351 424 4420 potuerunt
447 4346 499 4402 illii
515 4353 649 4405 Manasse
675 4347 728 4404 has
743 4347 874 4403 civitates
889 4349 1011 4404 subver·
1064 4343 1226 4415 dividitque
1241 4348 1348 4398 terram
1366 4341 1434 4396 filiis
1450 4341 1537 4397 lsrael
1554 4342 1583 4395 io
1599 4344 1712 4411 septem
1730 4347 1832 4412 partes
1849 4343 1890 4411 (h.

190 4444 261 4505 tere,
278 4437 328 4492 sed
344 4437 432 4509 caepit
455 4437 638 4494 Chananeus
662 4435 795 4492 habitare
820 4437 849 4491 in
865 4440 943 4491 terra
957 4436 1013 4491 ista
1061 4432 1147 4503 juxta
1166 4432 1323 4488 divisiones
1345 4430 1469 4501 sarum).
1494 4429 1529 4484 Et
1551 4427 1684 4484 ascendit
1699 4444 1767 4485 sors
1794 4431 1893 4502 prima

187 4527 287 4599 (Vulq.
313 4532 388 4594 sua).
416 4530 576 4598 Postquam
601 4531 695 4581 autern
722 4524 931 4582 convaluerunt
956 4524 1009 4581 filii
1026 4538 1049 4603 Ι)
1065 4521 1192 4576 tiliorum
1204 4519 1355 4591 Benjamin
1367 4516 1555 4591 perlarnilias
1566 4533 1644 4583 suas,
1657 4520 1689 4571 ut
1705 4520 1907 4587 possiderent·

191 4616 291 4680 lsrael,
322 4617 512 4687 subjecerunt
539 4615 727 4680 Chananeus,
757 4620 785 4668 ot
809 4613 1012 4669 leceruntsibi
1067 4603 1908 4678 terramil'utptoeterram)interliliosdudaetiilios»

190 4703 373 4771 tributarios,
389 4719 441 4758 neo
456 4702 664 4758 interfecerunt
678 4717 736 4757 eos.
753 4700 796 4772 (Β.
812 4700 909 4772 XXV.)
923 4703 1013 4756 Locu-
1066 4696 1183 4766 loseph.
1197 4696 1319 4765 Euitqus
1332 4695 1475 4752 terminus
1490 4710 1591 4749 eorum
1607 4696 1709 4749 contra
1721 4694 1909 4766 aquilonem

190 4791 272 4866 tique
287 4796 357 4848 sunt
371 4791 424 4847 filii
447 4790 557 4864 ioseph
583 4790 618 4846 ad
632 4790 733 4862 loeus,
755 4797 842 4861 atque
857 4789 1010 4846 dixerunt:
1067 4787 1103 4843 sb
1116 4785 1244 4841 iordane
1264 4801 1272 4840 ε
1298 4801 1423 4858 pergens
1443 4785 1528 4856 juxta
1544 4783 1620 4839 latus
1640 4781 1760 4840 iericho
1777 4789 1920 4858 septenr

191 4883 284 4948 Quare
310 4879 416 4936 dedisti
443 4879 514 4935 mihi
538 4879 755 4951 possessionem
781 4877 869 4934 sortis
889 4877 1011 4934 luniculi
1066 4873 1201 4932 trienniis
1215 4873 1349 4946 plagoe,et
1363 4874 1542 4930 indecentes
1557 4872 1739 4928 occidentem
1755 4873 1792 4928 ad
1811 4890 1924 4929 mone

192 4972 291 5036 unius,
307 4984 373 5023 cum
390 4968 446 5022 sim
463 4975 549 5023 tautae
565 4967 774 5030 multitudinis.
791 4972 819 5022 et
834 4967 1014 5023 benedixerit
1066 4970 1136 5022 tana
1161 4962 1371 5032 conscendens,
1396 4968 1424 5019 et
1445 4963 1617 5035 perveniens
1642 4959 1672 5016 in
1697 4960 1917 5019 solitudinem

191 5057 264 5113 mihi
289 5055 456 5111 Dominus?
480 5056 522 5110 Ad
545 5070 620 5126 quos
642 5054 732 5111 lesus
756 5057 815 5110 uit:
840 5055 870 5110 Si
886 5054 1012 5126 populus
1066 5054 1249 5120 Barth-aven,
1278 5059 1365 5122 etque
1393 5051 1595 5124 pertransiens
1615 5051 1700 5121 juxta
1722 5053 1837 5108 Lucam
1860 5047 1918 5108 aci

190 5146 303 5202 multus
318 5160 360 5215 es,
372 5143 497 5199 ascende
512 5142 541 5198 in
558 5143 706 5208 silvam‚et
720 5143 838 5199 succide
849 5141 902 5199 tibi
915 5144 1012 5215 spatia
1067 5141 1230 5208 meridiem,
1247 5140 1311 5213 ipsa
1325 5145 1370 5196 est
1385 5139 1521 5195 Beth-El:
1546 5138 1760 5209 descenditque
1781 5142 1813 5194 in
1831 5144 1919 5196 Ata·

188 5235 219 5292 in
243 5241 321 5291 terra
346 5230 484 5290 Pheres-i
508 5239 537 5289 et
550 5230 711 5305 Raphaim:
735 5231 805 5305 quia
824 5236 951 5304 angusta
965 5237 1011 5290 est
1065 5230 1258 5297 roth-addar,
1276 5228 1304 5284 in
1320 5233 1447 5285 montem
1465 5228 1515 5300 qui
1531 5232 1576 5285 est
1590 5227 1624 5283 ad
1637 5226 1794 5284 meridiem
1807 5228 1904 5285 Beth-

225 5415 318 5468 ¹blss.
347 5425 443 5466 eorem
456 5408 570 5466 Domino
599 5413 673 5476 Dco;
703 5408 752 5464 sed
783 5406 922 5465 Hebraus
950 5425 1008 5466 non
1064 5413 1163 5465 monet
1177 5413 1205 5464 S.
1220 5408 1425 5479 Hieronymus.
1437 5411 1532 5463 Mser.

188 5484 390 5539 hobetvocem
419 5483 482 5539 heo.
512 5480 637 5537 Nomina
665 5483 763 5535 autem
793 5480 1010 5537 Dcietllomtrei
1098 5482 1267 5536 -Addunt
1281 5479 1369 5536 iidem
1387 5495 1443 5535 ms.
1461 5479 1513 5533 lieo
1524 5495 1534 5533 .·
1549 5476 1600 5534 sed
1611 5473 1739 5533 Urbinas
1750 5482 1896 5549 praterea

188 5554 288 5610 addita
303 5553 465 5627 saepissime
477 5552 662 5625 reperiuntur
682 5551 712 5606 in
728 5550 834 5606 Graecis
848 5566 883 5608 ao
895 5554 1008 5611 Latinis
1061 5557 1163 5608 uestro.

190 5625 426 5698 exemplaribus3
452 5642 516 5699 qua
544 5632 683 5697 tanquam
707 5626 855 5696 supernus
879 5624 1008 5683 radenda
