3870 6120
110 180 183 238 {349
765 186 874 243 LIBER
891 187 1164 244 uocausnsrus.
1282 223 1285 227 ·
1745 192 1818 251 1350

140 309 170 363 et
185 306 357 375 contemplo
372 302 402 359 in
417 301 477 360 vita
491 321 556 374 sna,
949 318 977 386 Α
1027 326 1094 367 eum
1110 310 1174 383 ipse
1187 308 1330 382 iusipiens
1345 311 1396 383 sit,
1412 328 1515 370 omnes
1531 315 1639 372 stultos
1651 317 1788 376 estimat.

141 384 171 438 et
186 380 251 450 post
266 376 327 459 heo
342 375 378 432 ad
393 376 503 460 inieras
519 377 715 438 deducuntur.
990 382 1020 440 si
1037 382 1159 455 spiritus
1170 386 1341 455 potestatem
1354 383 1490 442 habentis
1500 388 1666 446 ascenderit
1676 406 1765 463 super
1776 396 1815 461 te,

105 452 198 509 Nemo
215 453 261 505 est
275 463 328 521 qur
345 462 461 520 semper
475 454 566 517 vivat,
1025 453 1121 510 locum
1137 459 1219 510 tuum
1236 470 1273 510 na
1288 455 1439 512 dimIseris
1456 475 1463 513 :

143 527 172 578 et
188 520 242 594 qul
256 519 347 600 hujus
363 518 407 602 rei
421 518 528 577 habeat
543 522 680 579 liduoiem
699 540 707 578 ι
1026 529 1097 597 quia
1111 526 1223 582 curatio
1238 543 1353 584 cessare
1367 527 1454 583 iaciat
1468 534 1587 601 peccata
1603 530 1743 589 maxima.

104 595 211 654 Melior
227 596 367 673 estcaurs
382 607 467 647 vrvus
481 592 566 649 leone
582 601 711 651 mortuo.
990 596 1170 654 listmalum
1186 599 1263 668 quod
1280 599 1337 654 vidi
1353 601 1408 655 sub
1424 599 1496 669 sole,

142 666 282 722 Viventes
296 678 375 747 enlm
391 663 493 720 sciunt
508 680 574 722 esse
589 668 760 725 morituros.
1026 669 1112 741 quasi
1136 686 1186 741 per
1200 686 1327 726 errorem
1344 672 1497 742 egrediens
1525 689 1543 728 a
1558 673 1631 730 lucie
1646 674 1788 751 principis
1806 694 1813 735 :

104 738 213 798 Mortui
229 752 296 792 vero
311 734 386 791 nrbrl
405 745 550 792 noverunt
565 738 707 812 amplius,
991 740 1121 797 Positum
1138 740 1262 797 stultum
1280 742 1309 797 in
1325 742 1468 814 dignitate
1482 744 1617 815 sublimi,

142 826 197 867 neo
212 809 321 865 babent
337 806 416 862 ultra
433 809 609 878 mercedem,
1026 817 1056 868 ct
1070 811 1177 868 divites
1191 812 1292 869 sedere
1307 814 1457 871 deorsum.

142 883 212 955 quia
226 879 367 937 oblivioni
381 878 489 936 tradita
501 886 547 937 est
562 882 705 939 memoria
719 898 830 939 eorum.
991 884 1058 940 Vidi
1075 900 1175 940 servos
1192 884 1222 939 in
1238 885 1334 956 equis,

105 957 197 1012 Amor
214 966 342 1025 quoque,
358 954 388 1006 et
398 950 665 1021 odium,etiovidias
675 955 765 1011 simul
776 955 937 1029 perierunt,
1026 960 1056 1012 et
1070 955 1217 1028 principes
1233 956 1419 1013 ambulantes
1434 957 1520 1030 quasi
1535 975 1635 1016 servus
1649 975 1739 1035 super
1754 966 1813 1020 ter·

143 1042 198 1082 neo
213 1023 323 1080 habeut
339 1026 453 1095 partem
468 1023 498 1078 in
514 1023 570 1081 hoc
585 1024 702 1094 seculo,
1064 1043 1139 1082 ram.

142 1102 172 1153 et
187 1098 216 1154 iu
232 1110 320 1168 opere
335 1095 413 1166 quod
429 1094 485 1150 sub
502 1094 564 1151 soie
579 1098 702 1170 geritur.
991 1098 1047 1167 Qui
1062 1097 1134 1154 ludit
1149 1097 1272 1165 ioveam,
1289 1097 1400 1155 incidet
1414 1099 1444 1156 in
1459 1117 1524 1156 eam
1543 1119 1550 1156 :

106 1169 187 1226 Vade
200 1183 281 1250 ergo,
297 1170 326 1223 et
341 1164 464 1249 comede
478 1166 507 1248 in
524 1166 650 1225 latitltia
665 1186 771 1243 panem
787 1174 884 1244 tuum,
1027 1168 1122 1242 etqui
1137 1169 1208 1225 dissi
1233 1175 1263 1225 at
1278 1185 1389 1243 sepem,
1405 1173 1551 1229 mordebit
1564 1189 1633 1230 eum
1648 1175 1778 1236 coluber.

142 1246 172 1296 et
184 1240 252 1295 bibe
268 1253 336 1295 oum
352 1236 459 1309 gaudio
474 1253 576 1296 viuum
589 1243 675 1298 tuum
693 1257 700 1299 :
991 1241 1046 1307 Oui
1061 1187 1343 1313 transiertzapides,
1358 1243 1506 1316 elitigetur
1520 1246 1551 1301 in
1566 1246 1609 1302 eis
1625 1262 1632 1301 ε

143 1312 215 1383 quia
228 1311 288 1366 Deo
304 1308 423 1382 placent
438 1324 526 1381 opera
539 1315 600 1367 toa.
1027 1318 1056 1369 et
1070 1313 1120 1385 qui
1136 1313 1245 1369 scindit
1259 1313 1351 1386 ligna,
1365 1315 1566 1373 vulnerabitur
1584 1320 1620 1375 ab
1633 1317 1687 1375 eis.

109 1383 195 1441 Omni
210 1387 347 1455 tempore
362 1380 424 1436 siut
437 1381 613 1440 vestimenta
627 1388 680 1441 tna
693 1384 831 1456 eandida,
990 1385 1021 1440 Si
1036 1390 1170 1440 retusum
1186 1384 1275 1441 luerit
1289 1387 1412 1455 terrum,

145 1461 173 1512 et
189 1453 286 1511 oleum
298 1453 341 1534 ,de
357 1454 516 1524 capitatae
532 1471 591 1512 non
607 1455 734 1514 deliciet.
1027 1461 1057 1512 et
1070 1456 1124 1513 boe
1141 1472 1198 1511 non
1213 1464 1247 1512 ut
1262 1458 1355 1530 prius,
1372 1459 1422 1513 sed
1438 1458 1609 1517 hebetatum
1624 1461 1704 1518 erit:

108 1526 262 1584 Perfruere
275 1527 337 1606 vata
351 1539 531 1606 cumuxore,
547 1543 634 1598 quam
650 1527 760 1601 diligis,
992 1528 1083 1584 Multo
1100 1527 1199 1584 labore
1211 1535 1380 1598 exacuetur,

144 1598 260 1655 cunetis
279 1595 386 1652 diebus
402 1600 466 1652 vite
482 1595 687 1657 instabilitatis
702 1605 758 1657 tute
776 1616 784 1656 :
1027 1604 1057 1656 et
1071 1604 1138 1671 post
1152 1599 1329 1656 industriam
1346 1604 1487 1672 sequetur
1501 1603 1658 1675 sapientia.

145 1671 197 1742 qui
213 1668 276 1726 dati
289 1673 360 1723 sunt
374 1666 429 1722 tibi
446 1668 502 1724 sub
517 1668 579 1725 soie
953 1691 977 1758 Β
993 1671 1022 1729 si
1038 1673 1172 1727 mordeat
1186 1688 1309 1744 serpens
1324 1673 1353 1727 in
1368 1672 1498 1738 silentio,

146 1742 227 1799 omni
242 1746 373 1811 tempore
389 1739 528 1796 vanitatis
542 1745 612 1808 tuae,
1028 1742 1102 1798 nibil
1117 1759 1150 1798 eu
1167 1745 1266 1800 minus
1282 1743 1371 1799 babet
1386 1744 1436 1827 qui
1449 1744 1562 1802 occulte
1577 1746 1719 1804 detrahit.

110 1814 177 1871 lieo
190 1817 238 1896 est
252 1811 331 1867 enim
346 1826 415 1884 pars
429 1811 460 1866 in
474 1811 546 1881 vita,
989 1814 1085 1871 Verba
1100 1813 1159 1870 oris
1175 1816 1319 1899 sapientis
1333 1820 1429 1888 gratia
1444 1831 1452 1871 ι

146 1890 175 1943 et
188 1902 219 1940 an
235 1883 336 1940 labore
351 1889 412 1952 tuo,
429 1898 485 1955 quo
501 1883 616 1941 laboras
631 1885 688 1942 sub
703 1886 775 1943 sole.
1027 1890 1057 1942 et
1072 1886 1150 1943 labia
1163 1885 1330 1960 insipientia
1346 1887 1572 1959 praecipitabunt
1594 1904 1663 1946 eum
1680 1907 1689 1947 ι

108 1956 313 2028 Quodcunque
330 1958 426 2025 potest
442 1971 546 2013 manus
561 1959 614 2013 tna
629 1957 735 2026 tacere,
992 1957 1112 2014 Initium
1128 1958 1284 2015 verborum
1300 1960 1365 2043 ejus
1381 1958 1518 2024 stultitia,

146 2030 292 2085 instanter
306 2041 427 2098 operere
442 2041 449 2080 ι
1024 2034 1054 2085 et
1068 2029 1263 2087 novissimum
1278 2046 1338 2087 orrs
1352 2028 1433 2087 iilius
1448 2046 1530 2088 error
1544 2031 1702 2104 pessimus.

109 2101 186 2168 Quia
201 2115 255 2156 neu
269 2113 354 2171 opus,
369 2112 423 2154 neo
437 2097 523 2168 ratio,
991 2098 1105 2157 Stultus
1118 2102 1207 2158 verba
1223 2101 1410 2174 multiplicat.

148 2188 202 2229 uec
217 2170 373 2243 sapientia,
389 2184 442 2226 neo
457 2171 582 2227 scientia
993 2171 1112 2245 Ignorat
1127 2171 1226 2237 humo,
1242 2173 1312 2246 quid
1329 2178 1398 2229 ante
1410 2188 1441 2229 se
1456 2172 1542 2229 luerit
1559 2190 1566 2228 :

147 2247 235 2300 eruut
249 2241 328 2315 apud
340 2240 462 2308 interos,
477 2256 535 2313 quo
551 2245 583 2298 tu
596 2258 746 2314 properas.
1026 2249 1055 2301 et
1069 2243 1147 2316 quod
1163 2248 1377 2318 postfuturum
1391 2249 1448 2314 est,
1464 2244 1533 2317 quis
1548 2243 1592 2301 illi
1606 2244 1715 2317 poterit
1739 2245 1816 2305 indi·

112 2315 193 2372 Vertl
210 2330 255 2371 me
270 2313 306 2368 ad
322 2312 414 2380 aliud,
430 2318 459 2369 el
473 2313 533 2370 vidi
546 2314 603 2370 sub
617 2320 689 2387 sole,
1065 2315 1155 2371 oare‘i

149 2403 204 2444 nec
216 2385 363 2442 velocium
379 2399 445 2440 esse
458 2400 591 2456 cursum,
993 2386 1088 2444 Labor
1103 2385 1262 2443 stultorum
1276 2385 1387 2460 aiiiiget
1401 2403 1462 2452 eos,

148 2473 203 2515 nec
217 2457 344 2539 tortium
354 2455 479 2526 bellum,
1028 2459 1078 2542 qui
1094 2457 1230 2541 nesciunt
1242 2458 1271 2513 in
1287 2459 1390 2515 urbem
1407 2474 1536 2532 pergere.

148 2546 203 2659 lit
218 2532 534 2670 tltltllllttltl·
991 2528 1324 2673 Vlllblu‘ilinlissli
1340 2534 1611 2658 tultellae.

150 2689 204 2730 nec
219 2671 365 2729 artillcum
382 2671 508 2743 gratiam
527 2686 534 2726 :
991 2676 1080 2729 Beata
1096 2677 1184 2740 terra,
1199 2673 1286 2743 cujus
1302 2689 1351 2728 rex
1366 2671 1472 2728 nobilis
1488 2678 1543 2739 est,

151 2746 202 2802 sed
218 2750 338 2816 tempus
353 2757 516 2815 casumque
531 2743 561 2798 iu
576 2743 725 2801 omnibus.
1027 2747 1056 2800 et
1070 2744 1157 2814 euJus
1174 2744 1321 2816 principes
1335 2748 1495 2800 vescuntur
1508 2744 1538 2799 in
1553 2747 1683 2817 tempore
1697 2760 1762 2816 suo,

112 2817 214 2874 Nescit
228 2815 316 2872 bomo
332 2814 421 2870 finem
436 2829 525 2870 suum
543 2830 550 2871 ε
1028 2815 1064 2871 ad
1080 2814 1282 2885 reficiendum,
1297 2821 1325 2872 et
1341 2832 1398 2872 nou
1414 2816 1451 2871 ad
1468 2814 1628 2876 luxuriam.

150 2888 200 2945 sed
219 2888 296 2943 sicut
312 2885 407 2959 pisces
423 2884 581 2957 capiuntur
595 2884 693 2952 hamo,
992 2885 1025 2943 In
1041 2885 1169 2971 pigritiis
1184 2886 1400 2944 humiliabitur
1416 2887 1598 2960 contignatio

150 2966 179 3016 et
195 2958 273 3015 siout
289 2974 357 3014 aves
371 2957 476 3030 laqueo
490 2957 783 3029 comprehenduntur
798 2978 806 3018 r
1027 2966 1057 3015 et
1071 2974 1101 3013 rn
1118 2958 1292 3016 infirmitate
1307 2975 1450 3016 manuum
1465 2932 1644 3041 perstillabit
1658 2959 1776 3017 domus.

112 3032 160 3088 Sic
176 3031 334 3104 capiuntur
348 3029 484 3085 homines
498 3029 528 3085 in
543 3034 675 3101 tempore
690 3032 778 3102 malo,
954 3059 976 3127 c
996 3030 1029 3086 lu
1046 3030 1141 3086 risum
1157 3029 1269 3088 iaciunt
1282 3036 1431 3104 panem,et
1445 3047 1547 3088 vinum
1563 3036 1597 3087 ut
1610 3029 1766 3105 epulantur
1778 3028 1817 3088 vi·

149 3119 216 3159 cum
231 3103 274 3159 eis
289 3099 435 3173 extemplo
451 3102 664 3174 supervenerit.
1065 3106 1167 3157 ventes
1183 3102 1194 3136 ²
1212 3118 1219 3157 :

112 3178 195 3232 Hauc
211 3189 330 3247 quoque
344 3176 402 3229 sub
416 3171 477 3229 sole
492 3173 550 3229 vidi
567 3173 757 3248 sapientiam,
1028 3176 1059 3228 et
1074 3173 1203 3245 pecunie
1219 3172 1360 3230 obediunt
1375 3173 1485 3230 omnia.

151 3251 180 3303 et
195 3244 316 3318 probavi
332 3242 502 3300 maximam.
994 3243 1025 3300 ln
1041 3244 1216 3318 cogitatione
1232 3250 1283 3302 tua
1297 3244 1358 3318 regi
1372 3262 1408 3302 ne
1422 3243 1569 3311 detrahas,

116 3317 226 3375 Civitas
242 3333 341 3389 parva.
357 3320 386 3373 et
401 3316 486 3388 pauci
501 3318 531 3371 in
546 3329 581 3372 ea
595 3314 648 3372 viri
664 3332 671 3371 :
1029 3320 1058 3372 et
1072 3317 1101 3372 in
1118 3314 1229 3375 secreto
1243 3316 1371 3374 cubiculi
1387 3317 1430 3373 tui
1446 3332 1483 3373 ue
1499 3315 1686 3374 maledixeris
1700 3317 1795 3375 diviti.

151 3388 232 3446 venit
247 3393 426 3447 contrusam
443 3403 493 3443 rex
508 3402 645 3459 magnus,
660 3390 691 3444 et
705 3387 825 3448 vallavit
839 3406 904 3449 eam
931 3407 939 3448 t
994 3386 1069 3453 Ouia
1082 3387 1145 3444 avis
1159 3388 1225 3445 coeli
1241 3389 1368 3460 portabit
1380 3404 1480 3445 vocem
1495 3392 1589 3456 tuam,

115 3461 322 3533 Exstruxitque
337 3459 518 3516 munitiones
531 3473 583 3532 per
596 3475 713 3532 gyrum,
1029 3462 1059 3515 et
1073 3458 1125 3532 qui
1141 3459 1230 3516 habet
1243 3476 1356 3532 pennas
1372 3459 1562 3516 annuntiabit
1577 3459 1765 3516 seutentiam.

151 3538 181 3589 et
195 3533 324 3605 perlecta
338 3536 383 3587 est
397 3530 522 3587 obsidio.
994 3530 1074 3604 (Cep.
1089 3531 1148 3601 Xl.)
1162 3531 1245 3589 Mitte
1260 3549 1366 3606 panem
1383 3536 1466 3589 tuum
1482 3548 1572 3605 super
1583 3534 1774 3589 transeuntes

116 3605 316 3686 lnventusqne
330 3607 375 3659 ast
389 3603 417 3659 in
429 3618 464 3658 ea
479 3603 524 3658 vir
537 3617 649 3674 pauper
662 3607 691 3660 et
703 3604 832 3678 sapiens,
1065 3618 1159 3675 aquas
1177 3619 1184 3658 ε

154 3676 289 3732 liberavit
303 3675 406 3730 urbem
423 3691 475 3746 per
488 3691 522 3730 sa
544 3675 664 3731 lentiam
680 3691 775 3732 suam.
1032 3674 1102 3745 quia
1118 3678 1184 3747 post
1199 3672 1292 3729 multa
1306 3678 1439 3745 tempora
1453 3673 1585 3729 invenies
1600 3673 1694 3730 illum.

117 3749 154 3804 El
169 3747 270 3804 nuilus
285 3747 423 3820 deinceps
438 3691 607 3803 recordatus
620 3751 666 3802 est
681 3746 810 3805 huminis
824 3748 906 3806 illius
995 3743 1036 3800 Da
1052 3751 1165 3815 partem
1181 3748 1303 3815 septem,
1320 3761 1432 3800 necnon
1448 3749 1478 3800 et
1492 3749 1557 3800 oelo
1575 3760 1582 3798 ε

189 3818 342 3902 pauperis.
1030 3816 1099 3886 quia
1109 3817 1227 3889 ignoras
1238 3815 1308 3887 quid
1322 3816 1453 3871 loturum
1468 3816 1508 3872 sit
1519 3815 1588 3871 mali
1599 3831 1688 3887 super
1702 3821 1821 3873 terram.

116 3890 302 3947 dedicabam
316 3887 538 3962 ego,meliorem
553 3904 618 3946 csse
632 3889 808 3963 sapientiam
824 3891 943 3949 tortitu-
995 3885 1025 3943 Si
1041 3885 1159 4012 replete
1175 3885 1283 3943 fuerint
1299 3887 1403 3949 nobee.

191 3963 270 4018 diue.
1016 3956 1071 4041 'im
1091 3973 1259 4040 'rem'super
1273 3962 1381 4013 terram
1398 3956 1559 4014 effundent.

116 4034 268 4098 Quomodo
283 4048 351 4104 ergo
367 4030 513 4104 sapientia
526 4046 582 4104 pau
606 4031 663 4089 eris
678 4037 845 4107 contempla
859 4038 915 4108 est,
995 4032 1024 4084 Si
1039 4030 1176 4086 ceciderit
1191 4029 1304 4101 lignum
1320 4030 1355 4086 ad
1372 4032 1573 4095 austrum‚aut
1586 4027 1621 4083 ad
1638 4027 1820 4105 aquilonem,

153 4110 183 4162 et
197 4105 286 4163 verba
300 4106 364 4175 ejus
379 4120 437 4160 non
453 4109 522 4159 sunt
535 4119 570 4158 au
595 4104 659 4160 ita?
975 4100 980 4110 '
1031 4102 1061 4157 in
1099 4117 1254 4173 uocunque
1267 4100 1331 4158 loco
1347 4100 1550 4183 cecideritibi
1565 4101 1630 4157 erit.

116 4176 215 4233 Verba
229 4175 408 4248 sapientium
426 4175 590 4257 audiuntur
605 4176 633 4232 iu
650 4174 777 4249 silentio,
995 4173 1049 4239 Oui
1064 4117 1201 4230 observat
1215 4177 1346 4241 ventum,
1363 4189 1420 4228 non
1436 4175 1565 4228 seminat
1582 4189 1589 4227 ι

153 4248 222 4332 plus
237 4263 326 4320 quam
341 4246 453 4330 clamor
467 4246 608 4318 principis
623 4248 700 4304 iuter
713 4249 831 4331 stultos.
1030 4250 1058 4301 el
1073 4244 1122 4317 qui
1138 4244 1305 4328 considerat
1319 4245 1422 4329 nubea,
1439 4258 1591 4327 nuquam
1606 4246 1706 4300 metet.

116 4318 654 4473 “lllfltltlltllattllllll:
667 4318 870 4464 tilliano.
956 4316 1817 4492 DQliill⁰lililllllrllnllnlilllitvinies...

116 4462 638 4615 (cpgrffltbislalasaffrllfltffeofflnratgzenti.
1030 4464 1185 4587 ιίοεῖιέἓὲξὲ
1199 4503 1288 4601 opera
1300 4529 1362 4597 Dei,
1378 4530 1429 4602 qui
1445 4529 1602 4587 rubricator
1613 4533 1659 4587 est
1672 4527 1818 4587 omnium.

115 4606 276 4664 Pretiusior
289 4609 335 4663 est
348 4605 492 4678 sapientae
506 4611 535 4660 et
549 4604 652 4677 glorie,
995 4601 1079 4658 itane
1094 4618 1208 4658 semma
1222 4618 1322 4658 semen
1338 4606 1435 4671 tuum,

154 4677 294 4761 pervaad
308 4683 428 4761 tempus
439 4674 576 4759 stultitia.
1031 4676 1060 4756 et
1073 4690 1193 4758 vespere
1207 4689 1244 4757 ue
1259 4679 1356 4758 cesset
1371 4689 1478 4758 manus
1493 4674 1545 4729 tua
1561 4688 1568 4728 :
1632 4698 1651 4757 ·¹

116 4747 644 4951 {⁰3}{ll‘lflirlfnldtil‘illfflpi1⁸:123
994 4746 1511 4945 sslllillaudabilis
1526 4744 1629 4874 iiim
1645 4744 1728 4817 ¹¹¹⁰⁶’

138 4909 154 4950 e
189 4907 388 4951 etnvrasu
415 4907 512 4949 usam
535 4907 656 4958 uana,
1020 4903 1083 4946 uee
1109 4905 1208 4958 umen,

157 5109 166 5143 ¹
182 5109 307 5163 Sanctus
321 5102 517 5186 Hiemnymus
530 5101 560 5159 iu
571 5102 796 5160 Commentariis
810 5105 847 5161 ad
861 5101 941 5161 hunc
993 5100 1038 5158 lus
1052 5100 1176 5157 existere
1191 5099 1221 5156 in
1237 5116 1296 5156 una
1311 5101 1459 5159 sententia
1472 5105 1524 5158 aut
1538 5100 1625 5158 uuiuo
1640 5116 1725 5157 versu
1744 5096 1817 5155 Vul-

117 5178 226 5247 locum,
236 5176 319 5235 colon
337 5175 417 5232 istud
433 5180 581 5248 integrum
597 5176 713 5232 duobus
726 5175 860 5232 versibus
871 5192 942 5233 eou-
994 5179 1068 5300 gatar
1084 5178 1272 5243 postremam
1288 5189 1355 5229 oum
1371 5172 1447 5230 hano
1462 5173 1644 5245 Scriptorum
1654 5173 1816 5253 recitasset:

117 5255 204 5307 stans
218 5250 248 5305 in
263 5246 481 5320 exemplaribus
503 5248 641 5313 Cononis,
667 5263 758 5304 uuum
783 5248 855 5304 dicit
876 5263 942 5305 esse
1016 5243 1422 5327 olorstullorumospiipiteos,
1442 5244 1491 5315 qui
1514 5246 1636 5301 nesciunt
1661 5243 1702 5299 ire
1725 5259 1755 5298 ιιι
1778 5244 1818 5299 ea'·

117 5321 296 5380 versiculum
312 5337 319 5375 ε
335 5320 466 5392 Sequenti
472 5335 482 5374 s
495 5326 589 5375 autem
605 5318 745 5386 versiculi,
762 5321 850 5376 verbo
872 5323 942 5377 sunt
994 5316 1115 5386 uitatem,
1132 5317 1286 5388 subpungit
1300 5317 1422 5373 diceus:
1439 5318 1506 5372 Cum
1520 5315 1710 5400 superioribus
1733 5314 1818 5370 etiam

118 5395 149 5452 S.
167 5394 308 5457 Ductoris,
325 5393 356 5447 ιἰι
370 5406 423 5463 pato
437 5391 478 5446 or't
491 5408 501 5445 :
515 5392 569 5447 Sed
583 5394 608 5447 et
632 5392 663 5447 is
687 5389 733 5446 uio
756 5406 819 5446 cum
840 5393 942 5447 stultos
995 5389 1042 5443 bos
1052 5390 1140 5459 jonpc
1154 5387 1311 5444 uersiculos.
1323 5387 1425 5444 Plures
1440 5388 1539 5513 itague
1553 5404 1584 5443 ιιι
1600 5387 1655 5443 bac
1670 5385 1818 5443 sententie

116 5465 254 5531 ambulat,
266 5480 313 5520 eor
326 5464 386 5534 ejus
396 5462 512 5533 indiget,
528 5467 554 5518 et
567 5461 635 5519 dicit
658 5479 669 5517 .·
692 5461 782 5517 omncs
805 5462 941 5535 irulps'aar
998 5459 1158 5515 versiculos
1173 5475 1238 5517 esse
1254 5476 1311 5515 non
1327 5460 1464 5531 negabat.
1506 5459 1553 5514 ide
1569 5459 1604 5515 do
1629 5458 1677 5514 his
1701 5461 1818 5515 nostras

117 5546 178 5598 est:
193 5535 291 5592 liceat
306 5549 413 5602 sensus,
438 5539 494 5590 eto.
520 5533 660 5605 Agnoscit
684 5532 774 5606 igitur
797 5534 852 5590 boc
879 5534 941 5592 loeo
998 5532 1181 5600 conlecturos
1196 5530 1226 5586 in
1256 5529 1485 5602 Prolegomenis.
1502 5531 1594 5587 Manu.

115 5607 331 5666 versiculorum
347 5605 580 5672 distinctionem,
596 5621 685 5678 quarn
701 5621 840 5661 vocamus
864 5605 941 5665 ldas-
1030 5604 1041 5639 ²
1057 5602 1192 5676 Plerique
1206 5618 1278 5659 mss.
1294 5603 1362 5660 libri
1377 5608 1466 5675 atque
1481 5602 1552 5660 editi
1570 5601 1688 5659 bibentes
1701 5616 1754 5674 pro
1774 5600 1817 5656 ui·

115 5680 286 5745 tereticam,
301 5677 332 5733 in
347 5676 477 5735 saurais
491 5676 695 5734 voluminibus
710 5682 894 5749 usurpatam.
918 5679 940 5735 a*
993 5682 1088 5732 matos
1103 5672 1217 5748 legunt.

116 5756 322 5811 contrusam
337 5751 372 5808 15
385 5749 477 5822 hujus
492 5747 712 5823 eapitis,plures
726 5748 799 5806 dicit
808 5750 939 5809 versicu-
