3870 6120
115 164 184 225 1351
631 168 662 223 S.
681 163 889 223 utmorem
908 163 1039 225 otvttts
1054 165 1304 223 stauomca.

2 304 4 309 ·
87 347 90 353 ,
151 293 181 348 et
195 285 369 346 delectabile
382 289 427 345 sat
441 286 534 344 oculis
546 286 645 347 sidere
660 287 763 347 aciem.
956 285 1126 360 Adlcmbit
1139 286 1339 363 amygdalum,

115 363 147 420 Si
162 361 249 420 annis
265 359 368 417 multis
380 360 484 415 vixerit
497 359 597 429 bomo,
1034 363 1063 415 et
1077 358 1314 433 impinguabitur
1326 359 1450 433 locusta,

151 439 180 492 et
193 435 223 491 in
238 431 286 488 his
301 431 441 490 omnibus
455 430 574 489 letatus
589 431 678 490 luerit
692 448 700 490 τ
1030 435 1060 487 et
1075 430 1269 515 dissipabitur
1283 434 1419 516 capparis
1433 450 1442 489 ε

116 504 286 566 Meminisse
301 504 387 560 debet
402 503 550 561 tenebrosi
565 505 719 577 temporis,
993 502 1138 567 Quoniam
1153 502 1194 557 rbi
1212 503 1300 561 homo
1315 521 1344 560 ιιι
1361 505 1483 562 domum
1498 503 1677 564 eternitatis
1690 521 1763 576 susa,

150 584 180 634 et
195 576 309 632 dierum
325 574 489 632 multorum
505 591 513 631 :
1029 578 1057 629 et
1072 573 1243 630 circuibunt
1254 575 1284 631 in
1301 575 1399 646 platea
1414 575 1601 649 plangentes.

151 647 201 719 qui
216 663 284 703 cum
301 646 589 716 venerint,vanitatia
604 652 767 721 arguentur
782 644 939 719 praeterita.
992 647 1158 716 numquam
1173 653 1329 718 rumpatur
1341 646 1492 706 funiculus
1507 652 1683 723 argsmeus,

115 721 224 778 Latara
239 734 318 791 ergo,
332 718 459 789 juvenis,
475 717 506 774 in
523 717 722 777 adolescentia
735 723 797 788 tua,
1029 720 1058 772 et
1072 722 1203 772 recurrat
1218 717 1290 774 vitta
1303 734 1393 775 aurea
1408 736 1416 776 ε

149 795 178 848 el
193 791 222 846 in
238 790 315 846 benc
330 788 369 847 sit
383 795 527 847 cortuum
540 792 568 846 in
579 787 858 864 diebusluventutis
870 793 940 854 tusa,
993 791 1026 844 Et
1040 793 1210 844 conteratur
1224 788 1328 862 hydria
1342 806 1432 864 super
1447 791 1569 860 lentem,

114 863 148 920 lit
163 860 284 919 ambula
299 860 329 917 in
344 861 401 918 viis
416 862 515 919 cordis
532 863 588 931 tui,
1028 866 1057 915 st
1071 858 1276 933 confringatur
1288 865 1350 918 tots
1364 878 1454 936 super
1467 863 1629 921 cisternam
1648 877 1657 920 t

148 938 177 990 et
191 934 221 990 in
237 933 360 990 introitu
376 933 530 990 oculorum
548 938 668 991 tuorum
685 949 693 990 t
992 929 1026 986 lit
1041 935 1204 987 revertatur
1217 931 1314 1005 pulvis
1328 935 1358 990 in
1373 939 1481 991 terram
1496 950 1582 992 suam
1600 935 1681 992 unde
1696 938 1770 1005 erat,

113 1005 147 1062 lli
161 1004 234 1063 scito
250 1005 329 1077 quod
344 1021 398 1078 pro
411 1005 551 1061 omuibus
567 1005 614 1063 bia
1029 1006 1058 1058 st
1072 1002 1195 1074 spiritns
1208 1003 1306 1060 redeat
1323 1005 1359 1062 ad
1374 1005 1479 1072 Deum,
1495 1005 1546 1078 qui
1561 1005 1648 1063 dedit
1662 1005 1763 1063 illum.

150 1077 276 1135 adducet
290 1080 319 1133 te
331 1080 408 1133 Deus
422 1077 451 1133 in
464 1077 624 1148 judicium.
993 1072 1112 1131 lenitas
1127 1072 1303 1143 vanitatum,
1317 1077 1394 1133 dixit
1416 1076 1622 1146 Ecclesiastas,
1648 1094 1752 1136 emnss
1773 1094 1820 1136 vs·

113 1149 202 1206 dulor
216 1149 291 1204 iram
307 1165 324 1205 ιι
339 1148 427 1205 corde
440 1152 502 1220 tuo,
1064 1146 1153 1202 nitas.

149 1226 178 1277 et
192 1235 294 1278 amove
309 1218 451 1277 malitiam
466 1237 483 1276 a
498 1235 586 1276 carne
601 1225 660 1275 tna
991 1214 1122 1286 Cumque
1137 1221 1216 1274 esset
1231 1218 1472 1291 sapientissimus
1485 1219 1695 1290 llcclssiastss,

113 1291 319 1348 Adolescentia
334 1290 412 1348 enim
426 1297 455 1348 et
469 1290 605 1363 voluptas
620 1307 695 1348 vana
709 1294 789 1346 sunl.
1027 1287 1129 1344 docuit
1143 1289 1296 1361 populum,
1312 1294 1341 1346 et
1355 1291 1502 1349 enerravit
1517 1309 1583 1365 qum
1598 1293 1735 1350 isserat:

114 1364 192 1437 ldcp.
202 1361 277 1435 llll.)
292 1362 437 1421 Memento
452 1363 597 1420 creatoris
612 1362 655 1418 tui
670 1363 699 1418 in
716 1363 821 1420 diebus
831 1361 939 1435 juven·
1026 1365 1056 1415 et
1072 1360 1251 1433 investigans
1265 1364 1432 1435 composuit
1446 1364 1602 1437 parabolas
1618 1363 1746 1422 multas.

184 1435 257 1491 tutis
272 1440 339 1504 tum,
991 1429 1131 1495 onastvit
1145 1434 1233 1489 verba
1248 1433 1344 1503 utilia,

148 1513 305 1576 antequam
320 1505 417 1561 veniat
431 1509 550 1578 tempus
567 1503 749 1574 afflictionis,
1027 1507 1056 1558 et
1071 1504 1247 1577 conscripsit
1260 1521 1411 1562 sermones
1426 1505 1623 1575 rectissimos,
1640 1523 1676 1564 sc
1689 1505 1809 1566 venitm

148 1584 178 1635 et
193 1593 229 1661 ap
251 1594 282 1661 ιο
305 1577 430 1649 inquunt
442 1577 522 1646 anni,
538 1577 575 1633 dc
589 1576 698 1651 quibus
712 1575 896 1635 diossthn
1064 1573 1176 1661 plenos.
1220 1646 1226 1659 ι
1314 1647 1320 1659 ι
1419 1646 1426 1660 ⁸
1497 1647 1503 1660 ι

184 1594 259 1706 migr
273 1593 398 1721 placent.
952 1644 1088 1739 Bverba
1103 1649 1280 1718 sapientium
1297 1651 1375 1704 sicut
1389 1646 1516 1718 stimuli,

113 1721 281 1792 Antequam
296 1720 481 1777 tenebrescat
495 1718 551 1785 sol,
1028 1720 1057 1772 et
1071 1718 1156 1790 quasi
1173 1719 1245 1776 clavi
1260 1721 1290 1775 in
1306 1719 1399 1776 allusu
1416 1719 1515 1788 dellai,

148 1796 177 1848 et
191 1792 302 1860 lumen,
317 1795 347 1849 at
359 1791 440 1861 luna,
456 1796 485 1848 at
499 1790 601 1861 stella,
1027 1803 1092 1860 qua
1105 1806 1157 1861 per
1171 1791 1381 1862 magistrorum
1395 1790 1554 1848 consilium
1568 1791 1640 1849 dats
1655 1795 1730 1851 sunt
1743 1809 1762 1850 s
1774 1809 1820 1867 ps·

149 1868 178 1920 et
192 1868 377 1920 revertantur
392 1864 485 1920 nubes
501 1868 568 1935 post
584 1861 714 1937 pluviam
730 1879 739 1920 ι
1082 1867 1162 1918 alors
1177 1877 1247 1918 unc.

111 1936 233 2000 Quando
248 1935 510 1992 commovebuntur
523 1935 662 1992 custodes
676 1936 793 2005 domus,
992 1927 1042 1985 ¹35⁸
1058 1933 1197 2005 ampliu&
1213 1933 1255 1990 fill
1271 1932 1324 2003 mi.
1339 1949 1375 1990 Μ
1390 1933 1535 2006 witulfus·

146 2013 175 2065 et
190 2008 339 2064 nutabunt
353 2007 406 2062 viri
423 2005 594 2077 lortissimi;
991 1999 1127 2062 Faciendi
1144 2004 1243 2076 pluras
1258 2003 1348 2061 libros
1364 2003 1465 2062 nullus
1479 2016 1523 2063 ast
1537 2006 1608 2063 linis
1624 2022 1633 2063 ι

111 2078 145 2135 ut
160 2078 259 2135 otiosa
274 2082 361 2135 erunt
377 2077 521 2134 molentes
536 2078 566 2133 in
582 2077 697 2134 minuto
712 2093 846 2150 numero,
1031 2075 1226 2149 lrequensque
1240 2076 1402 2145 meditatio,
1417 2077 1515 2134 carnis
1527 2077 1652 2136 afflietio
1667 2083 1727 2137 est.

145 2154 174 2206 et
188 2150 392 2207 tenebrascent
407 2149 538 2205 videntes
553 2165 604 2222 per
620 2149 783 2207 foramina:
990 2150 1090 2206 Finem
1106 2147 1133 2205 lo
1156 2148 1244 2205 uendi
1257 2164 1359 2203 omnes
1375 2148 1483 2219 pariter
1496 2149 1671 2207 audiamus.

109 2220 144 2278 llt
159 2220 297 2277 claudent
313 2221 389 2277 ostia
406 2220 436 2275 in
452 2218 556 2293 platea,
585 2289 591 2303 ι
1026 2221 1118 2277 Deum
1135 2165 1216 2291 ame,
1231 2225 1261 2274 et
1275 2219 1413 2302 mandata
1428 2222 1494 2291 eius
1507 2224 1635 2279 observa
1650 2238 1658 2279 :

147 2292 176 2348 lu
194 2290 361 2349 humililate
375 2291 456 2348 vocis
470 2291 609 2347 molentis
625 2308 632 2347 :
991 2293 1050 2349 llcc
1065 2295 1109 2347 ssi
1123 2292 1202 2346 enim
1217 2306 1317 2347 omnis
1334 2291 1422 2346 bomo
1438 2309 1445 2348 :

109 2365 144 2419 lit
158 2369 338 2436 consurgent
352 2362 389 2420 ad
404 2378 505 2418 vocem
521 2361 659 2433 volucris,
1026 2371 1054 2420 et
1068 2370 1175 2419 cuncta
1190 2377 1255 2435 qna
1270 2363 1355 2429 liunt,
1371 2362 1498 2419 adducet
1514 2364 1592 2420 Deus
1609 2362 1639 2420 in
1653 2363 1798 2435 judicium

144 2439 174 2491 et
189 2436 398 2492 obsurdescent
414 2437 422 2471 ¹
438 2450 541 2492 omues
556 2433 624 2490 illie
639 2431 791 2492 carminis.
1027 2450 1079 2508 pro
1094 2433 1176 2491 omni
1190 2438 1298 2503 errato,
1313 2434 1374 2491 aive
1387 2434 1512 2503 bonum,
1528 2434 1592 2493 sisa
1608 2435 1724 2494 malum
1747 2435 1810 2492 illud

108 2504 230 2563 Excelsa
244 2523 301 2578 quo
322 2522 358 2562 ne
373 2506 532 2579 timebunt,
1063 2505 1113 2563 sit.

143 2577 292 2636 etlcrmld
334 2582 389 2635 unt
403 2579 433 2634 in
448 2576 505 2636 via.

756 2700 880 2774 Explicit
894 2699 965 2759 llder
977 2701 1162 2760 Ecclesicstss.

144 2829 153 2865 ¹
167 2825 248 2899 Legit
262 2825 332 2884 ollm
350 2825 494 2884 alcuinus
509 2825 713 2889 obmutescent:
724 2840 827 2882 verum
842 2823 895 2896 alt,
909 2826 1011 2885 cestius
1024 2827 1142 2886 nudetur
1156 2825 1186 2883 ιἰι
1202 2824 1323 2894 deirae,
1336 2824 1503 2884 surdescere.

889 3134 1035 3199 lllClPl'l'

381 3319 893 3488 CANTICUM
949 3317 1606 3490 CANTICORUM

770 3615 860 3686 Quod
874 3616 1025 3682 llsbrsics
1041 3616 1155 3682 dieitur

673 3820 813 3947 SIR
873 3822 1248 3950 ASSIRIM.

105 4245 185 4321 (Cup.
203 4245 240 4318 1.)
253 4244 409 4303 osculetur
423 4258 470 4299 me
485 4240 587 4299 osculo
601 4241 661 4299 oris
675 4240 723 4299 sui
739 4258 747 4301 ι
947 4243 970 4312 c
1023 4240 1139 4298 vineam
1155 4257 1250 4300 msam
1268 4259 1325 4301 uon
1338 4245 1495 4304 custodial.

144 4317 215 4390 quia
230 4316 352 4374 meliora
366 4318 439 4372 sunt
451 4313 542 4370 ubera
556 4318 607 4369 tua
620 4313 698 4384 vino,
988 4312 1090 4372 Indica
1103 4312 1187 4385 mibi,
1200 4330 1288 4387 quem
1303 4315 1401 4391 diligit
1414 4317 1514 4375 anima
1528 4333 1597 4378 mea
1612 4336 1622 4380 c

144 4389 306 4461 fragrantia
319 4386 480 4460 unguentis
496 4384 625 4456 optimis.
1025 4389 1059 4441 ut
1073 4400 1188 4458 pascas,
1206 4386 1254 4443 ubi
1271 4387 1361 4445 cubas
1376 4388 1406 4444 in
1422 4389 1557 4460 meridia,

109 4458 212 4517 Oleum
227 4461 354 4516 eliusum
372 4473 479 4514 nomen
495 4461 580 4513 tuum
598 4473 605 4512 ι
1026 4473 1062 4513 ne
1075 4456 1171 4527 vagari
1182 4457 1322 4531 incipiam
1334 4463 1403 4532 post
1465 4477 1514 4533 ges
1526 4461 1680 4523 sodalium
1689 4468 1803 4524 tuorum:

144 4530 210 4588 ideo
226 4528 451 4587 adolescentula
465 4527 632 4586 dilexerunt
645 4530 684 4584 te.
989 4527 1019 4584 si
1029 4528 1148 4601 ignoras
1163 4532 1202 4599 te,
1217 4546 1235 4586 o
1268 4529 1371 4588 ulchra
1385 4530 1416 4588 in
1447 4548 1463 4588 r
1477 4532 1632 4606 mulieres,

109 4601 207 4661 Treba
221 4618 269 4658 ms
1025 4599 1174 4672 egredere,
1189 4603 1219 4657 et
1230 4546 1279 4658 agi
1294 4607 1361 4675 post
1374 4604 1499 4678 vestigia
1509 4620 1649 4679 gregum,

148 4677 260 4757 postte
272 4647 426 4755 lurramus
441 4671 462 4739 ¹,
553 4741 559 4753 Ι
1025 4676 1149 4756 etpasee
1161 4671 1261 4757 bmdos
1271 4674 1432 4760 tuosluxta
1447 4676 1644 4738 tabernacula
1655 4685 1803 4756 pastorum.

109 4745 276 4802 introduxit
290 4759 337 4799 ms
353 4761 401 4799 rex
417 4759 447 4798 ιιι
463 4740 580 4798 cellaria
595 4755 671 4798 sna:
988 4744 1144 4815 liquuntur
1160 4759 1223 4800 meo
1238 4761 1268 4800 ιιι
1284 4746 1420 4804 curribus
1434 4746 1599 4809 Pharaonis

149 4815 375 4880 exsultabimus,
390 4820 420 4870 et
434 4813 599 4870 letabimur
613 4812 643 4868 in
659 4817 686 4868 te
703 4827 711 4868 ι
1025 4814 1186 4871 assimilavi
1201 4820 1239 4884 te,
1255 4816 1351 4874 amica
1362 4833 1439 4875 mss.

110 4888 257 4947 Memorea
273 4886 396 4942 uberum
412 4889 531 4942 tuorum
547 4900 635 4956 super
647 4883 749 4940 vinum
766 4898 774 4941 ι
989 4884 1123 4941 Pulchre
1139 4889 1208 4942 sunt
1230 4902 1312 4962 gena
1327 4892 1385 4945 tua
1409 4889 1487 4947 sicut
1502 4893 1637 4953 turturis

148 4959 219 5015 raeti
234 4957 361 5031 diligunt
374 4961 412 5012 te.
1024 4955 1132 5013 collum
1148 4961 1232 5014 lnum
1248 4959 1327 5017 sieut
1341 4960 1473 5019 monilia.

110 5029 202 5104 Nigra
216 5046 297 5090 sum.
312 5029 363 5085 aed
379 5032 517 5094 lormosa,
534 5025 599 5083 lilia
614 5025 791 5101 Jerusalem,
988 5026 1159 5085 Murenulas
1174 5045 1279 5088 aureas
1294 5031 1436 5090 iaciemus
1450 5032 1517 5103 tibi,

143 5104 221 5159 sieut
235 5097 425 5159 tabernacula
438 5098 542 5167 cedar,
1023 5099 1232 5157 vermiculatas
1245 5107 1376 5176 argento.

142 5172 221 5230 sicut
235 5171 326 5245 pellas
338 5170 516 5228 Salomonis.
987 5170 1062 5227 Dum
1078 5176 1156 5229 esset
1167 5188 1218 5230 rex
1233 5172 1263 5230 in
1280 5175 1416 5232 accubitu
1430 5190 1495 5243 suc,

107 5243 206 5303 Nolite
221 5261 269 5300 me
281 5243 468 5300 considerare
483 5240 560 5314 quod
576 5241 659 5298 lusca
673 5240 742 5312 sim,
1023 5243 1134 5300 nardus
1149 5259 1214 5301 mea
1227 5244 1309 5302 dedit
1323 5246 1441 5304 odorem
1457 5262 1545 5304 snum
1564 5264 1573 5306 ι

145 5316 216 5384 cuia
230 5314 408 5373 decoloravit
422 5311 525 5370 mosol
541 5329 548 5368 :
986 5313 1160 5372 Fasciculus
1176 5316 1301 5391 myrrha
1317 5317 1442 5375 dilectus
1454 5333 1542 5377 meus
1557 5320 1650 5397 mibi,

109 5387 176 5444 Filii
190 5390 294 5446 matris
310 5403 381 5444 mess
396 5387 601 5459 pugnauerunt
615 5385 715 5439 contra
730 5397 788 5457 me,
1020 5385 1099 5442 inter
1114 5386 1203 5444 ubera
1216 5404 1281 5446 mea
1296 5390 1540 5448 commorabitur.

143 5465 305 5533 posuerunt
317 5475 364 5517 ms
379 5456 531 5515 custodem
547 5453 577 5512 in
591 5453 686 5511 vineis
703 5468 712 5512 s
984 5455 1091 5516 Bataua
1105 5456 1190 5532 Cypri
1205 5459 1330 5519 dilectus
1343 5477 1426 5520 meus
1440 5460 1527 5532 mibi,

144 5639 153 5673 ¹
170 5638 238 5703 Oua
253 5638 362 5709 subiun
385 5635 408 5693 it
422 5631 588 5717 Vulgata·,s'n
602 5630 712 5717 cdoreos
725 5631 931 5704 concentuum
984 5635 1124 5693 Hebraeus
1139 5635 1244 5708 babet,
1260 5638 1311 5696 aed
1327 5642 1357 5696 et
1372 5638 1439 5712 ipss
1461 5637 1693 5715 complutensis
1715 5644 1798 5706 lastis!

105 5707 231 5782 tuorum,
245 5727 281 5768 cr
300 5709 346 5768 Lli
398 5705 609 5779 lntsrpretrbus
631 5703 809 5776 derivantur,
834 5720 930 5779 nsque
982 5707 1073 5765 aditio
1086 5707 1238 5783 expungit.
