3878 6150
426 248 534 305 tisim
551 248 751 305 UALAGIDAE
769 246 977 304 rauriiii'im.
1494 250 1564 308 litt

87 367 476 497 ⁰?⁰⁸Q(¹1³v⁸f¹¹m⁰¹m⁰di⁸¹
492 380 573 445 ports
588 372 634 429 sui
646 373 681 428 ml
697 373 725 440 Α
775 375 985 452 atconseratur
1000 385 1108 428 manus
1125 371 1189 443 ojus
1204 387 1294 446 super
1308 388 1428 432 manum
1439 375 1567 449 proximi

88 456 101 497 a
128 456 188 497 occi
212 458 247 497 en
263 458 308 498 em
812 457 869 496 sui.

88 511 160 568 andi
178 512 263 568 valde
276 531 282 568 :
313 482 320 508 ’
740 514 795 570 Sed
812 520 842 567 et
856 513 949 568 ludas
961 513 1104 586 pugnabit
1117 514 1259 572 advorsus
1272 514 1435 572 Jerusalem
1448 532 1456 574 z

88 599 196 667 ginone
211 585 247 641 ad
264 583 430 655 aquilonem
444 587 465 656 ¹,
775 590 803 641 et
814 590 1071 656 congregabuntur
1085 586 1192 642 divitia
1220 587 1354 644 omnium
1383 587 1516 661 gestiam
1534 588 1565 646 in

88 669 149 726 eius
165 654 201 711 ad
217 656 382 711 meridiem.
813 655 950 724 circuitu,

93 724 197 782 vallem
214 727 360 783 montium
378 743 489 793 uorum,
777 742 892 794 aarum,
908 731 938 782 et
949 731 1100 795 argentum
1117 732 1146 784 at
1159 732 1254 786 vestas
1266 728 1457 788 multoesatis.

90 797 250 871 njangetur
263 797 347 854 vallis
372 799 517 855 montium
541 801 686 871 usquead
741 801 776 856 Et
791 799 834 855 sic
853 798 910 853 erit
930 797 1016 854 ruina
1030 798 1098 870 equi
1113 804 1141 856 et
1159 799 1245 868 muli,

88 885 99 924 ι
111 887 119 926 :
778 867 880 927 cameli
896 875 926 925 et
940 868 1026 938 asini,

88 939 688 1067 itfugistisataciaterremotusindiabue
777 940 950 1067 atquinium
961 941 1178 1012 jumentorum,
1194 958 1258 1014 quai
1279 941 1388 1000 luerint
1412 942 1443 999 in
1462 941 1567 1001 castris

88 1028 102 1067 ι
135 1028 151 1067 u
176 1027 212 1068 a:
814 1029 822 1068 ι
849 1028 884 1077 ιι,

88 1084 195 1141 'minus
210 1083 287 1139 Dm
303 1099 398 1153 Μὴ
414 1098 577 1156 omnesque
594 1086 689 1144 moti
743 1081 958 1213 Etsgffiriwrsainla
969 1081 1073 1211 galieni
1088 1155 1197 1211 luerint
1207 1155 1243 1212 de
1255 1154 1403 1213 universis
1436 1155 1555 1213 entibus

96 1223 171 1280 illa:
815 1171 1339 1298 quiavqcneriutqcoatraierusalem,
1417 1171 1436 1229 ⁸
1559 1196 1569 1225 ³

88 1315 112 1365 r,
128 1296 180 1353 sed
197 1295 290 1368 trigas
305 1301 334 1353 et
348 1297 427 1370 gelu.
779 1298 939 1355 ascendant
953 1298 990 1354 ab
1003 1313 1081 1354 anno
1092 1299 1255 1370 inaanum,
1271 1302 1305 1355 ut
1319 1298 1442 1355 adorent
1469 1313 1569 1373 regem

89 1385 133 1437 ua,
150 1384 216 1440 quie
230 1373 301 1424 uoto
315 1376 361 1425 eat
376 1369 511 1439 Domino,
816 1369 976 1425 Dominum
989 1371 1184 1438 exercituum,

89 1456 152 1513 ique
167 1455 243 1496 nox:
779 1445 808 1497 et
823 1439 970 1498 celebrent
985 1440 1171 1498 testivitatem
1191 1440 1460 1499 tabernaculorum.

92 1528 122 1569 ra
136 1510 250 1584 vesperi
265 1510 320 1566 orit
334 1509 395 1568 lux.
745 1516 779 1568 st
793 1513 865 1568 erit:

89 1583 140 1639 ills
153 1598 160 1636 :
780 1585 829 1656 qai
842 1599 899 1639 noa
911 1583 1247 1640 ascenderitdaiamiliis
1256 1589 1340 1641 terre
1347 1583 1383 1640 ad
1393 1581 1570 1655 ierusalem,

89 1671 125 1712 rie
138 1653 209 1709 iiius
225 1653 260 1709 de
270 1652 433 1710 Jerusalem
450 1671 458 1711 :
817 1661 849 1710 ut
864 1655 965 1711 adorat
980 1670 1077 1727 regem
1091 1655 1249 1712 Dominum
1267 1654 1460 1725 exercituum,

89 1726 162 1783 uad
179 1741 260 1782 mare
275 1725 428 1792 orientale,
706 1744 730 1811 Β
783 1743 840 1782 nun
854 1726 1011 1798 critsuper
1025 1743 1075 1783 eos
1090 1727 1195 1784 imber.

89 1812 191 1878 earum
208 1798 244 1851 sd
261 1811 342 1852 mora
358 1795 565 1870 novissimum,
747 1798 829 1864 Quod
845 1802 874 1853 et
889 1797 914 1853 si
928 1798 1040 1855 remilia
1058 1798 1172 1873 AEgypti
1188 1814 1246 1855 non
1266 1796 1441 1867 ascenderit,
1456 1799 1486 1854 et
1511 1812 1571 1855 noa

89 1873 96 1926 l
111 1869 141 1925 iu
156 1867 253 1924 hieme
273 1873 370 1923 erunt.
818 1868 946 1924 venerit:

92 1957 127 1997 ιιι
143 1955 194 1996 rar
207 1955 296 2012 sopar
315 1954 432 1995 omnem
453 1942 583 1996 terram:
782 1955 1000 2023 uecsapereos
1013 1939 1079 2008 erit,

89 2011 220 2070 lominus
235 2027 324 2079 uuus,
340 2015 369 2067 at
383 2011 440 2067 erit
454 2027 560 2068 noman
576 2011 642 2083 ejus
780 2012 832 2068 sed
847 2016 906 2139 ιιίἑ
918 2011 1015 2085 ruins,
1030 2013 1113 2085 quia]
1124 2011 1268 2086 percutiet
1298 2011 1440 2070 Dominus
1468 2025 1572 2069 omnes

839 2099 874 2138 en
907 2098 922 2139 s

89 2153 185 2212 omnis
197 2158 275 2210 terra
285 2169 378 2224 usqua
392 2152 429 2210 sd
444 2152 608 2225 desertum,
781 2097 846 2226 ηυξ)
854 2171 911 2210 non
923 2125 1113 2211 isosndsrmi
1122 2155 1157 2212 ad
1167 2153 1373 2212 celebrandam
1382 2151 1572 2211 fastivitstam

89 2243 184 2284 aimon
198 2226 234 2280 ad
250 2231 384 2281 austrum
392 2224 557 2283 Jerusalem
576 2242 583 2279 τ
818 2222 1092 2283 tabernaculorum.

89 2318 103 2368 ·‚
117 2306 147 2355 et
161 2295 308 2353 habitabit
324 2297 354 2352 in
369 2294 434 2353 loco
448 2312 514 2369 suo,
747 2296 808 2354 iloc
822 2296 877 2353 erit
894 2303 1046 2369 peccatum
1063 2295 1189 2381 AEssllffii

89 2368 186 2442 iamin
198 2384 290 2440 usque
305 2368 340 2424 ad
357 2367 454 2424 locum
470 2371 559 2442 portas
574 2365 692 2439 prioris,
784 2373 814 2424 et
829 2369 883 2425 boc
899 2373 1051 2441 peccatum
1067 2383 1201 2424 omnium
1215 2366 1360 2440 gentiam,

104 2444 216 2515 portam
234 2441 410 2511 angulorum
423 2453 431 2496 ι
783 2456 847 2512 qus
858 2439 1109 2498 conascenderlnt
1119 2441 1155 2497 ad
1166 2438 1373 2496 celebrandam
1386 2436 1576 2495 testivitstam

90 2511 192 2569 aaueel
209 2526 301 2584 iisque
320 2511 357 2567 ad
373 2509 530 2568 torcularis
550 2510 639 2584 ragis.
820 2510 1088 2568 tabernaculorum.

90 2600 94 2640 :
109 2584 138 2639 iu
152 2601 196 2654 ea,
748 2585 780 2641 in
795 2582 1150 2656 diaillaaritquodauper
1162 2583 1277 2639 trenam
1291 2579 1358 2652 equi
1370 2583 1425 2651 ast,
1436 2581 1576 2637 sanetum

91 2672 179 2711 anon
196 2653 251 2709 erit
263 2651 409 2725 smplius:
821 2654 964 2712 Domino:

101 2725 264 2784 Jerusalem
277 2741 391 2782 secura.
784 2731 813 2783 at
827 2729 915 2782 erunt
930 2725 1040 2782 lebetae
1056 2724 1085 2782 in
1102 2724 1190 2782 domo
1219 2722 1335 2780 Domini
1362 2719 1449 2793 quasi
1472 2719 1578 2793 phialas

90 2798 164 2872 laga,
188 2814 247 2869 qua
267 2796 409 2869 percutiet
432 2793 574 2852 Dominus
590 2810 694 2852 omues
821 2813 918 2854 coram
937 2795 1033 2853 altari.

90 2888 125 2928 ira
136 2872 341 2943 pugnaverunt
355 2868 496 2924 adversus
510 2865 694 2924 Jerusalem:
747 2871 784 2928 lit
798 2869 854 2928 erit
869 2869 965 2926 omnis
981 2865 1061 2924 lebcs
1077 2865 1105 2922 in
1119 2864 1281 2924 Jerusalem
1297 2868 1327 2921 et
1335 2863 1366 2920 iii
1377 2860 1576 2920 Judasaaoti·

90 2959 118 3000 ro
131 2940 365 3012 uuiuscujusque
380 2938 486 2996 stantis
501 2954 591 3012 super
606 2940 695 3012 podes
820 2941 927 2998 ltcatus
942 2938 1065 2996 Domino
1080 2939 1261 2994 exercituum
1279 2952 1286 2992 :

494 3083 497 3089 ¹
785 3016 814 3069 et
827 3013 946 3069 venient
960 3027 1062 3068 omnes
1079 3009 1279 3077 immolantes,
1296 3010 1326 3064 et
1339 3008 1459 3063 sument
1472 3020 1508 3063 ex
1517 3001 1582 3089 eis,

91 3102 106 3143 s
120 3084 329 3142 contabescent
342 3081 373 3139 in
398 3080 593 3138 foraminibus
617 3080 693 3152 suis,
708 3107 731 3177 0
820 3089 848 3140 et
864 3087 992 3156 coquant
1005 3081 1036 3137 in
1051 3079 1109 3138 eis:
1434 3147 1441 3161 ⁸
1467 3146 1474 3161 ‚

90 3172 166 3213 irum
178 3155 364 3213 contabescet
378 3155 409 3209 in
425 3168 475 3209 ore
489 3169 601 3209 eorum.
784 3159 812 3212 et
827 3173 884 3211 non
900 3156 956 3212 erit
971 3158 1114 3211 mercator
1129 3152 1206 3209 ultra
1217 3151 1247 3208 in
1262 3150 1349 3208 domo
1361 3152 1475 3205 Domini
1490 3162 1597 3204 exer·.

92 3226 263 3285 ttumultus
279 3224 395 3282 Domini
411 3239 538 3295 magnus
553 3224 582 3280 in
598 3222 659 3280 eis:
824 3229 937 3284 cituum
953 3225 984 3283 ia
997 3225 1046 3282 die
1058 3223 1120 3281 ilio.

90 3300 153 3357 idat
167 3299 210 3355 vir
221 3314 342 3356 manum
359 3296 484 3371 proximi
495 3295 554 3367 sui,

92 3462 193 3534 uigati,
208 3460 379 3535 atqueipse‚
390 3459 559 3527 utvidatur‚
571 3459 601 3515 S.
616 3462 700 3515 Pater
754 3464 839 3540 cerie
851 3459 880 3515 in
901 3457 1062 3532 archetypo
1077 3470 1192 3530 quoque
1207 3452 1326 3512 natiso
1341 3455 1387 3511 est
1401 3434 1513 3518 tibiis,
1527 3462 1574 3504 me

90 3538 241 3604 ommoat.‚
256 3532 377 3588 medium
401 3530 513 3600 montis
530 3547 582 3604 pro
608 3546 698 3587 mons.
753 3533 842 3613 diam
855 3533 968 3587 montis.

459 3712 579 3785 Explicit
596 3711 670 3769 litei·
687 3711 832 3770 luctarier
844 3713 992 3784 proptetsr.

670 4023 804 4082 INClPl'l'

247 4196 444 4294 LIBER
475 4194 834 4292 MALACHIAE
865 4187 1244 4288 PROPHETAE.

91 4585 125 4626 us
139 4567 220 4625 verbi
238 4565 353 4624 Domini
370 4566 404 4621 ad
420 4564 511 4623 lsrael
523 4564 552 4621 in
567 4582 658 4622 mauu
668 4567 764 4633 lta-1)
781 4562 873 4620 Filius
888 4560 1014 4617 honorat
1028 4561 1154 4642 patrem,

815 4639 843 4690 et
858 4648 960 4689 serius
975 4631 1131 4686 dominum
1149 4642 1259 4684 suum:

91 4711 156 4766 ‚icit
168 4709 311 4766 Dominus
327 4729 334 4776 3
779 4706 808 4762 Si
825 4720 893 4777 ergo
909 4706 996 4759 Pater
1009 4717 1062 4774 ego
1079 4716 1160 4770 sum,
1172 4700 1221 4755 ubi
1238 4702 1284 4754 est
1298 4696 1395 4754 honor
1416 4695 1523 4752 meust

106 4800 112 4837 :
135 4783 165 4837 in
180 4798 238 4853 quo
254 4778 383 4836 dilexisti
398 4782 476 4835 nos?
816 4782 845 4833 et
860 4775 885 4831 si
900 4772 1046 4831 Dominus
1061 4787 1116 4844 ego
1134 4787 1213 4835 sum,
1227 4769 1276 4827 ubi
1289 4775 1336 4825 est
1351 4766 1558 4825 timormeusi

95 4871 108 4909 r
123 4860 184 4910 erat
200 4854 275 4908 Dsau
291 4852 393 4921 Jacob,
405 4850 478 4906 dicit
493 4849 638 4907 Dominus
816 4847 888 4903 dicit
903 4844 1048 4902 Dominus
1063 4843 1249 4900 exercituum
1263 4857 1289 4924 ι.
1312 4912 1317 4924 .
1335 4911 1342 4925 ·

92 4925 179 4992 acob,
195 4924 271 4981 Dsau
288 4929 387 4980 sutem
403 4921 470 4978 odio
496 4921 609 4978 habui?
782 4922 825 4976 Ad
841 4934 902 4982 uos,
919 4917 1125 4984 oseceidotes‚
1163 4915 1191 4970 ui
1208 4914 1361 4984 despicitis
1376 4926 1482 4967 nomen
1494 4924 1609 4977 meum,

92 5001 166 5053 intes
182 4996 247 5067 ejus
263 4996 292 5050 in
310 4994 514 5062 solitudinem,
820 4997 848 5045 et
862 4989 999 5044 dixistis:
1017 4988 1047 5042 in
1065 5003 1124 5058 quo
1139 4931 1328 5057 despeximus
1343 4998 1450 5040 nomen
1466 4979 1576 5037 tuum?

92 5072 180 5125 tutem
196 5069 262 5138 ejus
277 5067 307 5122 in
324 5068 469 5122 dracones
485 5063 605 5120 deserti.
785 5060 901 5119 Oiieriis
917 5075 1005 5132 super
1015 5059 1108 5114 altura
1127 5073 1226 5141 meum
1244 5070 1348 5128 panem
1364 5053 1522 5128 pollutum,

91 5140 145 5196 erit
162 5140 309 5195 idumea:
325 5136 474 5193 Destructi
490 5152 606 5203 sumus,
822 5139 851 5188 et
866 5131 983 5188 dicitis:
998 5132 1029 5187 ln
1045 5145 1104 5201 qao
1120 5128 1282 5202 polluimus
1297 5127 1350 5184 tei

92 5209 415 5274 entesadiflcabimus,
427 5205 733 5281 quadestruotasant
787 5208 817 5262 ln
832 5221 866 5259 eo
882 5204 959 5275 quud
977 5201 1076 5259 dicitis
1092 5217 1100 5257 :

92 5281 217 5339 lominus
231 5279 413 5336 exercituum
433 5296 439 5333 :
824 5276 923 5332 Mensa
939 5272 1056 5329 Domini
1072 5273 1123 5329 des
1146 5273 1209 5327 ecta
1223 5275 1277 5327 est.

92 5356 172 5424 bunt,
185 5357 214 5409 et
229 5368 281 5425 ego
298 5354 465 5408 destruam:
788 5347 817 5403 si
833 5346 964 5403 otierstis
979 5361 1087 5402 cecum
1103 5289 1144 5400 ad)
1159 5341 1388 5406 immolandum,
1399 5333 1617 5395 nonnemalum

92 5432 169 5482 intur
184 5423 303 5481 termini
320 5421 494 5494 impietatis,
861 5416 935 5474 esti

92 5515 117 5556 is
132 5495 179 5554 cui
190 5496 286 5553 irotus
297 5502 343 5552 cst
352 5493 496 5551 Dominus
510 5508 604 5565 usqua
618 5489 736 5547 incaler-
827 5493 856 5544 et
871 5486 1001 5615 otietrstia
1011 5485 1162 5557 claudam,
1174 5489 1202 5542 et
1212 5482 1497 5556 languidum,nonne
1508 5475 1620 5534 malum

864 5576 895 5617 es

93 5639 147 5697 stri
166 5638 329 5696 videbunt:
797 5631 875 5688 Diier
890 5629 963 5687 illud
979 5628 1048 5686 duci
1062 5632 1124 5698 tuo,
1140 5628 1166 5683 si
1183 5625 1326 5699 placuerit
1335 5623 1373 5694 ei,
1398 5693 1406 5706 ι
1428 5693 1435 5706 .

92 5710 185 5770 icetis:
831 5708 883 5761 aut
899 5701 924 5760 si
938 5701 1103 5774 susceperit
1123 5698 1227 5757 taciem
1254 5702 1348 5767 tuam,
1377 5694 1451 5752 droit
1478 5691 1624 5751 Dominus

92 5800 121 5842 ir
133 5782 277 5841 Dominus
292 5797 382 5857 super
396 5778 555 5836 terminum
573 5774 669 5835 israel.
867 5773 1060 5833 exercituum.
