<?xml version="1.0" encoding="UTF-8"?>
<!DOCTYPE html PUBLIC "-//W3C//DTD XHTML 1.0 Transitional//EN"
    "http://www.w3.org/TR/xhtml1/DTD/xhtml1-transitional.dtd">
<html xmlns="http://www.w3.org/1999/xhtml" xml:lang="en" lang="en">
 <head>
  <title>
</title>
<meta http-equiv="Content-Type" content="text/html;charset=utf-8" />
  <meta name='ocr-system' content='tesseract 3.04.00' />
  <meta name='ocr-capabilities' content='ocr_page ocr_carea ocr_par ocr_line ocrx_word'/>
</head>
<body>
  <div class='ocr_page' id='page_1' title='image "./patrologiaecurs13goog_0333.png"; bbox 0 0 3878 6150; ppageno 0'>
   <div class='ocr_carea' id='block_1_1' title="bbox 106 314 160 370">
    <p class='ocr_par' dir='ltr' id='par_1_1' title="bbox 106 314 160 370">
     <span class='ocr_line' id='line_1_1' title="bbox 106 314 160 370; baseline -0.037 0"><span class='ocrx_word' id='word_1_1' title='bbox 106 314 160 370; x_wconf 85' lang='grc'>659</span> 
     </span>
    </p>
   </div>
   <div class='ocr_carea' id='block_1_2' title="bbox 635 306 1301 364">
    <p class='ocr_par' dir='ltr' id='par_1_2' title="bbox 635 306 1301 364">
     <span class='ocr_line' id='line_1_2' title="bbox 635 306 1301 364; baseline -0.003 -1"><span class='ocrx_word' id='word_1_2' title='bbox 635 310 665 363; x_wconf 77' lang='lat' dir='ltr'>fl.</span> <span class='ocrx_word' id='word_1_3' title='bbox 685 309 890 364; x_wconf 62' lang='lat' dir='ltr'><strong>Drusorum</strong></span> <span class='ocrx_word' id='word_1_4' title='bbox 908 309 1035 364; x_wconf 75' lang='lat' dir='ltr'><strong>DlVlNA</strong></span> <span class='ocrx_word' id='word_1_5' title='bbox 1053 306 1301 364; x_wconf 74' lang='lat' dir='ltr'><strong>Brssmmflttcs.</strong></span> 
     </span>
    </p>
   </div>
   <div class='ocr_carea' id='block_1_3' title="bbox 1760 308 1818 364">
    <p class='ocr_par' dir='ltr' id='par_1_3' title="bbox 1760 308 1818 364">
     <span class='ocr_line' id='line_1_3' title="bbox 1760 308 1818 364; baseline 0 0"><span class='ocrx_word' id='word_1_6' title='bbox 1760 308 1818 364; x_wconf 91' lang='grc'>660</span> 
     </span>
    </p>
   </div>
   <div class='ocr_carea' id='block_1_4' title="bbox 108 428 1818 506">
    <p class='ocr_par' dir='ltr' id='par_1_4' title="bbox 108 428 1818 506">
     <span class='ocr_line' id='line_1_4' title="bbox 108 428 1818 506; baseline -0.002 -10"><span class='ocrx_word' id='word_1_7' title='bbox 108 428 932 506; x_wconf 69' lang='grc'>6166666666,61116616,616666666666166661·</span> <span class='ocrx_word' id='word_1_8' title='bbox 946 428 1057 502; x_wconf 65' lang='lat' dir='ltr'><strong>Asuui</strong></span> <span class='ocrx_word' id='word_1_9' title='bbox 1084 430 1255 488; x_wconf 88' lang='lat' dir='ltr'><strong>universam</strong></span> <span class='ocrx_word' id='word_1_10' title='bbox 1284 431 1431 501; x_wconf 88' lang='lat' dir='ltr'><strong>lsrael,et</strong></span> <span class='ocrx_word' id='word_1_11' title='bbox 1460 430 1541 488; x_wconf 89' lang='lat' dir='ltr'><strong>venit</strong></span> <span class='ocrx_word' id='word_1_12' title='bbox 1569 431 1597 487; x_wconf 92' lang='grc'>16</span> <span class='ocrx_word' id='word_1_13' title='bbox 1628 431 1818 506; x_wconf 79' lang='grc'>6616666666.</span> 
     </span>
    </p>
   </div>
   <div class='ocr_carea' id='block_1_5' title="bbox 108 519 938 850">
    <p class='ocr_par' dir='ltr' id='par_1_5' title="bbox 108 519 938 850">
     <span class='ocr_line' id='line_1_5' title="bbox 108 519 936 592; baseline -0.011 -8"><span class='ocrx_word' id='word_1_14' title='bbox 108 542 195 584; x_wconf 88' lang='lat' dir='ltr'><strong>noem</strong></span> <span class='ocrx_word' id='word_1_15' title='bbox 210 521 406 591; x_wconf 83' lang='lat' dir='ltr'><strong>Jexrabelitis,</strong></span> <span class='ocrx_word' id='word_1_16' title='bbox 423 525 453 576; x_wconf 91' lang='lat' dir='ltr'>et</span> <span class='ocrx_word' id='word_1_17' title='bbox 468 519 582 592; x_wconf 81' lang='lat' dir='ltr'><strong>Abigail</strong></span> <span class='ocrx_word' id='word_1_18' title='bbox 598 537 671 577; x_wconf 89' lang='lat' dir='ltr'><strong>uxor</strong></span> <span class='ocrx_word' id='word_1_19' title='bbox 685 520 778 578; x_wconf 81' lang='lat' dir='ltr'>Nabal</span> <span class='ocrx_word' id='word_1_20' title='bbox 788 520 936 578; x_wconf 89' lang='lat' dir='ltr'><strong>Gbsrmcli</strong></span> 
     </span>
     <span class='ocr_line' id='line_1_6' title="bbox 109 609 937 689; baseline -0.01 -16"><span class='ocrx_word' id='word_1_21' title='bbox 109 616 151 689; x_wconf 92' lang='grc'>(6.</span> <span class='ocrx_word' id='word_1_22' title='bbox 166 611 374 685; x_wconf 73' lang='lat' dir='ltr'><strong>charmelitis).</strong></span> <span class='ocrx_word' id='word_1_23' title='bbox 392 611 426 666; x_wconf 83' lang='lat' dir='ltr'>iit</span> <span class='ocrx_word' id='word_1_24' title='bbox 440 611 608 665; x_wconf 89' lang='lat' dir='ltr'><strong>nuntiatum</strong></span> <span class='ocrx_word' id='word_1_25' title='bbox 624 614 669 667; x_wconf 85' lang='lat' dir='ltr'>ost</span> <span class='ocrx_word' id='word_1_26' title='bbox 693 610 774 668; x_wconf 80' lang='lat' dir='ltr'><strong>Sauli</strong></span> <span class='ocrx_word' id='word_1_27' title='bbox 797 610 875 682; x_wconf 92' lang='lat' dir='ltr'><strong>quod</strong></span> <span class='ocrx_word' id='word_1_28' title='bbox 889 609 937 665; x_wconf 86' lang='grc'>16·</span> 
     </span>
     <span class='ocr_line' id='line_1_7' title="bbox 109 698 938 777; baseline -0.008 -16"><span class='ocrx_word' id='word_1_29' title='bbox 109 704 200 777; x_wconf 90' lang='lat' dir='ltr'><strong>gisset</strong></span> <span class='ocrx_word' id='word_1_30' title='bbox 215 701 306 759; x_wconf 87' lang='lat' dir='ltr'><strong>David</strong></span> <span class='ocrx_word' id='word_1_31' title='bbox 321 699 353 756; x_wconf 92' lang='grc'>16</span> <span class='ocrx_word' id='word_1_32' title='bbox 365 699 451 767; x_wconf 90' lang='grc'>6616,</span> <span class='ocrx_word' id='word_1_33' title='bbox 468 704 497 755; x_wconf 89' lang='grc'>61</span> <span class='ocrx_word' id='word_1_34' title='bbox 512 715 570 755; x_wconf 87' lang='grc'>666</span> <span class='ocrx_word' id='word_1_35' title='bbox 587 698 700 756; x_wconf 75' lang='lat' dir='ltr'><strong>addidit</strong></span> <span class='ocrx_word' id='word_1_36' title='bbox 720 698 796 755; x_wconf 87' lang='lat' dir='ltr'><strong>ultra</strong></span> <span class='ocrx_word' id='word_1_37' title='bbox 812 704 938 772; x_wconf 87' lang='grc'>61666·</span> 
     </span>
     <span class='ocr_line' id='line_1_8' title="bbox 109 786 937 850; baseline -0.007 -1"><span class='ocrx_word' id='word_1_38' title='bbox 109 796 186 850; x_wconf 88' lang='lat' dir='ltr'><strong>reret</strong></span> <span class='ocrx_word' id='word_1_39' title='bbox 200 805 279 847; x_wconf 90' lang='lat' dir='ltr'><strong>eum.</strong></span> <span class='ocrx_word' id='word_1_40' title='bbox 295 788 375 846; x_wconf 90' lang='lat' dir='ltr'><strong>Dixit</strong></span> <span class='ocrx_word' id='word_1_41' title='bbox 388 799 486 844; x_wconf 87' lang='lat' dir='ltr'><strong>autem</strong></span> <span class='ocrx_word' id='word_1_42' title='bbox 503 786 594 844; x_wconf 89' lang='lat' dir='ltr'><strong>David</strong></span> <span class='ocrx_word' id='word_1_43' title='bbox 611 788 647 845; x_wconf 91' lang='lat' dir='ltr'><strong>ad</strong></span> <span class='ocrx_word' id='word_1_44' title='bbox 663 788 753 845; x_wconf 79' lang='grc'>66616</span> <span class='ocrx_word' id='word_1_45' title='bbox 770 804 777 844; x_wconf 88' lang='lat'>:</span> <span class='ocrx_word' id='word_1_46' title='bbox 794 787 825 845; x_wconf 87' lang='grc'>81</span> <span class='ocrx_word' id='word_1_47' title='bbox 841 787 937 845; x_wconf 86' lang='lat' dir='ltr'><strong>inveni</strong></span> 
     </span>
    </p>
   </div>
   <div class='ocr_carea' id='block_1_6' title="bbox 10 870 939 955">
    <p class='ocr_par' dir='ltr' id='par_1_6' title="bbox 10 870 939 955">
     <span class='ocr_line' id='line_1_9' title="bbox 10 870 939 955; baseline -0.004 -17"><span class='ocrx_word' id='word_1_48' title='bbox 10 870 13 875; x_wconf 66' lang='grc'><strong>’</strong></span> <span class='ocrx_word' id='word_1_49' title='bbox 109 879 233 955; x_wconf 86' lang='lat' dir='ltr'><strong>gratiam</strong></span> <span class='ocrx_word' id='word_1_50' title='bbox 249 881 279 936; x_wconf 91' lang='lat' dir='ltr'>in</span> <span class='ocrx_word' id='word_1_51' title='bbox 305 877 399 935; x_wconf 89' lang='lat' dir='ltr'><strong>oculis</strong></span> <span class='ocrx_word' id='word_1_52' title='bbox 421 877 493 946; x_wconf 91' lang='lat' dir='ltr'><strong>tuis,</strong></span> <span class='ocrx_word' id='word_1_53' title='bbox 516 877 602 933; x_wconf 91' lang='lat' dir='ltr'><strong>detur</strong></span> <span class='ocrx_word' id='word_1_54' title='bbox 623 877 695 933; x_wconf 92' lang='lat' dir='ltr'><strong>mihi</strong></span> <span class='ocrx_word' id='word_1_55' title='bbox 719 877 801 935; x_wconf 90' lang='lat' dir='ltr'><strong>locus</strong></span> <span class='ocrx_word' id='word_1_56' title='bbox 824 877 854 932; x_wconf 94' lang='lat' dir='ltr'>in</span> <span class='ocrx_word' id='word_1_57' title='bbox 880 893 939 934; x_wconf 89' lang='lat' dir='ltr'>una</span> 
     </span>
    </p>
   </div>
   <div class='ocr_carea' id='block_1_7' title="bbox 109 965 940 1486">
    <p class='ocr_par' dir='ltr' id='par_1_7' title="bbox 109 965 940 1486">
     <span class='ocr_line' id='line_1_10' title="bbox 109 965 939 1040; baseline -0.01 -11"><span class='ocrx_word' id='word_1_58' title='bbox 109 970 229 1030; x_wconf 88' lang='lat' dir='ltr'><strong>urbium</strong></span> <span class='ocrx_word' id='word_1_59' title='bbox 247 971 255 1005; x_wconf 93' lang='lat'>¹</span> <span class='ocrx_word' id='word_1_60' title='bbox 272 967 402 1040; x_wconf 79' lang='lat' dir='ltr'>regionis</span> <span class='ocrx_word' id='word_1_61' title='bbox 417 965 556 1037; x_wconf 85' lang='lat' dir='ltr'><strong>bajus,ut</strong></span> <span class='ocrx_word' id='word_1_62' title='bbox 570 966 702 1023; x_wconf 90' lang='lat' dir='ltr'><strong>habitem</strong></span> <span class='ocrx_word' id='word_1_63' title='bbox 718 966 757 1023; x_wconf 91' lang='lat' dir='ltr'>ibi</span> <span class='ocrx_word' id='word_1_64' title='bbox 775 984 782 1024; x_wconf 74' lang='grc' dir='ltr'><strong>ε</strong></span> <span class='ocrx_word' id='word_1_65' title='bbox 797 967 939 1024; x_wconf 90' lang='lat' dir='ltr'><strong>curenim</strong></span> 
     </span>
     <span class='ocr_line' id='line_1_11' title="bbox 111 1054 940 1128; baseline -0.005 -13"><span class='ocrx_word' id='word_1_66' title='bbox 111 1063 211 1115; x_wconf 90' lang='lat' dir='ltr'><strong>manet</strong></span> <span class='ocrx_word' id='word_1_67' title='bbox 224 1073 327 1114; x_wconf 89' lang='lat' dir='ltr'><strong>servus</strong></span> <span class='ocrx_word' id='word_1_68' title='bbox 349 1064 419 1112; x_wconf 90' lang='lat' dir='ltr'><strong>tuus</strong></span> <span class='ocrx_word' id='word_1_69' title='bbox 434 1054 465 1110; x_wconf 94' lang='lat' dir='ltr'>in</span> <span class='ocrx_word' id='word_1_70' title='bbox 490 1054 609 1111; x_wconf 88' lang='lat' dir='ltr'><strong>civitate</strong></span> <span class='ocrx_word' id='word_1_71' title='bbox 625 1055 704 1127; x_wconf 89' lang='lat' dir='ltr'><strong>regis</strong></span> <span class='ocrx_word' id='word_1_72' title='bbox 729 1055 771 1126; x_wconf 98' lang='grc'>(6.</span> <span class='ocrx_word' id='word_1_73' title='bbox 789 1055 883 1128; x_wconf 89' lang='lat' dir='ltr'><strong>regni)</strong></span> <span class='ocrx_word' id='word_1_74' title='bbox 897 1058 940 1111; x_wconf 91' lang='lat' dir='ltr'>te·</span> 
     </span>
     <span class='ocr_line' id='line_1_12' title="bbox 112 1143 938 1218; baseline -0.007 -14"><span class='ocrx_word' id='word_1_75' title='bbox 112 1147 206 1205; x_wconf 84' lang='lat' dir='ltr'><strong>cumi</strong></span> <span class='ocrx_word' id='word_1_76' title='bbox 229 1146 317 1203; x_wconf 89' lang='lat' dir='ltr'><strong>Dedit</strong></span> <span class='ocrx_word' id='word_1_77' title='bbox 330 1144 431 1218; x_wconf 89' lang='lat' dir='ltr'><strong>itaque</strong></span> <span class='ocrx_word' id='word_1_78' title='bbox 445 1143 471 1200; x_wconf 92' lang='lat' dir='ltr'>ei</span> <span class='ocrx_word' id='word_1_79' title='bbox 497 1143 585 1201; x_wconf 76' lang='lat' dir='ltr'><strong>hobis</strong></span> <span class='ocrx_word' id='word_1_80' title='bbox 609 1144 639 1199; x_wconf 93' lang='lat' dir='ltr'>in</span> <span class='ocrx_word' id='word_1_81' title='bbox 663 1143 710 1200; x_wconf 89' lang='lat' dir='ltr'>dio</span> <span class='ocrx_word' id='word_1_82' title='bbox 734 1143 785 1200; x_wconf 89' lang='lat' dir='ltr'><strong>illa</strong></span> <span class='ocrx_word' id='word_1_83' title='bbox 803 1143 938 1214; x_wconf 87' lang='lat' dir='ltr'><strong>Siceleg:</strong></span> 
     </span>
     <span class='ocr_line' id='line_1_13' title="bbox 111 1231 939 1309; baseline -0.005 -18"><span class='ocrx_word' id='word_1_84' title='bbox 111 1241 231 1309; x_wconf 89' lang='lat' dir='ltr'><strong>propter</strong></span> <span class='ocrx_word' id='word_1_85' title='bbox 242 1250 331 1308; x_wconf 91' lang='lat' dir='ltr'><strong>quarn</strong></span> <span class='ocrx_word' id='word_1_86' title='bbox 341 1248 461 1289; x_wconf 89' lang='lat' dir='ltr'><strong>causam</strong></span> <span class='ocrx_word' id='word_1_87' title='bbox 474 1233 548 1289; x_wconf 89' lang='lat' dir='ltr'><strong>lacta</strong></span> <span class='ocrx_word' id='word_1_88' title='bbox 561 1235 605 1288; x_wconf 88' lang='lat' dir='ltr'>est</span> <span class='ocrx_word' id='word_1_89' title='bbox 614 1231 726 1305; x_wconf 90' lang='lat' dir='ltr'><strong>Siceleg</strong></span> <span class='ocrx_word' id='word_1_90' title='bbox 736 1248 838 1306; x_wconf 91' lang='lat' dir='ltr'><strong>regum</strong></span> <span class='ocrx_word' id='word_1_91' title='bbox 850 1232 939 1299; x_wconf 86' lang='lat' dir='ltr'><strong>Juda,</strong></span> 
     </span>
     <span class='ocr_line' id='line_1_14' title="bbox 112 1321 939 1396; baseline -0.008 -14"><span class='ocrx_word' id='word_1_92' title='bbox 112 1323 252 1396; x_wconf 87' lang='lat' dir='ltr'><strong>usquein</strong></span> <span class='ocrx_word' id='word_1_93' title='bbox 270 1323 349 1379; x_wconf 88' lang='lat' dir='ltr'><strong>diem</strong></span> <span class='ocrx_word' id='word_1_94' title='bbox 365 1321 450 1378; x_wconf 89' lang='lat' dir='ltr'><strong>hanc.</strong></span> <span class='ocrx_word' id='word_1_95' title='bbox 461 1321 527 1379; x_wconf 78' lang='lat' dir='ltr'><strong>Fuit</strong></span> <span class='ocrx_word' id='word_1_96' title='bbox 543 1324 642 1377; x_wconf 90' lang='lat' dir='ltr'><strong>autem</strong></span> <span class='ocrx_word' id='word_1_97' title='bbox 658 1336 799 1377; x_wconf 89' lang='lat' dir='ltr'><strong>numerus</strong></span> <span class='ocrx_word' id='word_1_98' title='bbox 814 1321 939 1388; x_wconf 89' lang='lat' dir='ltr'><strong>diorum,</strong></span> 
     </span>
     <span class='ocr_line' id='line_1_15' title="bbox 117 1408 940 1486; baseline -0.007 -16"><span class='ocrx_word' id='word_1_99' title='bbox 117 1413 226 1486; x_wconf 92' lang='lat' dir='ltr'><strong>quibus</strong></span> <span class='ocrx_word' id='word_1_100' title='bbox 242 1412 388 1469; x_wconf 89' lang='lat' dir='ltr'><strong>habitavit</strong></span> <span class='ocrx_word' id='word_1_101' title='bbox 404 1409 493 1466; x_wconf 89' lang='lat' dir='ltr'><strong>David</strong></span> <span class='ocrx_word' id='word_1_102' title='bbox 509 1410 539 1465; x_wconf 94' lang='lat' dir='ltr'>in</span> <span class='ocrx_word' id='word_1_103' title='bbox 555 1410 673 1482; x_wconf 81' lang='lat' dir='ltr'>regione</span> <span class='ocrx_word' id='word_1_104' title='bbox 685 1408 940 1480; x_wconf 87' lang='lat' dir='ltr'><strong>Philisthinorum,</strong></span> 
     </span>
    </p>
   </div>
   <div class='ocr_carea' id='block_1_8' title="bbox 992 519 1823 1482">
    <p class='ocr_par' dir='ltr' id='par_1_8' title="bbox 992 519 1823 1482">
     <span class='ocr_line' id='line_1_16' title="bbox 992 519 1819 600; baseline 0.004 -24"><span class='ocrx_word' id='word_1_105' title='bbox 992 519 1122 592; x_wconf 86' lang='lat' dir='ltr'><strong>Gelbuo).</strong></span> <span class='ocrx_word' id='word_1_106' title='bbox 1138 520 1174 576; x_wconf 81' lang='lat' dir='ltr'>ut</span> <span class='ocrx_word' id='word_1_107' title='bbox 1188 520 1261 577; x_wconf 88' lang='lat' dir='ltr'><strong>vidit</strong></span> <span class='ocrx_word' id='word_1_108' title='bbox 1275 519 1345 577; x_wconf 89' lang='lat' dir='ltr'><strong>Saul</strong></span> <span class='ocrx_word' id='word_1_109' title='bbox 1360 523 1458 576; x_wconf 88' lang='lat' dir='ltr'><strong>castra</strong></span> <span class='ocrx_word' id='word_1_110' title='bbox 1472 520 1651 600; x_wconf 73' lang='lat' dir='ltr'><strong>philisthim,</strong></span> <span class='ocrx_word' id='word_1_111' title='bbox 1664 528 1694 579; x_wconf 90' lang='lat' dir='ltr'>et</span> <span class='ocrx_word' id='word_1_112' title='bbox 1708 523 1819 581; x_wconf 78' lang='lat' dir='ltr'><strong>timuit,</strong></span> 
     </span>
     <span class='ocr_line' id='line_1_17' title="bbox 995 608 1819 683; baseline 0.006 -19"><span class='ocrx_word' id='word_1_113' title='bbox 995 614 1025 664; x_wconf 90' lang='grc'>61</span> <span class='ocrx_word' id='word_1_114' title='bbox 1039 608 1156 680; x_wconf 88' lang='lat' dir='ltr'><strong>expavit</strong></span> <span class='ocrx_word' id='word_1_115' title='bbox 1171 624 1220 663; x_wconf 89' lang='lat' dir='ltr'>cor</span> <span class='ocrx_word' id='word_1_116' title='bbox 1234 609 1299 680; x_wconf 88' lang='lat' dir='ltr'><strong>ejus</strong></span> <span class='ocrx_word' id='word_1_117' title='bbox 1315 608 1634 683; x_wconf 78' lang='lat' dir='ltr'><strong>nimiatlonsaluitqus</strong></span> <span class='ocrx_word' id='word_1_118' title='bbox 1648 612 1819 680; x_wconf 90' lang='lat' dir='ltr'><strong>Dominum,</strong></span> 
     </span>
     <span class='ocr_line' id='line_1_18' title="bbox 993 697 1821 775; baseline 0.006 -21"><span class='ocrx_word' id='word_1_119' title='bbox 993 701 1021 754; x_wconf 91' lang='lat' dir='ltr'>et</span> <span class='ocrx_word' id='word_1_120' title='bbox 1036 714 1094 753; x_wconf 95' lang='lat' dir='ltr'>non</span> <span class='ocrx_word' id='word_1_121' title='bbox 1110 698 1263 770; x_wconf 81' lang='lat' dir='ltr'><strong>respondit</strong></span> <span class='ocrx_word' id='word_1_122' title='bbox 1276 697 1302 754; x_wconf 92' lang='lat' dir='ltr'>ei</span> <span class='ocrx_word' id='word_1_123' title='bbox 1319 713 1412 767; x_wconf 83' lang='lat' dir='ltr'><strong>neque</strong></span> <span class='ocrx_word' id='word_1_124' title='bbox 1425 715 1479 771; x_wconf 90' lang='lat' dir='ltr'>per</span> <span class='ocrx_word' id='word_1_125' title='bbox 1503 699 1628 769; x_wconf 88' lang='lat' dir='ltr'><strong>somnia,</strong></span> <span class='ocrx_word' id='word_1_126' title='bbox 1648 717 1747 774; x_wconf 88' lang='grc'>66666</span> <span class='ocrx_word' id='word_1_127' title='bbox 1770 718 1821 775; x_wconf 88' lang='lat' dir='ltr'>per</span> 
     </span>
     <span class='ocr_line' id='line_1_19' title="bbox 994 785 1819 863; baseline 0.007 -21"><span class='ocrx_word' id='word_1_128' title='bbox 994 787 1160 842; x_wconf 78' lang='lat' dir='ltr'><strong>sacerdotes</strong></span> <span class='ocrx_word' id='word_1_129' title='bbox 1170 785 1267 859; x_wconf 90' lang='grc'>(6.666</span> <span class='ocrx_word' id='word_1_130' title='bbox 1277 786 1465 859; x_wconf 81' lang='lat' dir='ltr'><strong>doctrinam),</strong></span> <span class='ocrx_word' id='word_1_131' title='bbox 1481 804 1576 862; x_wconf 89' lang='lat' dir='ltr'><strong>neque</strong></span> <span class='ocrx_word' id='word_1_132' title='bbox 1586 805 1638 860; x_wconf 89' lang='lat' dir='ltr'>per</span> <span class='ocrx_word' id='word_1_133' title='bbox 1648 790 1819 863; x_wconf 82' lang='lat' dir='ltr'><strong>propbetas.</strong></span> 
     </span>
     <span class='ocr_line' id='line_1_20' title="bbox 993 874 1821 948; baseline 0.006 -17"><span class='ocrx_word' id='word_1_134' title='bbox 993 875 1037 947; x_wconf 83' lang='grc'>(1.</span> <span class='ocrx_word' id='word_1_135' title='bbox 1054 874 1219 947; x_wconf 81' lang='lat' dir='ltr'><strong>txxvnt).</strong></span> <span class='ocrx_word' id='word_1_136' title='bbox 1235 875 1372 948; x_wconf 84' lang='lat' dir='ltr'><strong>Dixitque</strong></span> <span class='ocrx_word' id='word_1_137' title='bbox 1384 877 1452 933; x_wconf 89' lang='grc'>8661</span> <span class='ocrx_word' id='word_1_138' title='bbox 1475 877 1568 934; x_wconf 88' lang='lat' dir='ltr'><strong>servis</strong></span> <span class='ocrx_word' id='word_1_139' title='bbox 1591 879 1654 934; x_wconf 92' lang='lat' dir='ltr'><strong>suis</strong></span> <span class='ocrx_word' id='word_1_140' title='bbox 1671 896 1679 934; x_wconf 92' lang='lat'><strong>:</strong></span> <span class='ocrx_word' id='word_1_141' title='bbox 1695 881 1821 946; x_wconf 82' lang='grc'>0666116</span> 
     </span>
     <span class='ocr_line' id='line_1_21' title="bbox 994 963 1819 1039; baseline 0.008 -20"><span class='ocrx_word' id='word_1_142' title='bbox 994 963 1069 1019; x_wconf 92' lang='lat' dir='ltr'><strong>mihi</strong></span> <span class='ocrx_word' id='word_1_143' title='bbox 1097 965 1251 1021; x_wconf 86' lang='lat' dir='ltr'><strong>mulierem</strong></span> <span class='ocrx_word' id='word_1_144' title='bbox 1276 965 1431 1022; x_wconf 77' lang='lat' dir='ltr'><strong>habentem</strong></span> <span class='ocrx_word' id='word_1_145' title='bbox 1448 967 1768 1039; x_wconf 74' lang='lat' dir='ltr'><strong>pythonemetvadsm</strong></span> <span class='ocrx_word' id='word_1_146' title='bbox 1784 970 1819 1026; x_wconf 87' lang='grc'>66</span> 
     </span>
     <span class='ocr_line' id='line_1_22' title="bbox 994 1053 1819 1127; baseline 0.007 -18"><span class='ocrx_word' id='word_1_147' title='bbox 994 1068 1070 1122; x_wconf 89' lang='lat' dir='ltr'><strong>eam,</strong></span> <span class='ocrx_word' id='word_1_148' title='bbox 1086 1057 1115 1110; x_wconf 92' lang='lat' dir='ltr'>et</span> <span class='ocrx_word' id='word_1_149' title='bbox 1140 1053 1311 1111; x_wconf 87' lang='lat' dir='ltr'><strong>sciscitabor</strong></span> <span class='ocrx_word' id='word_1_150' title='bbox 1334 1071 1385 1127; x_wconf 93' lang='lat' dir='ltr'>per</span> <span class='ocrx_word' id='word_1_151' title='bbox 1409 1055 1502 1112; x_wconf 86' lang='lat' dir='ltr'><strong>illam.</strong></span> <span class='ocrx_word' id='word_1_152' title='bbox 1519 1056 1554 1111; x_wconf 86' lang='lat' dir='ltr'>Dt</span> <span class='ocrx_word' id='word_1_153' title='bbox 1580 1057 1720 1114; x_wconf 88' lang='lat' dir='ltr'><strong>dixerunt</strong></span> <span class='ocrx_word' id='word_1_154' title='bbox 1744 1059 1819 1116; x_wconf 88' lang='lat' dir='ltr'><strong>servi</strong></span> 
     </span>
     <span class='ocr_line' id='line_1_23' title="bbox 995 1142 1819 1219; baseline 0.007 -21"><span class='ocrx_word' id='word_1_155' title='bbox 995 1143 1060 1214; x_wconf 90' lang='lat' dir='ltr'><strong>ejus</strong></span> <span class='ocrx_word' id='word_1_156' title='bbox 1084 1142 1120 1199; x_wconf 85' lang='lat' dir='ltr'><strong>ad</strong></span> <span class='ocrx_word' id='word_1_157' title='bbox 1146 1158 1237 1199; x_wconf 90' lang='lat' dir='ltr'><strong>eum:</strong></span> <span class='ocrx_word' id='word_1_158' title='bbox 1263 1143 1315 1200; x_wconf 84' lang='lat' dir='ltr'><strong>list</strong></span> <span class='ocrx_word' id='word_1_159' title='bbox 1340 1143 1446 1200; x_wconf 91' lang='lat' dir='ltr'><strong>mulier</strong></span> <span class='ocrx_word' id='word_1_160' title='bbox 1468 1143 1581 1201; x_wconf 89' lang='grc'>666666</span> <span class='ocrx_word' id='word_1_161' title='bbox 1604 1146 1765 1219; x_wconf 81' lang='lat' dir='ltr'><strong>pythonem</strong></span> <span class='ocrx_word' id='word_1_162' title='bbox 1789 1148 1819 1204; x_wconf 93' lang='lat' dir='ltr'>in</span> 
     </span>
     <span class='ocr_line' id='line_1_24' title="bbox 995 1230 1821 1308; baseline 0.008 -22"><span class='ocrx_word' id='word_1_163' title='bbox 995 1230 1118 1288; x_wconf 82' lang='lat' dir='ltr'><strong>liu-Dor.</strong></span> <span class='ocrx_word' id='word_1_164' title='bbox 1134 1231 1254 1288; x_wconf 76' lang='lat' dir='ltr'><strong>Mutavit</strong></span> <span class='ocrx_word' id='word_1_165' title='bbox 1268 1249 1335 1303; x_wconf 89' lang='lat' dir='ltr'><strong>ergo</strong></span> <span class='ocrx_word' id='word_1_166' title='bbox 1359 1232 1491 1289; x_wconf 89' lang='lat' dir='ltr'><strong>habiturn</strong></span> <span class='ocrx_word' id='word_1_167' title='bbox 1508 1250 1596 1289; x_wconf 88' lang='lat' dir='ltr'><strong>suum</strong></span> <span class='ocrx_word' id='word_1_168' title='bbox 1614 1235 1821 1308; x_wconf 89' lang='lat' dir='ltr'><strong>:vestitusque</strong></span> 
     </span>
     <span class='ocr_line' id='line_1_25' title="bbox 995 1319 1820 1395; baseline 0.008 -20"><span class='ocrx_word' id='word_1_169' title='bbox 995 1323 1041 1376; x_wconf 87' lang='lat' dir='ltr'>est</span> <span class='ocrx_word' id='word_1_170' title='bbox 1055 1319 1122 1376; x_wconf 89' lang='lat' dir='ltr'><strong>aliis</strong></span> <span class='ocrx_word' id='word_1_171' title='bbox 1136 1321 1331 1393; x_wconf 89' lang='lat' dir='ltr'><strong>vestimentis,</strong></span> <span class='ocrx_word' id='word_1_172' title='bbox 1346 1325 1375 1377; x_wconf 91' lang='lat' dir='ltr'>et</span> <span class='ocrx_word' id='word_1_173' title='bbox 1389 1322 1462 1379; x_wconf 90' lang='lat' dir='ltr'><strong>abiit</strong></span> <span class='ocrx_word' id='word_1_174' title='bbox 1477 1324 1549 1395; x_wconf 86' lang='lat' dir='ltr'><strong>ipse,</strong></span> <span class='ocrx_word' id='word_1_175' title='bbox 1565 1326 1594 1379; x_wconf 88' lang='lat' dir='ltr'>at</span> <span class='ocrx_word' id='word_1_176' title='bbox 1609 1324 1668 1380; x_wconf 92' lang='lat' dir='ltr'><strong>duo</strong></span> <span class='ocrx_word' id='word_1_177' title='bbox 1683 1325 1738 1380; x_wconf 94' lang='lat' dir='ltr'><strong>viri</strong></span> <span class='ocrx_word' id='word_1_178' title='bbox 1753 1342 1820 1382; x_wconf 91' lang='lat' dir='ltr'>cum</span> 
     </span>
     <span class='ocr_line' id='line_1_26' title="bbox 995 1410 1823 1482; baseline 0.01 -18"><span class='ocrx_word' id='word_1_179' title='bbox 995 1422 1039 1479; x_wconf 88' lang='grc'>66,</span> <span class='ocrx_word' id='word_1_180' title='bbox 1056 1415 1257 1482; x_wconf 88' lang='lat' dir='ltr'><strong>veneruntque</strong></span> <span class='ocrx_word' id='word_1_181' title='bbox 1273 1410 1309 1466; x_wconf 93' lang='lat' dir='ltr'><strong>ad</strong></span> <span class='ocrx_word' id='word_1_182' title='bbox 1326 1411 1475 1468; x_wconf 86' lang='lat' dir='ltr'><strong>mulierem</strong></span> <span class='ocrx_word' id='word_1_183' title='bbox 1493 1417 1585 1481; x_wconf 88' lang='lat' dir='ltr'><strong>nocto,</strong></span> <span class='ocrx_word' id='word_1_184' title='bbox 1593 1418 1622 1468; x_wconf 92' lang='lat' dir='ltr'>et</span> <span class='ocrx_word' id='word_1_185' title='bbox 1636 1413 1677 1469; x_wconf 88' lang='lat' dir='ltr'>ait</span> <span class='ocrx_word' id='word_1_186' title='bbox 1692 1431 1699 1470; x_wconf 91' lang='lat'>:</span> <span class='ocrx_word' id='word_1_187' title='bbox 1718 1415 1823 1472; x_wconf 82' lang='lat' dir='ltr'><strong>Divina</strong></span> 
     </span>
    </p>
   </div>
   <div class='ocr_carea' id='block_1_9' title="bbox 113 1497 1824 2729">
    <p class='ocr_par' dir='ltr' id='par_1_9' title="bbox 113 1497 1824 2729">
     <span class='ocr_line' id='line_1_27' title="bbox 113 1497 1820 1576; baseline 0.001 -16"><span class='ocrx_word' id='word_1_188' title='bbox 113 1506 241 1576; x_wconf 91' lang='lat' dir='ltr'><strong>quatuor</strong></span> <span class='ocrx_word' id='word_1_189' title='bbox 256 1500 403 1558; x_wconf 89' lang='lat' dir='ltr'><strong>mensium</strong></span> <span class='ocrx_word' id='word_1_190' title='bbox 417 1499 429 1535; x_wconf 85' lang='lat'><strong>¹</strong></span> <span class='ocrx_word' id='word_1_191' title='bbox 444 1498 485 1572; x_wconf 91' lang='grc'>(6.</span> <span class='ocrx_word' id='word_1_192' title='bbox 503 1502 642 1571; x_wconf 88' lang='grc'>6661666,</span> <span class='ocrx_word' id='word_1_193' title='bbox 665 1514 782 1555; x_wconf 88' lang='lat' dir='ltr'><strong>menses</strong></span> <span class='ocrx_word' id='word_1_194' title='bbox 806 1503 836 1555; x_wconf 92' lang='lat' dir='ltr'>at</span> <span class='ocrx_word' id='word_1_195' title='bbox 855 1498 940 1568; x_wconf 86' lang='grc'>6166).</span> <span class='ocrx_word' id='word_1_196' title='bbox 996 1497 1069 1553; x_wconf 92' lang='lat' dir='ltr'><strong>mihi</strong></span> <span class='ocrx_word' id='word_1_197' title='bbox 1084 1499 1114 1553; x_wconf 92' lang='lat' dir='ltr'>in</span> <span class='ocrx_word' id='word_1_198' title='bbox 1130 1497 1304 1571; x_wconf 79' lang='lat' dir='ltr'><strong>pythone,ct</strong></span> <span class='ocrx_word' id='word_1_199' title='bbox 1319 1501 1430 1556; x_wconf 88' lang='lat' dir='ltr'><strong>suscita</strong></span> <span class='ocrx_word' id='word_1_200' title='bbox 1445 1500 1518 1556; x_wconf 91' lang='lat' dir='ltr'><strong>mibi</strong></span> <span class='ocrx_word' id='word_1_201' title='bbox 1534 1517 1620 1573; x_wconf 88' lang='lat' dir='ltr'><strong>quem</strong></span> <span class='ocrx_word' id='word_1_202' title='bbox 1636 1503 1738 1559; x_wconf 89' lang='lat' dir='ltr'><strong>dixero</strong></span> <span class='ocrx_word' id='word_1_203' title='bbox 1756 1503 1820 1561; x_wconf 88' lang='grc'>1161.</span> 
     </span>
     <span class='ocr_line' id='line_1_28' title="bbox 115 1585 1822 1663; baseline 0.002 -16"><span class='ocrx_word' id='word_1_204' title='bbox 115 1589 298 1648; x_wconf 80' lang='grc'>6166666611</span> <span class='ocrx_word' id='word_1_205' title='bbox 314 1588 413 1656; x_wconf 87' lang='lat' dir='ltr'><strong>David,</strong></span> <span class='ocrx_word' id='word_1_206' title='bbox 429 1594 459 1645; x_wconf 91' lang='lat' dir='ltr'>et</span> <span class='ocrx_word' id='word_1_207' title='bbox 472 1588 527 1644; x_wconf 89' lang='lat' dir='ltr'><strong>viri</strong></span> <span class='ocrx_word' id='word_1_208' title='bbox 543 1588 618 1660; x_wconf 89' lang='lat' dir='ltr'><strong>ejus,</strong></span> <span class='ocrx_word' id='word_1_209' title='bbox 634 1592 664 1644; x_wconf 91' lang='grc'>61</span> <span class='ocrx_word' id='word_1_210' title='bbox 676 1588 804 1660; x_wconf 89' lang='lat' dir='ltr'><strong>agebant</strong></span> <span class='ocrx_word' id='word_1_211' title='bbox 827 1587 941 1660; x_wconf 79' lang='lat' dir='ltr'><strong>predas</strong></span> <span class='ocrx_word' id='word_1_212' title='bbox 995 1585 1084 1643; x_wconf 78' lang='grc'>61611</span> <span class='ocrx_word' id='word_1_213' title='bbox 1099 1587 1205 1643; x_wconf 91' lang='lat' dir='ltr'><strong>mulier</strong></span> <span class='ocrx_word' id='word_1_214' title='bbox 1220 1589 1255 1643; x_wconf 87' lang='lat' dir='ltr'><strong>ad</strong></span> <span class='ocrx_word' id='word_1_215' title='bbox 1272 1605 1340 1645; x_wconf 89' lang='lat' dir='ltr'>eum</span> <span class='ocrx_word' id='word_1_216' title='bbox 1357 1606 1364 1644; x_wconf 91' lang='lat'>:</span> <span class='ocrx_word' id='word_1_217' title='bbox 1383 1589 1466 1656; x_wconf 84' lang='grc'>11666,</span> <span class='ocrx_word' id='word_1_218' title='bbox 1481 1594 1514 1645; x_wconf 88' lang='grc'>16</span> <span class='ocrx_word' id='word_1_219' title='bbox 1540 1592 1616 1647; x_wconf 90' lang='grc'>66611</span> <span class='ocrx_word' id='word_1_220' title='bbox 1642 1598 1756 1663; x_wconf 87' lang='grc'>666616</span> <span class='ocrx_word' id='word_1_221' title='bbox 1780 1593 1822 1652; x_wconf 86' lang='lat' dir='ltr'><strong>lo·</strong></span> 
     </span>
     <span class='ocr_line' id='line_1_29' title="bbox 114 1674 1820 1755; baseline 0.001 -17"><span class='ocrx_word' id='word_1_222' title='bbox 114 1680 281 1753; x_wconf 87' lang='grc'>(16666661,</span> <span class='ocrx_word' id='word_1_223' title='bbox 298 1682 327 1735; x_wconf 90' lang='grc'>61</span> <span class='ocrx_word' id='word_1_224' title='bbox 341 1678 378 1734; x_wconf 89' lang='grc'>66</span> <span class='ocrx_word' id='word_1_225' title='bbox 392 1677 474 1734; x_wconf 84' lang='grc'>66661</span> <span class='ocrx_word' id='word_1_226' title='bbox 491 1674 511 1747; x_wconf 76' lang='lat'>³,</span> <span class='ocrx_word' id='word_1_227' title='bbox 527 1676 846 1734; x_wconf 70' lang='grc'>61666661661116161</span> <span class='ocrx_word' id='word_1_228' title='bbox 861 1676 940 1732; x_wconf 90' lang='lat' dir='ltr'><strong>enim</strong></span> <span class='ocrx_word' id='word_1_229' title='bbox 995 1675 1067 1732; x_wconf 87' lang='grc'>66611</span> <span class='ocrx_word' id='word_1_230' title='bbox 1081 1676 1143 1747; x_wconf 80' lang='lat' dir='ltr'><strong>(mr.</strong></span> <span class='ocrx_word' id='word_1_231' title='bbox 1160 1676 1239 1748; x_wconf 85' lang='lat' dir='ltr'><strong>lecit)</strong></span> <span class='ocrx_word' id='word_1_232' title='bbox 1263 1677 1343 1744; x_wconf 85' lang='lat' dir='ltr'><strong>Saul,</strong></span> <span class='ocrx_word' id='word_1_233' title='bbox 1359 1682 1388 1734; x_wconf 90' lang='lat' dir='ltr'>et</span> <span class='ocrx_word' id='word_1_234' title='bbox 1404 1679 1550 1749; x_wconf 92' lang='lat' dir='ltr'><strong>quomodo</strong></span> <span class='ocrx_word' id='word_1_235' title='bbox 1573 1680 1697 1736; x_wconf 88' lang='lat' dir='ltr'><strong>eraserit</strong></span> <span class='ocrx_word' id='word_1_236' title='bbox 1719 1697 1820 1755; x_wconf 87' lang='lat' dir='ltr'><strong>magos</strong></span> 
     </span>
     <span class='ocr_line' id='line_1_30' title="bbox 114 1763 1819 1874; baseline 0.001 -47"><span class='ocrx_word' id='word_1_237' title='bbox 114 1770 181 1844; x_wconf 89' lang='lat' dir='ltr'><strong>pagi</strong></span> <span class='ocrx_word' id='word_1_238' title='bbox 207 1769 417 1826; x_wconf 85' lang='lat' dir='ltr'><strong>habitabantur</strong></span> <span class='ocrx_word' id='word_1_239' title='bbox 444 1767 474 1823; x_wconf 93' lang='lat' dir='ltr'>in</span> <span class='ocrx_word' id='word_1_240' title='bbox 503 1771 579 1822; x_wconf 85' lang='lat' dir='ltr'><strong>terra</strong></span> <span class='ocrx_word' id='word_1_241' title='bbox 608 1765 785 1839; x_wconf 88' lang='grc'>6611661166,</span> <span class='ocrx_word' id='word_1_242' title='bbox 801 1764 941 1823; x_wconf 88' lang='grc'>66611666</span> <span class='ocrx_word' id='word_1_243' title='bbox 957 1809 980 1874; x_wconf 77' lang='grc' dir='ltr'><strong>Β</strong></span> <span class='ocrx_word' id='word_1_244' title='bbox 994 1769 1023 1821; x_wconf 90' lang='grc'>61</span> <span class='ocrx_word' id='word_1_245' title='bbox 1037 1763 1167 1820; x_wconf 86' lang='grc'>66616166</span> <span class='ocrx_word' id='word_1_246' title='bbox 1182 1765 1218 1821; x_wconf 91' lang='grc'>66</span> <span class='ocrx_word' id='word_1_247' title='bbox 1233 1771 1311 1822; x_wconf 86' lang='grc'>16666</span> <span class='ocrx_word' id='word_1_248' title='bbox 1327 1784 1333 1822; x_wconf 90' lang='lat'><strong>:</strong></span> <span class='ocrx_word' id='word_1_249' title='bbox 1350 1782 1443 1838; x_wconf 90' lang='lat' dir='ltr'><strong>quare</strong></span> <span class='ocrx_word' id='word_1_250' title='bbox 1456 1782 1525 1840; x_wconf 90' lang='lat' dir='ltr'><strong>ergo</strong></span> <span class='ocrx_word' id='word_1_251' title='bbox 1540 1767 1690 1826; x_wconf 87' lang='lat' dir='ltr'><strong>insidiaris</strong></span> <span class='ocrx_word' id='word_1_252' title='bbox 1714 1772 1819 1829; x_wconf 85' lang='lat' dir='ltr'><strong>enims</strong></span> 
     </span>
     <span class='ocr_line' id='line_1_31' title="bbox 114 1853 1818 1930; baseline 0.001 -14"><span class='ocrx_word' id='word_1_253' title='bbox 114 1859 279 1930; x_wconf 86' lang='grc'>86666666</span> <span class='ocrx_word' id='word_1_254' title='bbox 293 1858 329 1913; x_wconf 91' lang='grc'>66</span> <span class='ocrx_word' id='word_1_255' title='bbox 345 1861 455 1913; x_wconf 88' lang='lat' dir='ltr'><strong>terram</strong></span> <span class='ocrx_word' id='word_1_256' title='bbox 471 1855 639 1928; x_wconf 79' lang='lat' dir='ltr'><strong>AEgypti.Et</strong></span> <span class='ocrx_word' id='word_1_257' title='bbox 653 1853 836 1927; x_wconf 76' lang='lat' dir='ltr'><strong>percutiebat</strong></span> <span class='ocrx_word' id='word_1_258' title='bbox 850 1853 941 1910; x_wconf 87' lang='lat' dir='ltr'><strong>David</strong></span> <span class='ocrx_word' id='word_1_259' title='bbox 998 1867 1079 1920; x_wconf 78' lang='lat' dir='ltr'><strong>mere,</strong></span> <span class='ocrx_word' id='word_1_260' title='bbox 1097 1857 1129 1908; x_wconf 89' lang='lat' dir='ltr'>ut</span> <span class='ocrx_word' id='word_1_261' title='bbox 1143 1853 1281 1910; x_wconf 81' lang='lat' dir='ltr'><strong>occidar?</strong></span> <span class='ocrx_word' id='word_1_262' title='bbox 1301 1855 1458 1926; x_wconf 73' lang='grc'>6166666</span> <span class='ocrx_word' id='word_1_263' title='bbox 1482 1855 1509 1911; x_wconf 91' lang='grc'>61</span> <span class='ocrx_word' id='word_1_264' title='bbox 1533 1855 1601 1912; x_wconf 88' lang='grc'>8661</span> <span class='ocrx_word' id='word_1_265' title='bbox 1626 1857 1655 1913; x_wconf 93' lang='grc'>16</span> <span class='ocrx_word' id='word_1_266' title='bbox 1679 1860 1818 1929; x_wconf 90' lang='lat' dir='ltr'><strong>Domino,</strong></span> 
     </span>
     <span class='ocr_line' id='line_1_32' title="bbox 114 1940 1819 2022; baseline 0.001 -18"><span class='ocrx_word' id='word_1_267' title='bbox 114 1963 231 2004; x_wconf 89' lang='lat' dir='ltr'><strong>omnem</strong></span> <span class='ocrx_word' id='word_1_268' title='bbox 246 1947 289 2019; x_wconf 92' lang='grc'>(6.</span> <span class='ocrx_word' id='word_1_269' title='bbox 306 1962 364 2002; x_wconf 88' lang='grc'>666</span> <span class='ocrx_word' id='word_1_270' title='bbox 381 1945 471 2002; x_wconf 89' lang='grc'>66661</span> <span class='ocrx_word' id='word_1_271' title='bbox 486 1944 616 2015; x_wconf 88' lang='lat' dir='ltr'><strong>omnem)</strong></span> <span class='ocrx_word' id='word_1_272' title='bbox 631 1949 753 2012; x_wconf 89' lang='lat' dir='ltr'><strong>terram,</strong></span> <span class='ocrx_word' id='word_1_273' title='bbox 777 1959 829 1999; x_wconf 93' lang='lat' dir='ltr'>nec</span> <span class='ocrx_word' id='word_1_274' title='bbox 854 1941 943 1998; x_wconf 93' lang='lat' dir='ltr'><strong>relin-</strong></span> <span class='ocrx_word' id='word_1_275' title='bbox 996 1940 1098 1998; x_wconf 90' lang='lat' dir='ltr'><strong>dicens</strong></span> <span class='ocrx_word' id='word_1_276' title='bbox 1115 1959 1121 1997; x_wconf 78' lang='grc' dir='ltr'><em>ι</em></span> <span class='ocrx_word' id='word_1_277' title='bbox 1137 1941 1215 1998; x_wconf 91' lang='lat' dir='ltr'><strong>Vivit</strong></span> <span class='ocrx_word' id='word_1_278' title='bbox 1231 1945 1379 2012; x_wconf 86' lang='lat' dir='ltr'><strong>Dominus,</strong></span> <span class='ocrx_word' id='word_1_279' title='bbox 1398 1946 1537 2017; x_wconf 87' lang='lat' dir='ltr'><strong>quianon</strong></span> <span class='ocrx_word' id='word_1_280' title='bbox 1554 1947 1649 2003; x_wconf 89' lang='lat' dir='ltr'><strong>veniet</strong></span> <span class='ocrx_word' id='word_1_281' title='bbox 1663 1948 1718 2004; x_wconf 93' lang='lat' dir='ltr'><strong>tibi</strong></span> <span class='ocrx_word' id='word_1_282' title='bbox 1734 1950 1819 2022; x_wconf 88' lang='lat' dir='ltr'><strong>qnid·</strong></span> 
     </span>
     <span class='ocr_line' id='line_1_33' title="bbox 114 2029 1819 2109; baseline 0.002 -18"><span class='ocrx_word' id='word_1_283' title='bbox 114 2037 222 2109; x_wconf 87' lang='lat' dir='ltr'><strong>quebat</strong></span> <span class='ocrx_word' id='word_1_284' title='bbox 237 2036 381 2091; x_wconf 88' lang='lat' dir='ltr'><strong>viventem</strong></span> <span class='ocrx_word' id='word_1_285' title='bbox 408 2032 503 2089; x_wconf 91' lang='lat' dir='ltr'><strong>virum</strong></span> <span class='ocrx_word' id='word_1_286' title='bbox 529 2037 557 2088; x_wconf 91' lang='grc'>61</span> <span class='ocrx_word' id='word_1_287' title='bbox 583 2032 737 2089; x_wconf 89' lang='lat' dir='ltr'><strong>mulierem</strong></span> <span class='ocrx_word' id='word_1_288' title='bbox 754 2048 761 2088; x_wconf 91' lang='lat'><strong>:</strong></span> <span class='ocrx_word' id='word_1_289' title='bbox 777 2032 943 2103; x_wconf 86' lang='lat' dir='ltr'><strong>tollensque</strong></span> <span class='ocrx_word' id='word_1_290' title='bbox 997 2044 1085 2101; x_wconf 86' lang='lat' dir='ltr'><strong>quam</strong></span> <span class='ocrx_word' id='word_1_291' title='bbox 1102 2029 1170 2086; x_wconf 89' lang='lat' dir='ltr'><strong>mali</strong></span> <span class='ocrx_word' id='word_1_292' title='bbox 1188 2038 1305 2105; x_wconf 90' lang='lat' dir='ltr'><strong>propter</strong></span> <span class='ocrx_word' id='word_1_293' title='bbox 1319 2031 1395 2090; x_wconf 92' lang='lat' dir='ltr'><strong>banc</strong></span> <span class='ocrx_word' id='word_1_294' title='bbox 1409 2050 1480 2090; x_wconf 88' lang='lat' dir='ltr'><strong>rem.</strong></span> <span class='ocrx_word' id='word_1_295' title='bbox 1498 2034 1631 2106; x_wconf 84' lang='lat' dir='ltr'><strong>Dixitque</strong></span> <span class='ocrx_word' id='word_1_296' title='bbox 1645 2035 1672 2092; x_wconf 92' lang='lat' dir='ltr'>ei</span> <span class='ocrx_word' id='word_1_297' title='bbox 1688 2037 1819 2095; x_wconf 86' lang='lat' dir='ltr'><strong>mulier:</strong></span> 
     </span>
     <span class='ocr_line' id='line_1_34' title="bbox 114 2119 1821 2193; baseline 0.002 -12"><span class='ocrx_word' id='word_1_298' title='bbox 114 2140 192 2190; x_wconf 90' lang='lat' dir='ltr'><strong>oves,</strong></span> <span class='ocrx_word' id='word_1_299' title='bbox 208 2130 237 2180; x_wconf 89' lang='lat' dir='ltr'>et</span> <span class='ocrx_word' id='word_1_300' title='bbox 251 2124 350 2189; x_wconf 88' lang='lat' dir='ltr'><strong>boves,</strong></span> <span class='ocrx_word' id='word_1_301' title='bbox 374 2127 403 2178; x_wconf 90' lang='lat' dir='ltr'>at</span> <span class='ocrx_word' id='word_1_302' title='bbox 427 2121 540 2187; x_wconf 88' lang='lat' dir='ltr'><strong>asinos,</strong></span> <span class='ocrx_word' id='word_1_303' title='bbox 564 2125 593 2177; x_wconf 93' lang='lat' dir='ltr'>et</span> <span class='ocrx_word' id='word_1_304' title='bbox 619 2121 759 2193; x_wconf 87' lang='lat' dir='ltr'><strong>camelos,</strong></span> <span class='ocrx_word' id='word_1_305' title='bbox 783 2127 812 2177; x_wconf 94' lang='lat' dir='ltr'>et</span> <span class='ocrx_word' id='word_1_306' title='bbox 835 2125 941 2181; x_wconf 81' lang='lat' dir='ltr'><strong>vestas.</strong></span> <span class='ocrx_word' id='word_1_307' title='bbox 997 2119 1088 2184; x_wconf 82' lang='grc'>06616</span> <span class='ocrx_word' id='word_1_308' title='bbox 1104 2120 1253 2177; x_wconf 85' lang='lat' dir='ltr'><strong>suscitabo</strong></span> <span class='ocrx_word' id='word_1_309' title='bbox 1267 2120 1344 2177; x_wconf 79' lang='lat' dir='ltr'><strong>tibi?</strong></span> <span class='ocrx_word' id='word_1_310' title='bbox 1358 2122 1411 2187; x_wconf 91' lang='grc'>061</span> <span class='ocrx_word' id='word_1_311' title='bbox 1429 2123 1490 2179; x_wconf 84' lang='grc'>611;</span> <span class='ocrx_word' id='word_1_312' title='bbox 1515 2124 1679 2181; x_wconf 84' lang='lat' dir='ltr'><strong>Samuelem</strong></span> <span class='ocrx_word' id='word_1_313' title='bbox 1709 2128 1821 2184; x_wconf 86' lang='lat' dir='ltr'><strong>suscita</strong></span> 
     </span>
     <span class='ocr_line' id='line_1_35' title="bbox 115 2206 1823 2284; baseline 0.002 -14"><span class='ocrx_word' id='word_1_314' title='bbox 115 2211 325 2279; x_wconf 82' lang='lat' dir='ltr'><strong>revertebatur,</strong></span> <span class='ocrx_word' id='word_1_315' title='bbox 342 2216 371 2268; x_wconf 92' lang='lat' dir='ltr'>et</span> <span class='ocrx_word' id='word_1_316' title='bbox 386 2210 522 2267; x_wconf 89' lang='lat' dir='ltr'><strong>veniebat</strong></span> <span class='ocrx_word' id='word_1_317' title='bbox 536 2211 571 2265; x_wconf 88' lang='lat' dir='ltr'><strong>ad</strong></span> <span class='ocrx_word' id='word_1_318' title='bbox 587 2209 687 2266; x_wconf 84' lang='lat' dir='ltr'><strong>Achis.</strong></span> <span class='ocrx_word' id='word_1_319' title='bbox 704 2209 825 2267; x_wconf 87' lang='lat' dir='ltr'><strong>Dicebat</strong></span> <span class='ocrx_word' id='word_1_320' title='bbox 843 2215 941 2266; x_wconf 84' lang='lat' dir='ltr'><strong>autern</strong></span> <span class='ocrx_word' id='word_1_321' title='bbox 998 2206 1081 2262; x_wconf 90' lang='lat' dir='ltr'><strong>mihi.</strong></span> <span class='ocrx_word' id='word_1_322' title='bbox 1098 2208 1171 2265; x_wconf 89' lang='lat' dir='ltr'>Gom</span> <span class='ocrx_word' id='word_1_323' title='bbox 1188 2215 1285 2265; x_wconf 89' lang='lat' dir='ltr'><strong>autern</strong></span> <span class='ocrx_word' id='word_1_324' title='bbox 1301 2209 1423 2267; x_wconf 89' lang='lat' dir='ltr'><strong>vidisset</strong></span> <span class='ocrx_word' id='word_1_325' title='bbox 1447 2210 1554 2267; x_wconf 92' lang='lat' dir='ltr'><strong>mulier</strong></span> <span class='ocrx_word' id='word_1_326' title='bbox 1578 2214 1757 2284; x_wconf 83' lang='lat' dir='ltr'><strong>Samuelem,</strong></span> <span class='ocrx_word' id='word_1_327' title='bbox 1772 2233 1823 2273; x_wconf 90' lang='lat' dir='ltr'>ex·</span> 
     </span>
     <span class='ocr_line' id='line_1_36' title="bbox 115 2294 1821 2372; baseline 0.001 -13"><span class='ocrx_word' id='word_1_328' title='bbox 115 2301 248 2359; x_wconf 83' lang='grc'>6166616</span> <span class='ocrx_word' id='word_1_329' title='bbox 265 2319 272 2358; x_wconf 87' lang='lat'>:</span> <span class='ocrx_word' id='word_1_330' title='bbox 289 2300 321 2358; x_wconf 92' lang='lat' dir='ltr'><strong>ln</strong></span> <span class='ocrx_word' id='word_1_331' title='bbox 337 2316 425 2372; x_wconf 90' lang='lat' dir='ltr'><strong>quem</strong></span> <span class='ocrx_word' id='word_1_332' title='bbox 452 2299 587 2355; x_wconf 73' lang='lat' dir='ltr'><strong>irruisti‘</strong></span> <span class='ocrx_word' id='word_1_333' title='bbox 611 2298 652 2372; x_wconf 90' lang='grc'>(6.</span> <span class='ocrx_word' id='word_1_334' title='bbox 669 2298 811 2371; x_wconf 88' lang='lat' dir='ltr'><strong>irruistis)</strong></span> <span class='ocrx_word' id='word_1_335' title='bbox 837 2299 943 2356; x_wconf 85' lang='grc'>666161</span> <span class='ocrx_word' id='word_1_336' title='bbox 998 2294 1133 2354; x_wconf 86' lang='lat' dir='ltr'><strong>clamavit</strong></span> <span class='ocrx_word' id='word_1_337' title='bbox 1147 2314 1214 2354; x_wconf 92' lang='lat' dir='ltr'><strong>voce</strong></span> <span class='ocrx_word' id='word_1_338' title='bbox 1230 2314 1347 2371; x_wconf 90' lang='lat' dir='ltr'><strong>magna,</strong></span> <span class='ocrx_word' id='word_1_339' title='bbox 1363 2303 1393 2356; x_wconf 90' lang='lat' dir='ltr'>et</span> <span class='ocrx_word' id='word_1_340' title='bbox 1410 2300 1483 2355; x_wconf 83' lang='lat' dir='ltr'><strong>dixit</strong></span> <span class='ocrx_word' id='word_1_341' title='bbox 1497 2302 1530 2357; x_wconf 92' lang='lat' dir='ltr'><strong>ad</strong></span> <span class='ocrx_word' id='word_1_342' title='bbox 1548 2302 1639 2360; x_wconf 85' lang='lat' dir='ltr'><strong>Saul:</strong></span> <span class='ocrx_word' id='word_1_343' title='bbox 1655 2304 1750 2369; x_wconf 83' lang='lat' dir='ltr'><strong>Quare</strong></span> <span class='ocrx_word' id='word_1_344' title='bbox 1765 2304 1821 2361; x_wconf 91' lang='lat' dir='ltr'><strong>lm·</strong></span> 
     </span>
     <span class='ocr_line' id='line_1_37' title="bbox 117 2386 1820 2464; baseline 0.002 -16"><span class='ocrx_word' id='word_1_345' title='bbox 117 2390 385 2464; x_wconf 83' lang='lat' dir='ltr'><strong>Respondebetquo</strong></span> <span class='ocrx_word' id='word_1_346' title='bbox 410 2388 500 2445; x_wconf 92' lang='lat' dir='ltr'><strong>David</strong></span> <span class='ocrx_word' id='word_1_347' title='bbox 519 2405 525 2443; x_wconf 92' lang='lat'>:</span> <span class='ocrx_word' id='word_1_348' title='bbox 548 2391 657 2446; x_wconf 85' lang='lat' dir='ltr'><strong>contra</strong></span> <span class='ocrx_word' id='word_1_349' title='bbox 680 2388 832 2445; x_wconf 87' lang='lat' dir='ltr'><strong>meridiem</strong></span> <span class='ocrx_word' id='word_1_350' title='bbox 847 2389 942 2461; x_wconf 85' lang='lat' dir='ltr'><strong>Jadae,</strong></span> <span class='ocrx_word' id='word_1_351' title='bbox 998 2386 1122 2457; x_wconf 85' lang='lat' dir='ltr'><strong>posuisti</strong></span> <span class='ocrx_word' id='word_1_352' title='bbox 1138 2387 1209 2443; x_wconf 92' lang='lat' dir='ltr'><strong>mibi</strong></span> <span class='ocrx_word' id='word_1_353' title='bbox 1226 2388 1266 2460; x_wconf 93' lang='grc'>(6.</span> <span class='ocrx_word' id='word_1_354' title='bbox 1283 2389 1425 2460; x_wconf 87' lang='lat' dir='ltr'><strong>decepisti</strong></span> <span class='ocrx_word' id='word_1_355' title='bbox 1441 2406 1488 2445; x_wconf 91' lang='lat' dir='ltr'>me</span> <span class='ocrx_word' id='word_1_356' title='bbox 1500 2390 1522 2464; x_wconf 87' lang='lat'>?)</span> <span class='ocrx_word' id='word_1_357' title='bbox 1538 2393 1582 2448; x_wconf 81' lang='lat' dir='ltr'>Tu</span> <span class='ocrx_word' id='word_1_358' title='bbox 1597 2408 1630 2448; x_wconf 87' lang='lat' dir='ltr'>es</span> <span class='ocrx_word' id='word_1_359' title='bbox 1644 2395 1723 2451; x_wconf 87' lang='lat' dir='ltr'><strong>enim</strong></span> <span class='ocrx_word' id='word_1_360' title='bbox 1739 2396 1820 2452; x_wconf 93' lang='grc'>8661.</span> 
     </span>
     <span class='ocr_line' id='line_1_38' title="bbox 117 2475 1823 2551; baseline 0.004 -15"><span class='ocrx_word' id='word_1_361' title='bbox 117 2483 263 2537; x_wconf 87' lang='grc'>61666166</span> <span class='ocrx_word' id='word_1_362' title='bbox 278 2477 431 2535; x_wconf 87' lang='lat' dir='ltr'><strong>meridiem</strong></span> <span class='ocrx_word' id='word_1_363' title='bbox 447 2476 604 2546; x_wconf 88' lang='lat' dir='ltr'><strong>Jerameel‚</strong></span> <span class='ocrx_word' id='word_1_364' title='bbox 620 2480 765 2535; x_wconf 89' lang='grc'>61666166</span> <span class='ocrx_word' id='word_1_365' title='bbox 788 2478 942 2536; x_wconf 89' lang='lat' dir='ltr'><strong>meridiem</strong></span> <span class='ocrx_word' id='word_1_366' title='bbox 1000 2475 1133 2547; x_wconf 84' lang='lat' dir='ltr'><strong>Dixitque</strong></span> <span class='ocrx_word' id='word_1_367' title='bbox 1147 2476 1172 2531; x_wconf 92' lang='grc'>61</span> <span class='ocrx_word' id='word_1_368' title='bbox 1188 2493 1237 2532; x_wconf 88' lang='lat' dir='ltr'>rex</span> <span class='ocrx_word' id='word_1_369' title='bbox 1253 2494 1259 2532; x_wconf 93' lang='lat'><strong>:</strong></span> <span class='ocrx_word' id='word_1_370' title='bbox 1277 2477 1341 2533; x_wconf 92' lang='lat' dir='ltr'><strong>Noli</strong></span> <span class='ocrx_word' id='word_1_371' title='bbox 1357 2478 1462 2535; x_wconf 88' lang='lat' dir='ltr'><strong>timere</strong></span> <span class='ocrx_word' id='word_1_372' title='bbox 1478 2495 1484 2533; x_wconf 93' lang='lat'><strong>:</strong></span> <span class='ocrx_word' id='word_1_373' title='bbox 1502 2479 1571 2551; x_wconf 90' lang='lat' dir='ltr'><strong>quid</strong></span> <span class='ocrx_word' id='word_1_374' title='bbox 1591 2482 1693 2538; x_wconf 89' lang='lat' dir='ltr'><strong>vidisti</strong></span> <span class='ocrx_word' id='word_1_375' title='bbox 1705 2482 1720 2538; x_wconf 84' lang='grc'>1</span> <span class='ocrx_word' id='word_1_376' title='bbox 1734 2484 1769 2541; x_wconf 83' lang='grc'>111</span> <span class='ocrx_word' id='word_1_377' title='bbox 1783 2484 1823 2542; x_wconf 89' lang='grc'>611</span> 
     </span>
     <span class='ocr_line' id='line_1_39' title="bbox 117 2564 1821 2636; baseline 0.004 -11"><span class='ocrx_word' id='word_1_378' title='bbox 117 2567 316 2626; x_wconf 77' lang='grc'>6661116666</span> <span class='ocrx_word' id='word_1_379' title='bbox 341 2573 371 2623; x_wconf 91' lang='lat' dir='ltr'>et</span> <span class='ocrx_word' id='word_1_380' title='bbox 396 2566 547 2624; x_wconf 89' lang='lat' dir='ltr'><strong>mulierem</strong></span> <span class='ocrx_word' id='word_1_381' title='bbox 570 2583 628 2623; x_wconf 90' lang='lat' dir='ltr'>non</span> <span class='ocrx_word' id='word_1_382' title='bbox 651 2565 816 2624; x_wconf 79' lang='lat' dir='ltr'><strong>vivificabat</strong></span> <span class='ocrx_word' id='word_1_383' title='bbox 840 2567 942 2636; x_wconf 91' lang='lat' dir='ltr'><strong>David,</strong></span> <span class='ocrx_word' id='word_1_384' title='bbox 997 2564 1104 2620; x_wconf 88' lang='lat' dir='ltr'><strong>mulier</strong></span> <span class='ocrx_word' id='word_1_385' title='bbox 1118 2565 1154 2620; x_wconf 91' lang='lat' dir='ltr'><strong>ad</strong></span> <span class='ocrx_word' id='word_1_386' title='bbox 1170 2564 1239 2621; x_wconf 88' lang='grc'>8661</span> <span class='ocrx_word' id='word_1_387' title='bbox 1256 2584 1262 2622; x_wconf 94' lang='lat'><strong>:</strong></span> <span class='ocrx_word' id='word_1_388' title='bbox 1279 2566 1354 2622; x_wconf 89' lang='lat' dir='ltr'><strong>Deos</strong></span> <span class='ocrx_word' id='word_1_389' title='bbox 1369 2567 1428 2623; x_wconf 92' lang='lat' dir='ltr'><strong>vidi</strong></span> <span class='ocrx_word' id='word_1_390' title='bbox 1456 2569 1651 2628; x_wconf 86' lang='lat' dir='ltr'><strong>ascendentes</strong></span> <span class='ocrx_word' id='word_1_391' title='bbox 1673 2573 1711 2629; x_wconf 89' lang='lat' dir='ltr'>de</span> <span class='ocrx_word' id='word_1_392' title='bbox 1732 2578 1821 2632; x_wconf 81' lang='lat' dir='ltr'><strong>terra.</strong></span> 
     </span>
     <span class='ocr_line' id='line_1_40' title="bbox 119 2652 1824 2729; baseline 0.002 -14"><span class='ocrx_word' id='word_1_393' title='bbox 119 2674 172 2715; x_wconf 89' lang='lat' dir='ltr'>nee</span> <span class='ocrx_word' id='word_1_394' title='bbox 187 2656 352 2714; x_wconf 87' lang='lat' dir='ltr'><strong>adducebat</strong></span> <span class='ocrx_word' id='word_1_395' title='bbox 368 2656 399 2712; x_wconf 93' lang='lat' dir='ltr'>in</span> <span class='ocrx_word' id='word_1_396' title='bbox 424 2654 509 2726; x_wconf 87' lang='lat' dir='ltr'><strong>Geth,</strong></span> <span class='ocrx_word' id='word_1_397' title='bbox 525 2656 625 2713; x_wconf 88' lang='lat' dir='ltr'><strong>dicens</strong></span> <span class='ocrx_word' id='word_1_398' title='bbox 641 2672 648 2712; x_wconf 89' lang='lat'>:</span> <span class='ocrx_word' id='word_1_399' title='bbox 664 2655 705 2713; x_wconf 89' lang='lat' dir='ltr'>Ne</span> <span class='ocrx_word' id='word_1_400' title='bbox 729 2657 802 2714; x_wconf 90' lang='lat' dir='ltr'><strong>lorte</strong></span> <span class='ocrx_word' id='word_1_401' title='bbox 821 2656 944 2729; x_wconf 90' lang='lat' dir='ltr'><strong>loquan·</strong></span> <span class='ocrx_word' id='word_1_402' title='bbox 998 2653 1131 2725; x_wconf 89' lang='lat' dir='ltr'><strong>Dixitque</strong></span> <span class='ocrx_word' id='word_1_403' title='bbox 1143 2652 1169 2710; x_wconf 92' lang='lat' dir='ltr'>ei</span> <span class='ocrx_word' id='word_1_404' title='bbox 1186 2672 1193 2711; x_wconf 75' lang='grc' dir='ltr'><strong><em>ε</em></strong></span> <span class='ocrx_word' id='word_1_405' title='bbox 1208 2655 1308 2720; x_wconf 89' lang='grc'>066116</span> <span class='ocrx_word' id='word_1_406' title='bbox 1323 2660 1368 2712; x_wconf 87' lang='grc'>661</span> <span class='ocrx_word' id='word_1_407' title='bbox 1382 2658 1476 2714; x_wconf 89' lang='lat' dir='ltr'><strong>lorma</strong></span> <span class='ocrx_word' id='word_1_408' title='bbox 1491 2659 1581 2729; x_wconf 82' lang='lat' dir='ltr'><strong>ejosi</strong></span> <span class='ocrx_word' id='word_1_409' title='bbox 1606 2658 1673 2724; x_wconf 82' lang='grc'>066</span> <span class='ocrx_word' id='word_1_410' title='bbox 1689 2661 1732 2718; x_wconf 88' lang='grc'>611</span> <span class='ocrx_word' id='word_1_411' title='bbox 1748 2679 1756 2718; x_wconf 91' lang='lat'><strong>:</strong></span> <span class='ocrx_word' id='word_1_412' title='bbox 1772 2663 1824 2720; x_wconf 83' lang='lat' dir='ltr'>Vir</span> 
     </span>
    </p>
   </div>
   <div class='ocr_carea' id='block_1_10' title="bbox 119 2741 1827 2820">
    <p class='ocr_par' dir='ltr' id='par_1_10' title="bbox 119 2741 1827 2820">
     <span class='ocr_line' id='line_1_41' title="bbox 119 2741 1827 2820; baseline 0.002 -16"><span class='ocrx_word' id='word_1_413' title='bbox 119 2752 168 2804; x_wconf 93' lang='lat' dir='ltr'>tur</span> <span class='ocrx_word' id='word_1_414' title='bbox 183 2747 339 2803; x_wconf 88' lang='lat' dir='ltr'><strong>adversum</strong></span> <span class='ocrx_word' id='word_1_415' title='bbox 357 2761 411 2801; x_wconf 85' lang='lat' dir='ltr'>nos</span> <span class='ocrx_word' id='word_1_416' title='bbox 427 2763 434 2800; x_wconf 74' lang='grc' dir='ltr'>ε</span> <span class='ocrx_word' id='word_1_417' title='bbox 448 2749 515 2801; x_wconf 82' lang='lat' dir='ltr'><strong>Haec</strong></span> <span class='ocrx_word' id='word_1_418' title='bbox 532 2745 598 2801; x_wconf 88' lang='lat' dir='ltr'><strong>lecit</strong></span> <span class='ocrx_word' id='word_1_419' title='bbox 623 2745 710 2801; x_wconf 89' lang='lat' dir='ltr'><strong>David</strong></span> <span class='ocrx_word' id='word_1_420' title='bbox 728 2760 735 2800; x_wconf 90' lang='lat'>:</span> <span class='ocrx_word' id='word_1_421' title='bbox 751 2751 780 2802; x_wconf 92' lang='lat' dir='ltr'>et</span> <span class='ocrx_word' id='word_1_422' title='bbox 802 2745 858 2803; x_wconf 92' lang='lat' dir='ltr'>boc</span> <span class='ocrx_word' id='word_1_423' title='bbox 880 2750 943 2802; x_wconf 86' lang='lat' dir='ltr'><strong>erat</strong></span> <span class='ocrx_word' id='word_1_424' title='bbox 997 2758 1086 2799; x_wconf 87' lang='lat' dir='ltr'><strong>senex</strong></span> <span class='ocrx_word' id='word_1_425' title='bbox 1102 2741 1276 2815; x_wconf 87' lang='lat' dir='ltr'><strong>ascendit‚et</strong></span> <span class='ocrx_word' id='word_1_426' title='bbox 1291 2745 1353 2817; x_wconf 91' lang='lat' dir='ltr'><strong>ipse</strong></span> <span class='ocrx_word' id='word_1_427' title='bbox 1366 2746 1492 2802; x_wconf 90' lang='lat' dir='ltr'><strong>amictus</strong></span> <span class='ocrx_word' id='word_1_428' title='bbox 1507 2752 1552 2803; x_wconf 91' lang='grc'>661</span> <span class='ocrx_word' id='word_1_429' title='bbox 1565 2747 1663 2820; x_wconf 83' lang='lat' dir='ltr'><strong>pallio.</strong></span> <span class='ocrx_word' id='word_1_430' title='bbox 1676 2749 1827 2808; x_wconf 87' lang='lat' dir='ltr'><strong>intellexit</strong></span> 
     </span>
    </p>
   </div>
   <div class='ocr_carea' id='block_1_11' title="bbox 18 2831 1824 2912">
    <p class='ocr_par' dir='ltr' id='par_1_11' title="bbox 18 2831 1824 2912">
     <span class='ocr_line' id='line_1_42' title="bbox 18 2831 1824 2912; baseline 0.002 -19"><span class='ocrx_word' id='word_1_431' title='bbox 18 2898 22 2911; x_wconf 39' lang='grc'>1</span> <span class='ocrx_word' id='word_1_432' title='bbox 117 2836 270 2893; x_wconf 86' lang='lat' dir='ltr'><strong>decretum</strong></span> <span class='ocrx_word' id='word_1_433' title='bbox 284 2834 326 2890; x_wconf 93' lang='lat' dir='ltr'><strong>illi</strong></span> <span class='ocrx_word' id='word_1_434' title='bbox 352 2834 491 2891; x_wconf 89' lang='lat' dir='ltr'><strong>omnibus</strong></span> <span class='ocrx_word' id='word_1_435' title='bbox 514 2832 618 2891; x_wconf 90' lang='grc'>616666</span> <span class='ocrx_word' id='word_1_436' title='bbox 631 2832 740 2905; x_wconf 90' lang='grc'>661666</span> <span class='ocrx_word' id='word_1_437' title='bbox 754 2834 897 2892; x_wconf 85' lang='lat' dir='ltr'><strong>habitavit</strong></span> <span class='ocrx_word' id='word_1_438' title='bbox 911 2834 941 2890; x_wconf 92' lang='lat' dir='ltr'>in</span> <span class='ocrx_word' id='word_1_439' title='bbox 996 2831 1063 2887; x_wconf 89' lang='lat' dir='ltr'><strong>Saul</strong></span> <span class='ocrx_word' id='word_1_440' title='bbox 1080 2832 1156 2905; x_wconf 93' lang='lat' dir='ltr'><strong>quod</strong></span> <span class='ocrx_word' id='word_1_441' title='bbox 1173 2831 1292 2888; x_wconf 86' lang='lat' dir='ltr'><strong>Samuel</strong></span> <span class='ocrx_word' id='word_1_442' title='bbox 1308 2838 1395 2906; x_wconf 87' lang='lat' dir='ltr'><strong>esset,</strong></span> <span class='ocrx_word' id='word_1_443' title='bbox 1411 2840 1440 2890; x_wconf 92' lang='grc'>61</span> <span class='ocrx_word' id='word_1_444' title='bbox 1454 2834 1606 2892; x_wconf 87' lang='lat' dir='ltr'><strong>inclinavit</strong></span> <span class='ocrx_word' id='word_1_445' title='bbox 1629 2853 1660 2894; x_wconf 89' lang='grc'>66</span> <span class='ocrx_word' id='word_1_446' title='bbox 1673 2855 1766 2912; x_wconf 87' lang='lat' dir='ltr'><strong>super</strong></span> <span class='ocrx_word' id='word_1_447' title='bbox 1780 2842 1824 2896; x_wconf 85' lang='grc'>16·</span> 
     </span>
    </p>
   </div>
   <div class='ocr_carea' id='block_1_12' title="bbox 117 2919 1834 3089">
    <p class='ocr_par' dir='ltr' id='par_1_12' title="bbox 117 2919 1834 3089">
     <span class='ocr_line' id='line_1_43' title="bbox 117 2919 1827 2998; baseline 0.004 -18"><span class='ocrx_word' id='word_1_448' title='bbox 117 2923 238 2998; x_wconf 85' lang='lat' dir='ltr'><strong>regione</strong></span> <span class='ocrx_word' id='word_1_449' title='bbox 263 2922 518 2980; x_wconf 91' lang='lat' dir='ltr'><strong>Philisthinorum.</strong></span> <span class='ocrx_word' id='word_1_450' title='bbox 535 2923 665 2979; x_wconf 85' lang='lat' dir='ltr'><strong>Credidit</strong></span> <span class='ocrx_word' id='word_1_451' title='bbox 679 2938 748 2995; x_wconf 92' lang='lat' dir='ltr'><strong>ergo</strong></span> <span class='ocrx_word' id='word_1_452' title='bbox 772 2922 861 2980; x_wconf 78' lang='grc'>66616</span> <span class='ocrx_word' id='word_1_453' title='bbox 886 2923 942 2980; x_wconf 90' lang='lat' dir='ltr'>Da·</span> <span class='ocrx_word' id='word_1_454' title='bbox 996 2919 1069 2976; x_wconf 91' lang='lat' dir='ltr'><strong>ciem</strong></span> <span class='ocrx_word' id='word_1_455' title='bbox 1081 2937 1164 2977; x_wconf 86' lang='lat' dir='ltr'><strong>auam</strong></span> <span class='ocrx_word' id='word_1_456' title='bbox 1176 2920 1205 2976; x_wconf 94' lang='grc'>16</span> <span class='ocrx_word' id='word_1_457' title='bbox 1220 2925 1344 2991; x_wconf 90' lang='lat' dir='ltr'><strong>terra,et</strong></span> <span class='ocrx_word' id='word_1_458' title='bbox 1353 2924 1492 2979; x_wconf 90' lang='lat' dir='ltr'><strong>adoravit.</strong></span> <span class='ocrx_word' id='word_1_459' title='bbox 1508 2923 1586 2981; x_wconf 93' lang='lat' dir='ltr'><strong>Dixit</strong></span> <span class='ocrx_word' id='word_1_460' title='bbox 1594 2930 1692 2983; x_wconf 87' lang='lat' dir='ltr'><strong>autom</strong></span> <span class='ocrx_word' id='word_1_461' title='bbox 1702 2929 1827 2986; x_wconf 83' lang='lat' dir='ltr'><strong>Samuel</strong></span> 
     </span>
     <span class='ocr_line' id='line_1_44' title="bbox 117 3006 1834 3089; baseline 0.004 -21"><span class='ocrx_word' id='word_1_462' title='bbox 117 3013 176 3078; x_wconf 82' lang='lat' dir='ltr'><strong>vid,</strong></span> <span class='ocrx_word' id='word_1_463' title='bbox 193 3013 316 3069; x_wconf 87' lang='lat' dir='ltr'><strong>dicens:</strong></span> <span class='ocrx_word' id='word_1_464' title='bbox 333 3010 424 3068; x_wconf 86' lang='lat' dir='ltr'><strong>llulta</strong></span> <span class='ocrx_word' id='word_1_465' title='bbox 443 3010 522 3067; x_wconf 89' lang='lat' dir='ltr'><strong>male</strong></span> <span class='ocrx_word' id='word_1_466' title='bbox 545 3017 682 3083; x_wconf 88' lang='lat' dir='ltr'><strong>operatus</strong></span> <span class='ocrx_word' id='word_1_467' title='bbox 706 3017 751 3069; x_wconf 89' lang='lat' dir='ltr'>est</span> <span class='ocrx_word' id='word_1_468' title='bbox 774 3011 815 3084; x_wconf 92' lang='grc'>(6.</span> <span class='ocrx_word' id='word_1_469' title='bbox 842 3012 941 3069; x_wconf 82' lang='lat' dir='ltr'><strong>loetere</strong></span> <span class='ocrx_word' id='word_1_470' title='bbox 996 3009 1032 3064; x_wconf 93' lang='lat' dir='ltr'><strong>ad</strong></span> <span class='ocrx_word' id='word_1_471' title='bbox 1047 3006 1116 3065; x_wconf 85' lang='grc'>8661</span> <span class='ocrx_word' id='word_1_472' title='bbox 1133 3011 1248 3075; x_wconf 85' lang='lat' dir='ltr'><strong>:Quare</strong></span> <span class='ocrx_word' id='word_1_473' title='bbox 1263 3009 1433 3082; x_wconf 83' lang='lat' dir='ltr'><strong>inquietasti</strong></span> <span class='ocrx_word' id='word_1_474' title='bbox 1449 3015 1514 3075; x_wconf 85' lang='lat' dir='ltr'><strong>(ms.</strong></span> <span class='ocrx_word' id='word_1_475' title='bbox 1540 3012 1702 3089; x_wconf 86' lang='lat' dir='ltr'><strong>inquietas)</strong></span> <span class='ocrx_word' id='word_1_476' title='bbox 1728 3033 1778 3075; x_wconf 90' lang='lat' dir='ltr'>me</span> <span class='ocrx_word' id='word_1_477' title='bbox 1793 3023 1834 3075; x_wconf 86' lang='lat' dir='ltr'>ut.</span> 
     </span>
    </p>
   </div>
   <div class='ocr_carea' id='block_1_13' title="bbox 6 3097 1830 3179">
    <p class='ocr_par' dir='ltr' id='par_1_13' title="bbox 6 3097 1830 3179">
     <span class='ocr_line' id='line_1_45' title="bbox 6 3097 1830 3179; baseline 0.003 -20"><span class='ocrx_word' id='word_1_478' title='bbox 6 3110 9 3117; x_wconf 90' lang='lat'>&#39;</span> <span class='ocrx_word' id='word_1_479' title='bbox 120 3100 199 3174; x_wconf 88' lang='grc'>16611(</span> <span class='ocrx_word' id='word_1_480' title='bbox 213 3103 315 3157; x_wconf 84' lang='grc'>666166</span> <span class='ocrx_word' id='word_1_481' title='bbox 338 3100 479 3172; x_wconf 93' lang='lat' dir='ltr'><strong>populum</strong></span> <span class='ocrx_word' id='word_1_482' title='bbox 509 3116 598 3156; x_wconf 85' lang='lat' dir='ltr'><strong>suum</strong></span> <span class='ocrx_word' id='word_1_483' title='bbox 626 3100 737 3157; x_wconf 79' lang='lat' dir='ltr'><strong>lsrael:</strong></span> <span class='ocrx_word' id='word_1_484' title='bbox 768 3102 824 3158; x_wconf 90' lang='lat' dir='ltr'><strong>erit</strong></span> <span class='ocrx_word' id='word_1_485' title='bbox 851 3102 942 3175; x_wconf 91' lang='lat' dir='ltr'><strong>igitur</strong></span> <span class='ocrx_word' id='word_1_486' title='bbox 996 3097 1224 3155; x_wconf 82' lang='grc'>66661166661111</span> <span class='ocrx_word' id='word_1_487' title='bbox 1237 3100 1277 3155; x_wconf 85' lang='grc'>611</span> <span class='ocrx_word' id='word_1_488' title='bbox 1290 3099 1535 3158; x_wconf 78' lang='lat' dir='ltr'><strong>Suulzcoarctor</strong></span> <span class='ocrx_word' id='word_1_489' title='bbox 1549 3103 1830 3179; x_wconf 79' lang='lat' dir='ltr'><strong>nimiszsiquidem</strong></span> 
     </span>
    </p>
   </div>
   <div class='ocr_carea' id='block_1_14' title="bbox 117 3174 1837 4417">
    <p class='ocr_par' dir='ltr' id='par_1_14' title="bbox 117 3174 1837 4417">
     <span class='ocr_line' id='line_1_46' title="bbox 120 3174 1837 3261; baseline 0.002 -14"><span class='ocrx_word' id='word_1_490' title='bbox 120 3189 194 3247; x_wconf 90' lang='lat' dir='ltr'><strong>mihi</strong></span> <span class='ocrx_word' id='word_1_491' title='bbox 210 3206 311 3247; x_wconf 88' lang='lat' dir='ltr'><strong>servus</strong></span> <span class='ocrx_word' id='word_1_492' title='bbox 326 3188 535 3261; x_wconf 85' lang='lat' dir='ltr'><strong>sempiternos.</strong></span> <span class='ocrx_word' id='word_1_493' title='bbox 955 3174 977 3243; x_wconf 84' lang='lat' dir='ltr'><strong>G</strong></span> <span class='ocrx_word' id='word_1_494' title='bbox 996 3185 1163 3242; x_wconf 86' lang='lat' dir='ltr'><strong>Philisthim</strong></span> <span class='ocrx_word' id='word_1_495' title='bbox 1180 3193 1313 3260; x_wconf 90' lang='lat' dir='ltr'><strong>pugnant</strong></span> <span class='ocrx_word' id='word_1_496' title='bbox 1328 3188 1484 3246; x_wconf 87' lang='lat' dir='ltr'><strong>adversum</strong></span> <span class='ocrx_word' id='word_1_497' title='bbox 1498 3207 1556 3256; x_wconf 88' lang='lat' dir='ltr'>me,</span> <span class='ocrx_word' id='word_1_498' title='bbox 1566 3196 1595 3248; x_wconf 91' lang='lat' dir='ltr'>et</span> <span class='ocrx_word' id='word_1_499' title='bbox 1610 3192 1688 3249; x_wconf 89' lang='lat' dir='ltr'><strong>Deus</strong></span> <span class='ocrx_word' id='word_1_500' title='bbox 1703 3196 1837 3253; x_wconf 86' lang='lat' dir='ltr'><strong>recessit</strong></span> 
     </span>
     <span class='ocr_line' id='line_1_47' title="bbox 157 3276 1831 3357; baseline 0.003 -20"><span class='ocrx_word' id='word_1_501' title='bbox 157 3279 237 3352; x_wconf 85' lang='grc'>(666.</span> <span class='ocrx_word' id='word_1_502' title='bbox 254 3277 392 3350; x_wconf 75' lang='lat' dir='ltr'>XXVIII).</span> <span class='ocrx_word' id='word_1_503' title='bbox 409 3279 529 3334; x_wconf 78' lang='lat' dir='ltr'><strong>Factum</strong></span> <span class='ocrx_word' id='word_1_504' title='bbox 544 3281 589 3334; x_wconf 89' lang='lat' dir='ltr'>eet</span> <span class='ocrx_word' id='word_1_505' title='bbox 603 3281 701 3334; x_wconf 89' lang='lat' dir='ltr'><strong>autem</strong></span> <span class='ocrx_word' id='word_1_506' title='bbox 713 3278 859 3336; x_wconf 89' lang='lat' dir='ltr'><strong>indiebus</strong></span> <span class='ocrx_word' id='word_1_507' title='bbox 874 3278 944 3347; x_wconf 89' lang='grc'>11116,</span> <span class='ocrx_word' id='word_1_508' title='bbox 1001 3291 1087 3342; x_wconf 91' lang='lat' dir='ltr'><strong>ame,</strong></span> <span class='ocrx_word' id='word_1_509' title='bbox 1103 3281 1131 3332; x_wconf 92' lang='grc'>61</span> <span class='ocrx_word' id='word_1_510' title='bbox 1155 3276 1293 3333; x_wconf 79' lang='lat' dir='ltr'><strong>exaudire</strong></span> <span class='ocrx_word' id='word_1_511' title='bbox 1309 3293 1355 3334; x_wconf 89' lang='lat' dir='ltr'>me</span> <span class='ocrx_word' id='word_1_512' title='bbox 1370 3277 1474 3347; x_wconf 87' lang='grc'>661611,</span> <span class='ocrx_word' id='word_1_513' title='bbox 1491 3296 1587 3353; x_wconf 88' lang='grc'>66666</span> <span class='ocrx_word' id='word_1_514' title='bbox 1602 3281 1630 3339; x_wconf 89' lang='grc'>16</span> <span class='ocrx_word' id='word_1_515' title='bbox 1647 3299 1741 3340; x_wconf 90' lang='lat' dir='ltr'><strong>manu</strong></span> <span class='ocrx_word' id='word_1_516' title='bbox 1757 3301 1831 3357; x_wconf 90' lang='lat' dir='ltr'><strong>pro-</strong></span> 
     </span>
     <span class='ocr_line' id='line_1_48' title="bbox 122 3363 1830 3443; baseline 0.001 -16"><span class='ocrx_word' id='word_1_517' title='bbox 122 3371 374 3441; x_wconf 86' lang='lat' dir='ltr'><strong>oongregaverunt</strong></span> <span class='ocrx_word' id='word_1_518' title='bbox 386 3365 554 3423; x_wconf 86' lang='lat' dir='ltr'><strong>Philistbim</strong></span> <span class='ocrx_word' id='word_1_519' title='bbox 570 3366 689 3440; x_wconf 81' lang='lat' dir='ltr'><strong>agmina</strong></span> <span class='ocrx_word' id='word_1_520' title='bbox 705 3384 769 3436; x_wconf 89' lang='lat' dir='ltr'><strong>sua,</strong></span> <span class='ocrx_word' id='word_1_521' title='bbox 785 3371 818 3424; x_wconf 91' lang='grc'>61</span> <span class='ocrx_word' id='word_1_522' title='bbox 832 3384 947 3441; x_wconf 81' lang='grc'>66666-</span> <span class='ocrx_word' id='word_1_523' title='bbox 999 3363 1164 3436; x_wconf 80' lang='lat' dir='ltr'><strong>poetarum,</strong></span> <span class='ocrx_word' id='word_1_524' title='bbox 1190 3381 1284 3438; x_wconf 86' lang='lat' dir='ltr'><strong>neque</strong></span> <span class='ocrx_word' id='word_1_525' title='bbox 1299 3382 1351 3440; x_wconf 88' lang='lat' dir='ltr'>per</span> <span class='ocrx_word' id='word_1_526' title='bbox 1371 3370 1505 3425; x_wconf 87' lang='lat' dir='ltr'><strong>somnia:</strong></span> <span class='ocrx_word' id='word_1_527' title='bbox 1521 3370 1621 3426; x_wconf 89' lang='lat' dir='ltr'><strong>vocavi</strong></span> <span class='ocrx_word' id='word_1_528' title='bbox 1645 3388 1714 3443; x_wconf 87' lang='lat' dir='ltr'><strong>ergo</strong></span> <span class='ocrx_word' id='word_1_529' title='bbox 1737 3376 1779 3443; x_wconf 89' lang='grc'>16,</span> <span class='ocrx_word' id='word_1_530' title='bbox 1794 3376 1830 3430; x_wconf 88' lang='grc'>61</span> 
     </span>
     <span class='ocr_line' id='line_1_49' title="bbox 122 3452 1825 3530; baseline 0.004 -17"><span class='ocrx_word' id='word_1_531' title='bbox 122 3462 226 3513; x_wconf 84' lang='lat' dir='ltr'><strong>rantur</strong></span> <span class='ocrx_word' id='word_1_532' title='bbox 239 3455 275 3512; x_wconf 86' lang='grc'>66</span> <span class='ocrx_word' id='word_1_533' title='bbox 288 3453 397 3511; x_wconf 90' lang='lat' dir='ltr'><strong>bellum</strong></span> <span class='ocrx_word' id='word_1_534' title='bbox 418 3462 520 3511; x_wconf 89' lang='lat' dir='ltr'><strong>contra</strong></span> <span class='ocrx_word' id='word_1_535' title='bbox 538 3452 626 3511; x_wconf 88' lang='lat' dir='ltr'><strong>lsrael</strong></span> <span class='ocrx_word' id='word_1_536' title='bbox 639 3471 645 3509; x_wconf 93' lang='lat'>:</span> <span class='ocrx_word' id='word_1_537' title='bbox 658 3455 788 3527; x_wconf 87' lang='lat' dir='ltr'><strong>dixitque</strong></span> <span class='ocrx_word' id='word_1_538' title='bbox 806 3455 893 3513; x_wconf 87' lang='lat' dir='ltr'><strong>Acbis</strong></span> <span class='ocrx_word' id='word_1_539' title='bbox 908 3457 943 3512; x_wconf 89' lang='lat' dir='ltr'><strong>ad</strong></span> <span class='ocrx_word' id='word_1_540' title='bbox 1000 3454 1167 3511; x_wconf 86' lang='lat' dir='ltr'><strong>ostenderes</strong></span> <span class='ocrx_word' id='word_1_541' title='bbox 1183 3455 1254 3512; x_wconf 93' lang='lat' dir='ltr'><strong>mibi</strong></span> <span class='ocrx_word' id='word_1_542' title='bbox 1271 3455 1342 3527; x_wconf 93' lang='lat' dir='ltr'><strong>quid</strong></span> <span class='ocrx_word' id='word_1_543' title='bbox 1359 3455 1474 3513; x_wconf 82' lang='lat' dir='ltr'><strong>luciam.</strong></span> <span class='ocrx_word' id='word_1_544' title='bbox 1491 3461 1525 3514; x_wconf 89' lang='lat' dir='ltr'>Et</span> <span class='ocrx_word' id='word_1_545' title='bbox 1537 3459 1578 3515; x_wconf 88' lang='lat' dir='ltr'>sit</span> <span class='ocrx_word' id='word_1_546' title='bbox 1591 3460 1710 3518; x_wconf 82' lang='lat' dir='ltr'><strong>Samuel</strong></span> <span class='ocrx_word' id='word_1_547' title='bbox 1728 3462 1825 3530; x_wconf 80' lang='lat' dir='ltr'><strong>:Quid</strong></span> 
     </span>
     <span class='ocr_line' id='line_1_50' title="bbox 120 3541 1822 3620; baseline 0.004 -17"><span class='ocrx_word' id='word_1_548' title='bbox 120 3544 211 3603; x_wconf 90' lang='lat' dir='ltr'><strong>David</strong></span> <span class='ocrx_word' id='word_1_549' title='bbox 229 3561 236 3600; x_wconf 91' lang='lat'>:</span> <span class='ocrx_word' id='word_1_550' title='bbox 253 3544 355 3601; x_wconf 85' lang='grc'>861666</span> <span class='ocrx_word' id='word_1_551' title='bbox 370 3558 449 3620; x_wconf 83' lang='grc'>6666</span> <span class='ocrx_word' id='word_1_552' title='bbox 464 3541 548 3608; x_wconf 87' lang='grc'>66116,</span> <span class='ocrx_word' id='word_1_553' title='bbox 564 3544 705 3615; x_wconf 88' lang='lat' dir='ltr'><strong>quoniam</strong></span> <span class='ocrx_word' id='word_1_554' title='bbox 731 3559 846 3601; x_wconf 89' lang='lat' dir='ltr'><strong>mecum</strong></span> <span class='ocrx_word' id='word_1_555' title='bbox 862 3560 944 3617; x_wconf 89' lang='lat' dir='ltr'><strong>egre·</strong></span> <span class='ocrx_word' id='word_1_556' title='bbox 998 3543 1163 3616; x_wconf 84' lang='lat' dir='ltr'><strong>interrogas</strong></span> <span class='ocrx_word' id='word_1_557' title='bbox 1187 3560 1244 3612; x_wconf 91' lang='lat' dir='ltr'>me,</span> <span class='ocrx_word' id='word_1_558' title='bbox 1260 3561 1326 3601; x_wconf 90' lang='lat' dir='ltr'>cnm</span> <span class='ocrx_word' id='word_1_559' title='bbox 1352 3545 1495 3604; x_wconf 86' lang='lat' dir='ltr'><strong>Dominus</strong></span> <span class='ocrx_word' id='word_1_560' title='bbox 1519 3549 1674 3606; x_wconf 88' lang='lat' dir='ltr'><strong>recesserit</strong></span> <span class='ocrx_word' id='word_1_561' title='bbox 1698 3555 1772 3619; x_wconf 86' lang='lat' dir='ltr'><strong>ate,</strong></span> <span class='ocrx_word' id='word_1_562' title='bbox 1797 3558 1822 3609; x_wconf 87' lang='grc'>61</span> 
     </span>
     <span class='ocr_line' id='line_1_51' title="bbox 121 3631 1820 3705; baseline 0.005 -14"><span class='ocrx_word' id='word_1_563' title='bbox 121 3633 212 3691; x_wconf 88' lang='grc'>616616</span> <span class='ocrx_word' id='word_1_564' title='bbox 226 3633 256 3689; x_wconf 90' lang='grc'>16</span> <span class='ocrx_word' id='word_1_565' title='bbox 273 3632 377 3690; x_wconf 86' lang='grc'>6661616</span> <span class='ocrx_word' id='word_1_566' title='bbox 391 3636 422 3688; x_wconf 89' lang='grc'>16</span> <span class='ocrx_word' id='word_1_567' title='bbox 437 3636 465 3687; x_wconf 90' lang='grc'>61</span> <span class='ocrx_word' id='word_1_568' title='bbox 485 3631 539 3687; x_wconf 90' lang='lat' dir='ltr'><strong>viri</strong></span> <span class='ocrx_word' id='word_1_569' title='bbox 566 3631 619 3687; x_wconf 90' lang='lat' dir='ltr'><strong>tui.</strong></span> <span class='ocrx_word' id='word_1_570' title='bbox 645 3631 780 3705; x_wconf 87' lang='lat' dir='ltr'><strong>Dixitque</strong></span> <span class='ocrx_word' id='word_1_571' title='bbox 804 3633 891 3689; x_wconf 85' lang='lat' dir='ltr'><strong>David</strong></span> <span class='ocrx_word' id='word_1_572' title='bbox 908 3633 944 3689; x_wconf 87' lang='grc'>66</span> <span class='ocrx_word' id='word_1_573' title='bbox 997 3632 1149 3688; x_wconf 85' lang='grc'>1666616611</span> <span class='ocrx_word' id='word_1_574' title='bbox 1164 3632 1200 3688; x_wconf 87' lang='grc'>66</span> <span class='ocrx_word' id='word_1_575' title='bbox 1216 3634 1751 3696; x_wconf 71' lang='grc'>6661666661166161661611161</span> <span class='ocrx_word' id='word_1_576' title='bbox 1768 3641 1820 3699; x_wconf 89' lang='lat' dir='ltr'>Do·</span> 
     </span>
     <span class='ocr_line' id='line_1_52' title="bbox 120 3719 1818 3795; baseline 0.006 -18"><span class='ocrx_word' id='word_1_577' title='bbox 120 3720 211 3779; x_wconf 81' lang='grc'>66616</span> <span class='ocrx_word' id='word_1_578' title='bbox 227 3736 234 3776; x_wconf 89' lang='lat'>:</span> <span class='ocrx_word' id='word_1_579' title='bbox 251 3719 425 3777; x_wconf 85' lang='grc'>1166666166</span> <span class='ocrx_word' id='word_1_580' title='bbox 440 3736 504 3792; x_wconf 82' lang='grc'>666</span> <span class='ocrx_word' id='word_1_581' title='bbox 530 3719 661 3776; x_wconf 87' lang='grc'>16616666</span> <span class='ocrx_word' id='word_1_582' title='bbox 675 3726 721 3777; x_wconf 90' lang='grc'>661</span> <span class='ocrx_word' id='word_1_583' title='bbox 745 3737 848 3778; x_wconf 88' lang='lat' dir='ltr'><strong>servus</strong></span> <span class='ocrx_word' id='word_1_584' title='bbox 862 3726 943 3778; x_wconf 91' lang='grc'>1666.</span> <span class='ocrx_word' id='word_1_585' title='bbox 999 3719 1098 3776; x_wconf 88' lang='lat' dir='ltr'><strong>minus</strong></span> <span class='ocrx_word' id='word_1_586' title='bbox 1113 3719 1190 3776; x_wconf 88' lang='lat' dir='ltr'><strong>sicut</strong></span> <span class='ocrx_word' id='word_1_587' title='bbox 1205 3719 1380 3778; x_wconf 87' lang='grc'>1666166661</span> <span class='ocrx_word' id='word_1_588' title='bbox 1404 3723 1434 3778; x_wconf 91' lang='lat' dir='ltr'>in</span> <span class='ocrx_word' id='word_1_589' title='bbox 1450 3740 1540 3780; x_wconf 90' lang='lat' dir='ltr'><strong>mano</strong></span> <span class='ocrx_word' id='word_1_590' title='bbox 1565 3742 1640 3795; x_wconf 90' lang='lat' dir='ltr'><strong>maa,</strong></span> <span class='ocrx_word' id='word_1_591' title='bbox 1657 3738 1688 3783; x_wconf 90' lang='lat' dir='ltr'>ot</span> <span class='ocrx_word' id='word_1_592' title='bbox 1706 3729 1818 3787; x_wconf 88' lang='lat' dir='ltr'><strong>scindet</strong></span> 
     </span>
     <span class='ocr_line' id='line_1_53' title="bbox 117 3806 1818 3887; baseline 0.004 -19"><span class='ocrx_word' id='word_1_593' title='bbox 117 3810 163 3885; x_wconf 83' lang='lat' dir='ltr'>(T.</span> <span class='ocrx_word' id='word_1_594' title='bbox 180 3808 323 3882; x_wconf 74' lang='lat' dir='ltr'>LXXVII).</span> <span class='ocrx_word' id='word_1_595' title='bbox 339 3806 533 3866; x_wconf 77' lang='grc'>6161166616</span> <span class='ocrx_word' id='word_1_596' title='bbox 549 3810 584 3865; x_wconf 89' lang='lat' dir='ltr'><strong>ad</strong></span> <span class='ocrx_word' id='word_1_597' title='bbox 601 3809 692 3865; x_wconf 90' lang='lat' dir='ltr'><strong>David</strong></span> <span class='ocrx_word' id='word_1_598' title='bbox 709 3813 764 3866; x_wconf 83' lang='lat' dir='ltr'>:at</span> <span class='ocrx_word' id='word_1_599' title='bbox 775 3826 828 3883; x_wconf 88' lang='lat' dir='ltr'>ego</span> <span class='ocrx_word' id='word_1_600' title='bbox 844 3816 944 3867; x_wconf 90' lang='lat' dir='ltr'><strong>custo·</strong></span> <span class='ocrx_word' id='word_1_601' title='bbox 999 3824 1121 3880; x_wconf 88' lang='lat' dir='ltr'><strong>regnum</strong></span> <span class='ocrx_word' id='word_1_602' title='bbox 1138 3808 1231 3882; x_wconf 76' lang='grc'>(1616.</span> <span class='ocrx_word' id='word_1_603' title='bbox 1246 3810 1310 3867; x_wconf 85' lang='grc'>666.</span> <span class='ocrx_word' id='word_1_604' title='bbox 1327 3813 1474 3881; x_wconf 80' lang='grc'>16666166</span> <span class='ocrx_word' id='word_1_605' title='bbox 1498 3830 1586 3871; x_wconf 87' lang='lat' dir='ltr'><strong>manu</strong></span> <span class='ocrx_word' id='word_1_606' title='bbox 1602 3821 1665 3887; x_wconf 90' lang='grc'>166,</span> <span class='ocrx_word' id='word_1_607' title='bbox 1687 3824 1718 3873; x_wconf 88' lang='grc'>61</span> <span class='ocrx_word' id='word_1_608' title='bbox 1742 3818 1818 3877; x_wconf 88' lang='grc'>66611</span> 
     </span>
     <span class='ocr_line' id='line_1_54' title="bbox 118 3897 1817 3974; baseline 0.004 -16"><span class='ocrx_word' id='word_1_609' title='bbox 118 3901 185 3957; x_wconf 90' lang='lat' dir='ltr'>dem</span> <span class='ocrx_word' id='word_1_610' title='bbox 201 3898 308 3973; x_wconf 90' lang='lat' dir='ltr'><strong>capitis</strong></span> <span class='ocrx_word' id='word_1_611' title='bbox 323 3898 380 3955; x_wconf 92' lang='lat' dir='ltr'>mei</span> <span class='ocrx_word' id='word_1_612' title='bbox 396 3914 503 3971; x_wconf 89' lang='lat' dir='ltr'><strong>ponam</strong></span> <span class='ocrx_word' id='word_1_613' title='bbox 519 3901 548 3954; x_wconf 88' lang='lat' dir='ltr'>te</span> <span class='ocrx_word' id='word_1_614' title='bbox 562 3900 677 3956; x_wconf 90' lang='lat' dir='ltr'><strong>cunctis</strong></span> <span class='ocrx_word' id='word_1_615' title='bbox 696 3899 811 3957; x_wconf 87' lang='lat' dir='ltr'><strong>diebus.</strong></span> <span class='ocrx_word' id='word_1_616' title='bbox 827 3898 944 3956; x_wconf 84' lang='lat' dir='ltr'><strong>Samuel</strong></span> <span class='ocrx_word' id='word_1_617' title='bbox 997 3897 1070 3953; x_wconf 92' lang='lat' dir='ltr'><strong>illud</strong></span> <span class='ocrx_word' id='word_1_618' title='bbox 1087 3899 1219 3971; x_wconf 92' lang='lat' dir='ltr'><strong>proximo</strong></span> <span class='ocrx_word' id='word_1_619' title='bbox 1245 3905 1296 3956; x_wconf 91' lang='lat' dir='ltr'>tuo</span> <span class='ocrx_word' id='word_1_620' title='bbox 1323 3900 1410 3956; x_wconf 90' lang='lat' dir='ltr'><strong>David</strong></span> <span class='ocrx_word' id='word_1_621' title='bbox 1427 3918 1434 3956; x_wconf 92' lang='lat'>:</span> <span class='ocrx_word' id='word_1_622' title='bbox 1451 3902 1520 3974; x_wconf 87' lang='lat' dir='ltr'><strong>quia</strong></span> <span class='ocrx_word' id='word_1_623' title='bbox 1543 3920 1601 3960; x_wconf 92' lang='grc'>666</span> <span class='ocrx_word' id='word_1_624' title='bbox 1616 3906 1747 3963; x_wconf 89' lang='grc'>66661611</span> <span class='ocrx_word' id='word_1_625' title='bbox 1761 3907 1817 3965; x_wconf 88' lang='lat' dir='ltr'><strong>voci</strong></span> 
     </span>
     <span class='ocr_line' id='line_1_55' title="bbox 119 3985 1818 4063; baseline 0.004 -15"><span class='ocrx_word' id='word_1_626' title='bbox 119 3994 218 4048; x_wconf 90' lang='lat' dir='ltr'><strong>sotem</strong></span> <span class='ocrx_word' id='word_1_627' title='bbox 234 3992 369 4046; x_wconf 86' lang='lat' dir='ltr'><strong>mortuus</strong></span> <span class='ocrx_word' id='word_1_628' title='bbox 384 3992 438 4055; x_wconf 89' lang='grc'>661,</span> <span class='ocrx_word' id='word_1_629' title='bbox 456 3985 627 4060; x_wconf 86' lang='lat' dir='ltr'><strong>planxitque</strong></span> <span class='ocrx_word' id='word_1_630' title='bbox 641 4004 708 4045; x_wconf 91' lang='lat' dir='ltr'>enm</span> <span class='ocrx_word' id='word_1_631' title='bbox 732 3989 828 4046; x_wconf 91' lang='lat' dir='ltr'><strong>omnis</strong></span> <span class='ocrx_word' id='word_1_632' title='bbox 844 3989 942 4058; x_wconf 89' lang='lat' dir='ltr'><strong>lsrael,</strong></span> <span class='ocrx_word' id='word_1_633' title='bbox 997 3986 1220 4058; x_wconf 89' lang='lat' dir='ltr'><strong>Domini,neque</strong></span> <span class='ocrx_word' id='word_1_634' title='bbox 1237 3988 1329 4045; x_wconf 87' lang='lat' dir='ltr'><strong>iecisti</strong></span> <span class='ocrx_word' id='word_1_635' title='bbox 1345 3990 1536 4048; x_wconf 90' lang='lat' dir='ltr'><strong>iramluroris</strong></span> <span class='ocrx_word' id='word_1_636' title='bbox 1550 3993 1655 4063; x_wconf 73' lang='grc'>616616</span> <span class='ocrx_word' id='word_1_637' title='bbox 1673 3997 1818 4056; x_wconf 79' lang='lat' dir='ltr'><strong>Amalech.</strong></span> 
     </span>
     <span class='ocr_line' id='line_1_56' title="bbox 119 4075 1822 4152; baseline 0.004 -16"><span class='ocrx_word' id='word_1_638' title='bbox 119 4083 148 4136; x_wconf 90' lang='lat' dir='ltr'>et</span> <span class='ocrx_word' id='word_1_639' title='bbox 159 4077 341 4152; x_wconf 88' lang='lat' dir='ltr'><strong>sepelierunt</strong></span> <span class='ocrx_word' id='word_1_640' title='bbox 355 4093 422 4133; x_wconf 92' lang='lat' dir='ltr'>eum</span> <span class='ocrx_word' id='word_1_641' title='bbox 438 4075 468 4132; x_wconf 93' lang='lat' dir='ltr'>in</span> <span class='ocrx_word' id='word_1_642' title='bbox 482 4080 573 4132; x_wconf 85' lang='lat' dir='ltr'><strong>Rama</strong></span> <span class='ocrx_word' id='word_1_643' title='bbox 588 4077 679 4149; x_wconf 76' lang='grc'>(1616.</span> <span class='ocrx_word' id='word_1_644' title='bbox 696 4077 850 4150; x_wconf 76' lang='lat' dir='ltr'><strong>hematha)</strong></span> <span class='ocrx_word' id='word_1_645' title='bbox 871 4078 944 4135; x_wconf 87' lang='lat' dir='ltr'><strong>urhe</strong></span> <span class='ocrx_word' id='word_1_646' title='bbox 998 4075 1109 4131; x_wconf 89' lang='lat' dir='ltr'><strong>idcirco</strong></span> <span class='ocrx_word' id='word_1_647' title='bbox 1123 4076 1200 4148; x_wconf 89' lang='grc'>6666</span> <span class='ocrx_word' id='word_1_648' title='bbox 1227 4077 1346 4148; x_wconf 88' lang='grc'>6616616,</span> <span class='ocrx_word' id='word_1_649' title='bbox 1362 4077 1432 4133; x_wconf 84' lang='lat' dir='ltr'><strong>iecit</strong></span> <span class='ocrx_word' id='word_1_650' title='bbox 1446 4078 1499 4134; x_wconf 91' lang='lat' dir='ltr'><strong>tibi</strong></span> <span class='ocrx_word' id='word_1_651' title='bbox 1516 4080 1660 4138; x_wconf 89' lang='lat' dir='ltr'><strong>Dominus</strong></span> <span class='ocrx_word' id='word_1_652' title='bbox 1675 4083 1775 4143; x_wconf 89' lang='lat' dir='ltr'><strong>bodie.</strong></span> <span class='ocrx_word' id='word_1_653' title='bbox 1791 4086 1822 4143; x_wconf 77' lang='grc'>81</span> 
     </span>
     <span class='ocr_line' id='line_1_57' title="bbox 120 4162 1821 4237; baseline 0.003 -12"><span class='ocrx_word' id='word_1_654' title='bbox 120 4185 185 4226; x_wconf 87' lang='grc'>666.</span> <span class='ocrx_word' id='word_1_655' title='bbox 202 4165 320 4224; x_wconf 74' lang='grc'>616661</span> <span class='ocrx_word' id='word_1_656' title='bbox 344 4164 469 4222; x_wconf 89' lang='lat' dir='ltr'><strong>abstulit</strong></span> <span class='ocrx_word' id='word_1_657' title='bbox 493 4180 595 4237; x_wconf 88' lang='lat' dir='ltr'><strong>magos</strong></span> <span class='ocrx_word' id='word_1_658' title='bbox 620 4165 943 4224; x_wconf 84' lang='grc'>61666161666616666.</span> <span class='ocrx_word' id='word_1_659' title='bbox 998 4163 1081 4221; x_wconf 89' lang='lat' dir='ltr'><strong>dabit</strong></span> <span class='ocrx_word' id='word_1_660' title='bbox 1094 4162 1239 4221; x_wconf 90' lang='lat' dir='ltr'><strong>Dominus</strong></span> <span class='ocrx_word' id='word_1_661' title='bbox 1253 4166 1342 4222; x_wconf 86' lang='lat' dir='ltr'><strong>etiam</strong></span> <span class='ocrx_word' id='word_1_662' title='bbox 1365 4166 1453 4222; x_wconf 88' lang='grc'>166661</span> <span class='ocrx_word' id='word_1_663' title='bbox 1471 4173 1568 4224; x_wconf 90' lang='lat' dir='ltr'><strong>tecum</strong></span> <span class='ocrx_word' id='word_1_664' title='bbox 1584 4170 1614 4225; x_wconf 92' lang='lat' dir='ltr'>in</span> <span class='ocrx_word' id='word_1_665' title='bbox 1630 4188 1741 4230; x_wconf 91' lang='lat' dir='ltr'><strong>manus</strong></span> <span class='ocrx_word' id='word_1_666' title='bbox 1756 4174 1821 4232; x_wconf 85' lang='lat' dir='ltr'><strong>Phi·</strong></span> 
     </span>
     <span class='ocr_line' id='line_1_58' title="bbox 120 4253 1821 4330; baseline 0.005 -16"><span class='ocrx_word' id='word_1_667' title='bbox 120 4255 354 4330; x_wconf 84' lang='lat' dir='ltr'><strong>Congregatique</strong></span> <span class='ocrx_word' id='word_1_668' title='bbox 368 4259 439 4310; x_wconf 90' lang='lat' dir='ltr'><strong>sunt</strong></span> <span class='ocrx_word' id='word_1_669' title='bbox 454 4253 634 4322; x_wconf 80' lang='lat' dir='ltr'><strong>Philisthim,</strong></span> <span class='ocrx_word' id='word_1_670' title='bbox 648 4260 678 4311; x_wconf 91' lang='lat' dir='ltr'>et</span> <span class='ocrx_word' id='word_1_671' title='bbox 691 4265 841 4328; x_wconf 86' lang='lat' dir='ltr'><strong>venerunt,</strong></span> <span class='ocrx_word' id='word_1_672' title='bbox 856 4261 945 4313; x_wconf 87' lang='lat' dir='ltr'><strong>etca-</strong></span> <span class='ocrx_word' id='word_1_673' title='bbox 998 4253 1111 4310; x_wconf 87' lang='lat' dir='ltr'><strong>listbim</strong></span> <span class='ocrx_word' id='word_1_674' title='bbox 1127 4269 1134 4310; x_wconf 91' lang='lat'>:</span> <span class='ocrx_word' id='word_1_675' title='bbox 1150 4270 1215 4310; x_wconf 89' lang='lat' dir='ltr'><strong>cras</strong></span> <span class='ocrx_word' id='word_1_676' title='bbox 1226 4255 1304 4311; x_wconf 91' lang='lat' dir='ltr'><strong>anim</strong></span> <span class='ocrx_word' id='word_1_677' title='bbox 1317 4261 1348 4311; x_wconf 95' lang='lat' dir='ltr'>tu</span> <span class='ocrx_word' id='word_1_678' title='bbox 1375 4254 1427 4311; x_wconf 91' lang='grc'>11111</span> <span class='ocrx_word' id='word_1_679' title='bbox 1450 4256 1494 4313; x_wconf 92' lang='grc'>161</span> <span class='ocrx_word' id='word_1_680' title='bbox 1508 4274 1622 4315; x_wconf 90' lang='lat' dir='ltr'><strong>mecum</strong></span> <span class='ocrx_word' id='word_1_681' title='bbox 1648 4260 1734 4319; x_wconf 86' lang='lat' dir='ltr'><strong>eritis</strong></span> <span class='ocrx_word' id='word_1_682' title='bbox 1749 4281 1757 4319; x_wconf 92' lang='lat'>:</span> <span class='ocrx_word' id='word_1_683' title='bbox 1773 4264 1821 4322; x_wconf 88' lang='lat' dir='ltr'>sod</span> 
     </span>
     <span class='ocr_line' id='line_1_59' title="bbox 120 4342 1822 4417; baseline 0.004 -14"><span class='ocrx_word' id='word_1_684' title='bbox 120 4343 285 4403; x_wconf 85' lang='lat' dir='ltr'><strong>strematati</strong></span> <span class='ocrx_word' id='word_1_685' title='bbox 300 4342 415 4401; x_wconf 87' lang='grc'>666116</span> <span class='ocrx_word' id='word_1_686' title='bbox 439 4343 550 4399; x_wconf 81' lang='lat' dir='ltr'><strong>Sonam</strong></span> <span class='ocrx_word' id='word_1_687' title='bbox 567 4359 574 4399; x_wconf 93' lang='lat'><strong>:</strong></span> <span class='ocrx_word' id='word_1_688' title='bbox 591 4344 778 4417; x_wconf 81' lang='lat' dir='ltr'><strong>congregavit</strong></span> <span class='ocrx_word' id='word_1_689' title='bbox 801 4349 900 4402; x_wconf 89' lang='lat' dir='ltr'><strong>autem</strong></span> <span class='ocrx_word' id='word_1_690' title='bbox 916 4349 946 4402; x_wconf 89' lang='lat' dir='ltr'>et</span> <span class='ocrx_word' id='word_1_691' title='bbox 999 4346 1028 4400; x_wconf 92' lang='grc'>61</span> <span class='ocrx_word' id='word_1_692' title='bbox 1042 4346 1138 4401; x_wconf 86' lang='lat' dir='ltr'><strong>castra</strong></span> <span class='ocrx_word' id='word_1_693' title='bbox 1162 4343 1252 4403; x_wconf 82' lang='lat' dir='ltr'><strong>lsrael</strong></span> <span class='ocrx_word' id='word_1_694' title='bbox 1268 4345 1362 4401; x_wconf 89' lang='lat' dir='ltr'><strong>tradet</strong></span> <span class='ocrx_word' id='word_1_695' title='bbox 1383 4346 1522 4403; x_wconf 89' lang='lat' dir='ltr'><strong>Dominus</strong></span> <span class='ocrx_word' id='word_1_696' title='bbox 1545 4346 1574 4403; x_wconf 93' lang='grc'>16</span> <span class='ocrx_word' id='word_1_697' title='bbox 1600 4364 1707 4408; x_wconf 87' lang='lat' dir='ltr'><strong>manus</strong></span> <span class='ocrx_word' id='word_1_698' title='bbox 1731 4353 1822 4410; x_wconf 85' lang='lat' dir='ltr'><strong>Phili·</strong></span> 
     </span>
    </p>
   </div>
   <div class='ocr_carea' id='block_1_15' title="bbox 121 4544 1826 5216">
    <p class='ocr_par' dir='ltr' id='par_1_15' title="bbox 122 4544 1824 4848">
     <span class='ocr_line' id='line_1_60' title="bbox 159 4544 1823 4631; baseline 0.009 -17"><span class='ocrx_word' id='word_1_699' title='bbox 159 4560 169 4597; x_wconf 81' lang='lat'>¹</span> <span class='ocrx_word' id='word_1_700' title='bbox 185 4557 321 4615; x_wconf 85' lang='lat' dir='ltr'><strong>Secunda</strong></span> <span class='ocrx_word' id='word_1_701' title='bbox 337 4573 427 4613; x_wconf 86' lang='lat' dir='ltr'><strong>manu</strong></span> <span class='ocrx_word' id='word_1_702' title='bbox 442 4555 585 4629; x_wconf 86' lang='lat' dir='ltr'><strong>scriptum</strong></span> <span class='ocrx_word' id='word_1_703' title='bbox 601 4560 646 4613; x_wconf 89' lang='lat' dir='ltr'>ost</span> <span class='ocrx_word' id='word_1_704' title='bbox 661 4555 690 4611; x_wconf 92' lang='lat' dir='ltr'>in</span> <span class='ocrx_word' id='word_1_705' title='bbox 707 4573 829 4626; x_wconf 90' lang='lat' dir='ltr'><strong>canone,</strong></span> <span class='ocrx_word' id='word_1_706' title='bbox 845 4561 945 4617; x_wconf 83' lang='grc'>16666</span> <span class='ocrx_word' id='word_1_707' title='bbox 960 4544 983 4610; x_wconf 90' lang='lat' dir='ltr'><strong>D</strong></span> <span class='ocrx_word' id='word_1_708' title='bbox 1000 4559 1145 4631; x_wconf 85' lang='lat' dir='ltr'><strong>regionem</strong></span> <span class='ocrx_word' id='word_1_709' title='bbox 1172 4558 1426 4616; x_wconf 89' lang='lat' dir='ltr'><strong>Philisthinorum.</strong></span> <span class='ocrx_word' id='word_1_710' title='bbox 1442 4565 1521 4617; x_wconf 87' lang='grc'>11666</span> <span class='ocrx_word' id='word_1_711' title='bbox 1549 4567 1646 4620; x_wconf 89' lang='lat' dir='ltr'><strong>autem</strong></span> <span class='ocrx_word' id='word_1_712' title='bbox 1675 4565 1823 4630; x_wconf 85' lang='lat' dir='ltr'><strong>Samuelis</strong></span> 
     </span>
     <span class='ocr_line' id='line_1_61' title="bbox 122 4627 1824 4760; baseline 0.007 -71"><span class='ocrx_word' id='word_1_713' title='bbox 122 4629 236 4689; x_wconf 81' lang='lat' dir='ltr'><strong>urbium</strong></span> <span class='ocrx_word' id='word_1_714' title='bbox 250 4631 326 4686; x_wconf 85' lang='lat' dir='ltr'><strong>circo</strong></span> <span class='ocrx_word' id='word_1_715' title='bbox 339 4644 433 4700; x_wconf 79' lang='grc'>66666.</span> <span class='ocrx_word' id='word_1_716' title='bbox 458 4627 559 4685; x_wconf 74' lang='lat' dir='ltr'><strong>Castori</strong></span> <span class='ocrx_word' id='word_1_717' title='bbox 578 4644 681 4685; x_wconf 85' lang='lat' dir='ltr'><strong>omnes</strong></span> <span class='ocrx_word' id='word_1_718' title='bbox 705 4645 760 4688; x_wconf 90' lang='lat' dir='ltr'>ms.</span> <span class='ocrx_word' id='word_1_719' title='bbox 775 4631 890 4688; x_wconf 90' lang='lat' dir='ltr'><strong>codices</strong></span> <span class='ocrx_word' id='word_1_720' title='bbox 906 4632 945 4688; x_wconf 90' lang='lat' dir='ltr'>le·</span> <span class='ocrx_word' id='word_1_721' title='bbox 999 4632 1148 4760; x_wconf 60' lang='grc'>66666666</span> <span class='ocrx_word' id='word_1_722' title='bbox 1164 4631 1401 4714; x_wconf 71' lang='grc'>66661666866116</span> <span class='ocrx_word' id='word_1_723' title='bbox 1425 4639 1537 4704; x_wconf 88' lang='lat' dir='ltr'><strong>septem</strong></span> <span class='ocrx_word' id='word_1_724' title='bbox 1558 4637 1701 4694; x_wconf 85' lang='lat' dir='ltr'><strong>duntaxat</strong></span> <span class='ocrx_word' id='word_1_725' title='bbox 1718 4644 1824 4701; x_wconf 89' lang='lat' dir='ltr'><strong>mensi·</strong></span> 
     </span>
     <span class='ocr_line' id='line_1_62' title="bbox 122 4699 1821 4780; baseline 0.008 -22"><span class='ocrx_word' id='word_1_726' title='bbox 122 4706 198 4777; x_wconf 91' lang='lat' dir='ltr'><strong>gunt</strong></span> <span class='ocrx_word' id='word_1_727' title='bbox 208 4702 293 4772; x_wconf 87' lang='lat' dir='ltr'><strong>juxta</strong></span> <span class='ocrx_word' id='word_1_728' title='bbox 317 4701 394 4773; x_wconf 91' lang='lat' dir='ltr'><strong>quod</strong></span> <span class='ocrx_word' id='word_1_729' title='bbox 411 4699 522 4757; x_wconf 90' lang='lat' dir='ltr'><strong>editum</strong></span> <span class='ocrx_word' id='word_1_730' title='bbox 539 4706 584 4757; x_wconf 88' lang='lat' dir='ltr'>est</span> <span class='ocrx_word' id='word_1_731' title='bbox 601 4717 607 4756; x_wconf 93' lang='lat'>:</span> <span class='ocrx_word' id='word_1_732' title='bbox 624 4700 711 4770; x_wconf 89' lang='lat' dir='ltr'><strong>idque</strong></span> <span class='ocrx_word' id='word_1_733' title='bbox 734 4708 854 4772; x_wconf 81' lang='grc'>6666161</span> <span class='ocrx_word' id='word_1_734' title='bbox 869 4702 947 4759; x_wconf 90' lang='lat' dir='ltr'><strong>male</strong></span> <span class='ocrx_word' id='word_1_735' title='bbox 1021 4720 1066 4759; x_wconf 88' lang='lat' dir='ltr'>us.</span> <span class='ocrx_word' id='word_1_736' title='bbox 1083 4703 1281 4774; x_wconf 87' lang='lat' dir='ltr'><strong>ltaquejuxta</strong></span> <span class='ocrx_word' id='word_1_737' title='bbox 1295 4701 1362 4758; x_wconf 81' lang='lat' dir='ltr'><strong>illos</strong></span> <span class='ocrx_word' id='word_1_738' title='bbox 1373 4704 1541 4776; x_wconf 87' lang='lat' dir='ltr'><strong>scriptores,</strong></span> <span class='ocrx_word' id='word_1_739' title='bbox 1553 4707 1665 4780; x_wconf 90' lang='lat' dir='ltr'><strong>aliquot</strong></span> <span class='ocrx_word' id='word_1_740' title='bbox 1677 4709 1744 4768; x_wconf 89' lang='grc'>6166</span> <span class='ocrx_word' id='word_1_741' title='bbox 1756 4730 1821 4772; x_wconf 90' lang='lat' dir='ltr'>enm</span> 
     </span>
     <span class='ocr_line' id='line_1_63' title="bbox 123 4771 1824 4848; baseline 0.007 -16"><span class='ocrx_word' id='word_1_742' title='bbox 123 4773 285 4833; x_wconf 82' lang='lat' dir='ltr'><strong>emendatas</strong></span> <span class='ocrx_word' id='word_1_743' title='bbox 299 4771 416 4829; x_wconf 87' lang='lat' dir='ltr'><strong>lectioni</strong></span> <span class='ocrx_word' id='word_1_744' title='bbox 431 4772 461 4827; x_wconf 91' lang='lat' dir='ltr'>in</span> <span class='ocrx_word' id='word_1_745' title='bbox 477 4776 554 4828; x_wconf 88' lang='lat' dir='ltr'><strong>texto</strong></span> <span class='ocrx_word' id='word_1_746' title='bbox 571 4772 707 4829; x_wconf 87' lang='grc'>6666616.</span> <span class='ocrx_word' id='word_1_747' title='bbox 721 4776 811 4829; x_wconf 76' lang='lat' dir='ltr'><strong>Mser.</strong></span> <span class='ocrx_word' id='word_1_748' title='bbox 1000 4780 1128 4848; x_wconf 88' lang='lat' dir='ltr'><strong>quatuor</strong></span> <span class='ocrx_word' id='word_1_749' title='bbox 1143 4775 1294 4831; x_wconf 89' lang='lat' dir='ltr'><strong>mensibus</strong></span> <span class='ocrx_word' id='word_1_750' title='bbox 1320 4775 1408 4831; x_wconf 85' lang='lat' dir='ltr'><strong>David</strong></span> <span class='ocrx_word' id='word_1_751' title='bbox 1427 4783 1626 4836; x_wconf 87' lang='lat' dir='ltr'><strong>commoratus</strong></span> <span class='ocrx_word' id='word_1_752' title='bbox 1648 4784 1696 4838; x_wconf 87' lang='grc'>661</span> <span class='ocrx_word' id='word_1_753' title='bbox 1719 4782 1751 4841; x_wconf 89' lang='grc'>16</span> <span class='ocrx_word' id='word_1_754' title='bbox 1774 4785 1824 4843; x_wconf 86' lang='grc'>1116</span> 
     </span>
    </p>

    <p class='ocr_par' dir='ltr' id='par_1_16' title="bbox 121 4842 1826 5216">
     <span class='ocr_line' id='line_1_64' title="bbox 159 4842 1494 4905; baseline 0.002 -3"><span class='ocrx_word' id='word_1_755' title='bbox 159 4846 170 4883; x_wconf 91' lang='lat'><strong>¹</strong></span> <span class='ocrx_word' id='word_1_756' title='bbox 186 4846 280 4902; x_wconf 82' lang='lat' dir='ltr'><strong>Codex</strong></span> <span class='ocrx_word' id='word_1_757' title='bbox 295 4842 518 4900; x_wconf 86' lang='lat' dir='ltr'><strong>vetustissimus</strong></span> <span class='ocrx_word' id='word_1_758' title='bbox 542 4842 727 4902; x_wconf 77' lang='lat' dir='ltr'><strong>corbeiensis</strong></span> <span class='ocrx_word' id='word_1_759' title='bbox 750 4860 780 4900; x_wconf 90' lang='lat' dir='ltr'><strong>n.</strong></span> <span class='ocrx_word' id='word_1_760' title='bbox 797 4846 831 4901; x_wconf 90' lang='grc'>13</span> <span class='ocrx_word' id='word_1_761' title='bbox 865 4846 947 4903; x_wconf 88' lang='grc'>66611</span> <span class='ocrx_word' id='word_1_762' title='bbox 1000 4863 1030 4904; x_wconf 88' lang='grc'>66</span> <span class='ocrx_word' id='word_1_763' title='bbox 1052 4846 1118 4903; x_wconf 86' lang='grc'>1666</span> <span class='ocrx_word' id='word_1_764' title='bbox 1133 4845 1387 4903; x_wconf 86' lang='lat' dir='ltr'><strong>Philisthinorum.</strong></span> <span class='ocrx_word' id='word_1_765' title='bbox 1401 4850 1494 4905; x_wconf 81' lang='grc'>11666.</span> 
     </span>
     <span class='ocr_line' id='line_1_65' title="bbox 121 4862 1824 5002; baseline 0.007 -29"><span class='ocrx_word' id='word_1_766' title='bbox 121 4918 257 4984; x_wconf 82' lang='lat' dir='ltr'><strong>verbum,</strong></span> <span class='ocrx_word' id='word_1_767' title='bbox 281 4916 372 4988; x_wconf 80' lang='lat' dir='ltr'><strong>quavi,</strong></span> <span class='ocrx_word' id='word_1_768' title='bbox 387 4914 416 4971; x_wconf 92' lang='grc'>16</span> <span class='ocrx_word' id='word_1_769' title='bbox 432 4919 487 4985; x_wconf 88' lang='grc'>661,</span> <span class='ocrx_word' id='word_1_770' title='bbox 512 4914 593 4987; x_wconf 77' lang='lat' dir='ltr'><strong>quusi</strong></span> <span class='ocrx_word' id='word_1_771' title='bbox 615 4919 733 4987; x_wconf 85' lang='lat' dir='ltr'><strong>quotuor</strong></span> <span class='ocrx_word' id='word_1_772' title='bbox 749 4890 896 4973; x_wconf 76' lang='lat' dir='ltr'><strong>mensium.</strong></span> <span class='ocrx_word' id='word_1_773' title='bbox 913 4917 945 4974; x_wconf 94' lang='grc'>16</span> <span class='ocrx_word' id='word_1_774' title='bbox 1031 4862 1103 4975; x_wconf 56' lang='grc' dir='ltr'>ς116</span> <span class='ocrx_word' id='word_1_775' title='bbox 1122 4917 1220 4974; x_wconf 87' lang='grc'>66666</span> <span class='ocrx_word' id='word_1_776' title='bbox 1245 4918 1431 5002; x_wconf 74' lang='lat' dir='ltr'><strong>emendatus,</strong></span> <span class='ocrx_word' id='word_1_777' title='bbox 1457 4924 1487 4976; x_wconf 88' lang='grc'>61</span> <span class='ocrx_word' id='word_1_778' title='bbox 1505 4921 1596 4978; x_wconf 90' lang='lat' dir='ltr'><strong>codex</strong></span> <span class='ocrx_word' id='word_1_779' title='bbox 1622 4922 1711 4982; x_wconf 83' lang='lat' dir='ltr'><strong>Corb.</strong></span> <span class='ocrx_word' id='word_1_780' title='bbox 1736 4943 1768 4985; x_wconf 87' lang='grc'>6.</span> <span class='ocrx_word' id='word_1_781' title='bbox 1792 4928 1824 4985; x_wconf 86' lang='grc'>13</span> 
     </span>
     <span class='ocr_line' id='line_1_66' title="bbox 122 4985 1824 5064; baseline 0.003 -17"><span class='ocrx_word' id='word_1_782' title='bbox 122 4989 243 5047; x_wconf 75' lang='lat' dir='ltr'><strong>Hebron</strong></span> <span class='ocrx_word' id='word_1_783' title='bbox 259 4985 748 5060; x_wconf 72' lang='lat' dir='ltr'><strong>seriptumtegiturnrnvnnunno</strong></span> <span class='ocrx_word' id='word_1_784' title='bbox 758 4990 946 5059; x_wconf 61' lang='grc'>1116616666</span> <span class='ocrx_word' id='word_1_785' title='bbox 1001 4990 1096 5062; x_wconf 89' lang='lat' dir='ltr'><strong>prims</strong></span> <span class='ocrx_word' id='word_1_786' title='bbox 1112 4988 1276 5045; x_wconf 71' lang='lat' dir='ltr'><strong>manullo</strong></span> <span class='ocrx_word' id='word_1_787' title='bbox 1293 4995 1428 5062; x_wconf 89' lang='lat' dir='ltr'><strong>corrupte</strong></span> <span class='ocrx_word' id='word_1_788' title='bbox 1441 4989 1544 5064; x_wconf 90' lang='lat' dir='ltr'><strong>legunt</strong></span> <span class='ocrx_word' id='word_1_789' title='bbox 1558 4992 1640 5050; x_wconf 84' lang='lat' dir='ltr'><strong>Gedri</strong></span> <span class='ocrx_word' id='word_1_790' title='bbox 1653 5002 1704 5052; x_wconf 89' lang='lat' dir='ltr'>sut</span> <span class='ocrx_word' id='word_1_791' title='bbox 1721 4996 1824 5057; x_wconf 71' lang='grc'>661666.</span> 
     </span>
     <span class='ocr_line' id='line_1_67' title="bbox 123 5057 1825 5136; baseline 0.006 -18"><span class='ocrx_word' id='word_1_792' title='bbox 123 5061 245 5118; x_wconf 87' lang='lat' dir='ltr'><strong>veorboo</strong></span> <span class='ocrx_word' id='word_1_793' title='bbox 259 5058 453 5123; x_wconf 81' lang='lat' dir='ltr'><strong>thodosctim,</strong></span> <span class='ocrx_word' id='word_1_794' title='bbox 464 5058 541 5130; x_wconf 93' lang='lat' dir='ltr'><strong>qood</strong></span> <span class='ocrx_word' id='word_1_795' title='bbox 553 5057 827 5130; x_wconf 85' lang='lat' dir='ltr'><strong>interpretaturdiss</strong></span> <span class='ocrx_word' id='word_1_796' title='bbox 840 5063 867 5117; x_wconf 87' lang='grc'>61</span> <span class='ocrx_word' id='word_1_797' title='bbox 881 5076 948 5133; x_wconf 85' lang='grc'>666·</span> <span class='ocrx_word' id='word_1_798' title='bbox 1000 5062 1076 5128; x_wconf 89' lang='grc'>0616</span> <span class='ocrx_word' id='word_1_799' title='bbox 1092 5065 1120 5117; x_wconf 88' lang='grc'>61</span> <span class='ocrx_word' id='word_1_800' title='bbox 1135 5060 1296 5117; x_wconf 86' lang='lat' dir='ltr'><strong>hodiernus</strong></span> <span class='ocrx_word' id='word_1_801' title='bbox 1310 5061 1449 5118; x_wconf 82' lang='grc'>11666666</span> <span class='ocrx_word' id='word_1_802' title='bbox 1465 5069 1643 5136; x_wconf 82' lang='lat' dir='ltr'><strong>prepostero</strong></span> <span class='ocrx_word' id='word_1_803' title='bbox 1658 5066 1825 5128; x_wconf 82' lang='lat' dir='ltr'><strong>litterarum</strong></span> 
     </span>
     <span class='ocr_line' id='line_1_68' title="bbox 123 5129 1826 5216; baseline 0.006 -26"><span class='ocrx_word' id='word_1_804' title='bbox 123 5141 187 5191; x_wconf 83' lang='lat' dir='ltr'><strong>tuor</strong></span> <span class='ocrx_word' id='word_1_805' title='bbox 200 5146 316 5188; x_wconf 78' lang='grc'>6666666.</span> <span class='ocrx_word' id='word_1_806' title='bbox 332 5135 421 5187; x_wconf 85' lang='lat' dir='ltr'><strong>Porro</strong></span> <span class='ocrx_word' id='word_1_807' title='bbox 435 5134 525 5202; x_wconf 80' lang='lat' dir='ltr'><strong>Syrus</strong></span> <span class='ocrx_word' id='word_1_808' title='bbox 540 5133 569 5185; x_wconf 90' lang='lat' dir='ltr'>et</span> <span class='ocrx_word' id='word_1_809' title='bbox 585 5129 678 5187; x_wconf 80' lang='grc'>16666</span> <span class='ocrx_word' id='word_1_810' title='bbox 692 5147 744 5202; x_wconf 89' lang='grc'>666</span> <span class='ocrx_word' id='word_1_811' title='bbox 763 5131 946 5189; x_wconf 76' lang='grc'>6166666616</span> <span class='ocrx_word' id='word_1_812' title='bbox 1000 5133 1101 5189; x_wconf 90' lang='lat' dir='ltr'><strong>ordine</strong></span> <span class='ocrx_word' id='word_1_813' title='bbox 1117 5133 1259 5205; x_wconf 90' lang='lat' dir='ltr'><strong>scriptum</strong></span> <span class='ocrx_word' id='word_1_814' title='bbox 1284 5132 1373 5189; x_wconf 88' lang='lat' dir='ltr'><strong>habet</strong></span> <span class='ocrx_word' id='word_1_815' title='bbox 1397 5142 1467 5198; x_wconf 76' lang='grc'>1116.</span> <span class='ocrx_word' id='word_1_816' title='bbox 1483 5134 1575 5202; x_wconf 76' lang='grc' dir='ltr'>616ιὶ,</span> <span class='ocrx_word' id='word_1_817' title='bbox 1597 5136 1641 5193; x_wconf 84' lang='grc'>661</span> <span class='ocrx_word' id='word_1_818' title='bbox 1663 5138 1751 5199; x_wconf 75' lang='lat' dir='ltr'><strong>Garsi</strong></span> <span class='ocrx_word' id='word_1_819' title='bbox 1775 5159 1826 5216; x_wconf 90' lang='lat' dir='ltr'>pro</span> 
     </span>
    </p>
   </div>
   <div class='ocr_carea' id='block_1_16' title="bbox 122 5200 1827 5345">
    <p class='ocr_par' dir='ltr' id='par_1_17' title="bbox 122 5200 1827 5345">
     <span class='ocr_line' id='line_1_69' title="bbox 123 5200 1827 5277; baseline -0.002 -15"><span class='ocrx_word' id='word_1_820' title='bbox 123 5203 294 5277; x_wconf 81' lang='lat' dir='ltr'><strong>intelligunt</strong></span> <span class='ocrx_word' id='word_1_821' title='bbox 309 5217 317 5258; x_wconf 78' lang='lat'>2</span> <span class='ocrx_word' id='word_1_822' title='bbox 333 5200 403 5258; x_wconf 91' lang='lat' dir='ltr'><strong>hinc</strong></span> <span class='ocrx_word' id='word_1_823' title='bbox 424 5201 503 5273; x_wconf 87' lang='lat' dir='ltr'><strong>apud</strong></span> <span class='ocrx_word' id='word_1_824' title='bbox 529 5216 579 5257; x_wconf 90' lang='lat' dir='ltr'>eos</span> <span class='ocrx_word' id='word_1_825' title='bbox 603 5203 731 5272; x_wconf 88' lang='lat' dir='ltr'><strong>reperire</strong></span> <span class='ocrx_word' id='word_1_826' title='bbox 744 5212 808 5259; x_wconf 87' lang='lat' dir='ltr'><strong>est:</strong></span> <span class='ocrx_word' id='word_1_827' title='bbox 827 5205 947 5276; x_wconf 70' lang='lat' dir='ltr'><strong>fuitque</strong></span> <span class='ocrx_word' id='word_1_828' title='bbox 1000 5212 1059 5266; x_wconf 68' lang='grc'>166</span> <span class='ocrx_word' id='word_1_829' title='bbox 1080 5203 1169 5261; x_wconf 78' lang='grc'>66661.</span> <span class='ocrx_word' id='word_1_830' title='bbox 1194 5208 1290 5260; x_wconf 88' lang='grc'>116661</span> <span class='ocrx_word' id='word_1_831' title='bbox 1306 5210 1404 5261; x_wconf 85' lang='lat' dir='ltr'><strong>tameo</strong></span> <span class='ocrx_word' id='word_1_832' title='bbox 1431 5206 1495 5263; x_wconf 77' lang='lat' dir='ltr'><strong>cers·</strong></span> <span class='ocrx_word' id='word_1_833' title='bbox 1517 5206 1771 5270; x_wconf 82' lang='grc'>116666661666666</span> <span class='ocrx_word' id='word_1_834' title='bbox 1786 5214 1827 5272; x_wconf 84' lang='grc'>16.</span> 
     </span>
     <span class='ocr_line' id='line_1_70' title="bbox 122 5272 944 5345; baseline 0 -13"><span class='ocrx_word' id='word_1_835' title='bbox 122 5291 257 5334; x_wconf 82' lang='lat' dir='ltr'><strong>numeros</strong></span> <span class='ocrx_word' id='word_1_836' title='bbox 281 5273 390 5330; x_wconf 84' lang='lat' dir='ltr'><strong>dieram</strong></span> <span class='ocrx_word' id='word_1_837' title='bbox 412 5272 512 5345; x_wconf 81' lang='lat' dir='ltr'><strong>quibus</strong></span> <span class='ocrx_word' id='word_1_838' title='bbox 533 5277 717 5330; x_wconf 82' lang='lat' dir='ltr'><strong>commoratos</strong></span> <span class='ocrx_word' id='word_1_839' title='bbox 744 5277 784 5329; x_wconf 82' lang='lat' dir='ltr'>est</span> <span class='ocrx_word' id='word_1_840' title='bbox 804 5274 892 5332; x_wconf 75' lang='lat' dir='ltr'><strong>David</strong></span> <span class='ocrx_word' id='word_1_841' title='bbox 915 5277 944 5332; x_wconf 81' lang='lat' dir='ltr'>in</span> 
     </span>
    </p>
   </div>
   <div class='ocr_carea' id='block_1_17' title="bbox 124 5275 1825 5416">
    <p class='ocr_par' dir='ltr' id='par_1_18' title="bbox 124 5275 1825 5416">
     <span class='ocr_line' id='line_1_71' title="bbox 124 5275 1825 5416; baseline -0.016 -46"><span class='ocrx_word' id='word_1_842' title='bbox 124 5357 197 5406; x_wconf 61' lang='lat' dir='ltr'><strong><em>m</em></strong></span> <span class='ocrx_word' id='word_1_843' title='bbox 211 5344 449 5414; x_wconf 41' lang='lat' dir='ltr'><strong><em>mmmmm,</em></strong></span> <span class='ocrx_word' id='word_1_844' title='bbox 464 5344 535 5400; x_wconf 61' lang='lat' dir='ltr'><em>anm.</em></span> <span class='ocrx_word' id='word_1_845' title='bbox 547 5347 576 5399; x_wconf 54' lang='lat' dir='ltr'>et</span> <span class='ocrx_word' id='word_1_846' title='bbox 590 5352 710 5415; x_wconf 49' lang='lat' dir='ltr'>quatuor</span> <span class='ocrx_word' id='word_1_847' title='bbox 724 5347 870 5416; x_wconf 47' lang='lat' dir='ltr'><strong><em>mmmm,</em></strong></span> <span class='ocrx_word' id='word_1_848' title='bbox 886 5346 946 5403; x_wconf 52' lang='lat' dir='ltr'>sivo</span> <span class='ocrx_word' id='word_1_849' title='bbox 999 5275 1239 5404; x_wconf 51' lang='grc'>6666666166</span> <span class='ocrx_word' id='word_1_850' title='bbox 1253 5276 1399 5334; x_wconf 83' lang='lat' dir='ltr'><strong>edidimus</strong></span> <span class='ocrx_word' id='word_1_851' title='bbox 1413 5276 1451 5351; x_wconf 90' lang='grc'>66</span> <span class='ocrx_word' id='word_1_852' title='bbox 1461 5278 1548 5335; x_wconf 85' lang='lat' dir='ltr'><strong>fidem</strong></span> <span class='ocrx_word' id='word_1_853' title='bbox 1564 5278 1825 5345; x_wconf 68' lang='lat' dir='ltr'><strong>mastaurorum.</strong></span> 
     </span>
    </p>
   </div>
   <div class='ocr_carea' id='block_1_18' title="bbox 1029 5362 1094 5403">
    <p class='ocr_par' dir='ltr' id='par_1_19' title="bbox 1029 5362 1094 5403">
     <span class='ocr_line' id='line_1_72' title="bbox 1029 5362 1094 5403; baseline 0.015 -1"><span class='ocrx_word' id='word_1_854' title='bbox 1029 5362 1094 5403; x_wconf 69' lang='lat' dir='ltr'><strong>Ani.</strong></span> 
     </span>
    </p>
   </div>
   <div class='ocr_carea' id='block_1_19' title="bbox 124 5415 1823 5545">
    <p class='ocr_par' dir='ltr' id='par_1_20' title="bbox 124 5415 1823 5545">
     <span class='ocr_line' id='line_1_73' title="bbox 124 5415 1823 5545; baseline -0.004 -68"><span class='ocrx_word' id='word_1_855' title='bbox 124 5420 250 5492; x_wconf 88' lang='grc'>616666</span> <span class='ocrx_word' id='word_1_856' title='bbox 266 5415 445 5487; x_wconf 84' lang='lat' dir='ltr'><strong>Chaldaeum,</strong></span> <span class='ocrx_word' id='word_1_857' title='bbox 460 5415 518 5472; x_wconf 85' lang='grc'>6166</span> <span class='ocrx_word' id='word_1_858' title='bbox 531 5422 639 5483; x_wconf 68' lang='lat' dir='ltr'><strong>umbus</strong></span> <span class='ocrx_word' id='word_1_859' title='bbox 653 5415 820 5488; x_wconf 83' lang='lat' dir='ltr'><strong>intempore</strong></span> <span class='ocrx_word' id='word_1_860' title='bbox 834 5423 860 5474; x_wconf 87' lang='grc'>61</span> <span class='ocrx_word' id='word_1_861' title='bbox 874 5435 946 5545; x_wconf 69' lang='lat' dir='ltr'><strong>quo·</strong></span> <span class='ocrx_word' id='word_1_862' title='bbox 1035 5450 1069 5460; x_wconf 90' lang='lat'><strong>—</strong></span> <span class='ocrx_word' id='word_1_863' title='bbox 1088 5418 1248 5474; x_wconf 88' lang='lat' dir='ltr'><strong>Veronena.</strong></span> <span class='ocrx_word' id='word_1_864' title='bbox 1273 5434 1391 5508; x_wconf 89' lang='lat' dir='ltr'><strong>quoque</strong></span> <span class='ocrx_word' id='word_1_865' title='bbox 1415 5435 1470 5475; x_wconf 89' lang='lat' dir='ltr'>ms.</span> <span class='ocrx_word' id='word_1_866' title='bbox 1496 5436 1563 5477; x_wconf 87' lang='lat' dir='ltr'><strong>curn</strong></span> <span class='ocrx_word' id='word_1_867' title='bbox 1586 5420 1736 5497; x_wconf 67' lang='lat' dir='ltr'><strong>plerisque</strong></span> <span class='ocrx_word' id='word_1_868' title='bbox 1758 5427 1823 5487; x_wconf 58' lang='grc'>,(6.</span> 
     </span>
    </p>
   </div>
   <div class='ocr_carea' id='block_1_20' title="bbox 125 5485 1820 5706">
    <p class='ocr_par' dir='ltr' id='par_1_21' title="bbox 125 5485 1820 5706">
     <span class='ocr_line' id='line_1_74' title="bbox 125 5485 1648 5562; baseline 0.002 -14"><span class='ocrx_word' id='word_1_869' title='bbox 125 5499 189 5548; x_wconf 81' lang='lat' dir='ltr'><strong>tuor</strong></span> <span class='ocrx_word' id='word_1_870' title='bbox 201 5504 320 5547; x_wconf 74' lang='lat' dir='ltr'><strong>tremes.</strong></span> <span class='ocrx_word' id='word_1_871' title='bbox 335 5492 444 5546; x_wconf 88' lang='lat' dir='ltr'><strong>contra</strong></span> <span class='ocrx_word' id='word_1_872' title='bbox 457 5487 561 5559; x_wconf 86' lang='lat' dir='ltr'><strong>nuperi</strong></span> <span class='ocrx_word' id='word_1_873' title='bbox 576 5485 669 5543; x_wconf 92' lang='lat' dir='ltr'><strong>critici</strong></span> <span class='ocrx_word' id='word_1_874' title='bbox 690 5488 795 5544; x_wconf 89' lang='lat' dir='ltr'><strong>docent</strong></span> <span class='ocrx_word' id='word_1_875' title='bbox 815 5487 870 5546; x_wconf 91' lang='lat' dir='ltr'>boc</span> <span class='ocrx_word' id='word_1_876' title='bbox 894 5506 945 5548; x_wconf 89' lang='lat' dir='ltr'>ooo</span> <span class='ocrx_word' id='word_1_877' title='bbox 999 5505 1088 5562; x_wconf 89' lang='lat' dir='ltr'><strong>penes</strong></span> <span class='ocrx_word' id='word_1_878' title='bbox 1100 5489 1312 5559; x_wconf 81' lang='lat' dir='ltr'><strong>llartianaeum,</strong></span> <span class='ocrx_word' id='word_1_879' title='bbox 1327 5490 1410 5546; x_wconf 78' lang='grc'>16661</span> <span class='ocrx_word' id='word_1_880' title='bbox 1425 5507 1432 5547; x_wconf 91' lang='lat'>:</span> <span class='ocrx_word' id='word_1_881' title='bbox 1450 5491 1549 5548; x_wconf 87' lang='lat' dir='ltr'><strong>minus</strong></span> <span class='ocrx_word' id='word_1_882' title='bbox 1564 5493 1648 5551; x_wconf 88' lang='lat' dir='ltr'><strong>bens.</strong></span> 
     </span>
     <span class='ocr_line' id='line_1_75' title="bbox 125 5557 1820 5641; baseline 0.004 -23"><span class='ocrx_word' id='word_1_883' title='bbox 125 5561 184 5618; x_wconf 82' lang='lat' dir='ltr'><strong>dies</strong></span> <span class='ocrx_word' id='word_1_884' title='bbox 199 5578 257 5618; x_wconf 92' lang='lat' dir='ltr'>non</span> <span class='ocrx_word' id='word_1_885' title='bbox 272 5575 359 5633; x_wconf 86' lang='lat' dir='ltr'><strong>possa</strong></span> <span class='ocrx_word' id='word_1_886' title='bbox 372 5559 465 5632; x_wconf 84' lang='lat' dir='ltr'><strong>accipi</strong></span> <span class='ocrx_word' id='word_1_887' title='bbox 480 5574 533 5631; x_wconf 91' lang='lat' dir='ltr'>pro</span> <span class='ocrx_word' id='word_1_888' title='bbox 546 5573 620 5615; x_wconf 81' lang='lat' dir='ltr'><strong>oeno</strong></span> <span class='ocrx_word' id='word_1_889' title='bbox 634 5557 678 5615; x_wconf 90' lang='lat' dir='ltr'>vel</span> <span class='ocrx_word' id='word_1_890' title='bbox 692 5561 789 5628; x_wconf 63' lang='grc'>66616</span> <span class='ocrx_word' id='word_1_891' title='bbox 807 5560 875 5632; x_wconf 89' lang='grc'>6616</span> <span class='ocrx_word' id='word_1_892' title='bbox 889 5561 945 5619; x_wconf 85' lang='grc'>116·</span> <span class='ocrx_word' id='word_1_893' title='bbox 1033 5561 1130 5617; x_wconf 77' lang='lat' dir='ltr'><strong>‘cum</strong></span> <span class='ocrx_word' id='word_1_894' title='bbox 1147 5560 1266 5617; x_wconf 83' lang='grc'>1166666</span> <span class='ocrx_word' id='word_1_895' title='bbox 1289 5559 1458 5629; x_wconf 85' lang='grc'>6666116616,</span> <span class='ocrx_word' id='word_1_896' title='bbox 1472 5562 1596 5636; x_wconf 87' lang='lat' dir='ltr'><strong>ipsoque</strong></span> <span class='ocrx_word' id='word_1_897' title='bbox 1616 5570 1709 5641; x_wconf 89' lang='lat' dir='ltr'><strong>tsxtn,</strong></span> <span class='ocrx_word' id='word_1_898' title='bbox 1735 5568 1820 5631; x_wconf 80' lang='lat' dir='ltr'><strong>habat</strong></span> 
     </span>
     <span class='ocr_line' id='line_1_76' title="bbox 126 5630 1703 5706; baseline 0.006 -19"><span class='ocrx_word' id='word_1_899' title='bbox 126 5632 173 5688; x_wconf 81' lang='lat' dir='ltr'><strong>vid</strong></span> <span class='ocrx_word' id='word_1_900' title='bbox 186 5647 246 5689; x_wconf 89' lang='lat' dir='ltr'>non</span> <span class='ocrx_word' id='word_1_901' title='bbox 262 5631 321 5689; x_wconf 92' lang='lat' dir='ltr'><strong>nisi</strong></span> <span class='ocrx_word' id='word_1_902' title='bbox 334 5636 402 5705; x_wconf 87' lang='lat' dir='ltr'><strong>post</strong></span> <span class='ocrx_word' id='word_1_903' title='bbox 426 5635 551 5688; x_wconf 88' lang='lat' dir='ltr'><strong>mortem</strong></span> <span class='ocrx_word' id='word_1_904' title='bbox 573 5630 718 5689; x_wconf 79' lang='lat' dir='ltr'><strong>Samuelis</strong></span> <span class='ocrx_word' id='word_1_905' title='bbox 741 5631 892 5690; x_wconf 85' lang='lat' dir='ltr'><strong>descendit</strong></span> <span class='ocrx_word' id='word_1_906' title='bbox 912 5633 943 5690; x_wconf 89' lang='grc'>16</span> <span class='ocrx_word' id='word_1_907' title='bbox 996 5638 1027 5690; x_wconf 83' lang='grc'>61</span> <span class='ocrx_word' id='word_1_908' title='bbox 1040 5631 1184 5689; x_wconf 82' lang='lat' dir='ltr'><strong>Vononen.</strong></span> <span class='ocrx_word' id='word_1_909' title='bbox 1200 5649 1257 5690; x_wconf 90' lang='lat' dir='ltr'>ms.</span> <span class='ocrx_word' id='word_1_910' title='bbox 1272 5630 1402 5706; x_wconf 90' lang='lat' dir='ltr'><strong>pluriam</strong></span> <span class='ocrx_word' id='word_1_911' title='bbox 1417 5636 1703 5704; x_wconf 60' lang='lat' dir='ltr'><strong>numeraturum.</strong></span> 
     </span>
    </p>
   </div>
   <div class='ocr_carea' id='block_1_21' title="bbox 0 0 1965 6148">
    <p class='ocr_par' dir='ltr' id='par_1_22' title="bbox 0 0 1965 6148">
     <span class='ocr_line' id='line_1_77' title="bbox 0 0 1965 6148; baseline 0 0"><span class='ocrx_word' id='word_1_912' title='bbox 0 0 1965 6148; x_wconf 95' lang='lat' dir='ltr'> </span> 
     </span>
    </p>
   </div>
  </div>
 </body>
</html>
