3870 6120
130 203 200 260 lael
651 201 681 254 S.
702 199 906 256 aratorium
924 199 1054 255 ulvius
1071 196 1319 255 aiumornaca.
1771 192 1839 250 1³92

131 342 268 387 sermone
283 324 484 383 transferrem.
501 321 582 388 Quod
598 320 677 377 enim
694 320 786 379 semel
802 338 889 378 aures
905 321 957 378 ho·
974 321 1107 393 Anostri
1123 321 1238 378 arbitrii
1254 324 1352 393 putas,
1368 324 1418 377 aut
1433 335 1449 377 e
1463 318 1599 393 pluribus
1611 317 1751 391 judicare
1775 319 1844 391 quid

53 472 55 477 ,
134 419 248 475 minum
265 415 469 487 occupaverat,
484 415 513 466 et
528 410 679 466 nascentis
694 409 828 467 Ecclesia
842 410 963 466 robora·
1015 427 1116 467 verum
1133 411 1181 481 sit,
1198 414 1251 467 aut
1262 425 1369 466 novum
1386 425 1461 483 opus
1473 409 1503 465 in
1519 408 1610 466 veteri
1624 424 1716 482 opere
1731 408 1845 479 cudere,

134 510 217 564 verat
245 503 346 572 tidem,
369 502 486 573 justum
513 503 576 555 arat
602 499 689 556 etiam
720 503 819 556 nostro
845 496 962 556 silentio
1017 500 1270 572 illudentibusque
1297 499 1408 557 iudeis
1447 499 1599 557 cornicum
1624 494 1646 568 ¹,
1670 502 1705 554 ut
1728 497 1845 569 dicitnr,

136 591 331 666 comprobari.
348 590 433 646 Nunc
448 605 526 658 iero,
543 605 612 645 cum
628 604 679 661 pro
704 588 844 645 varietate
867 587 962 661 regio·
1017 588 1118 645 oculos
1141 588 1297 660 contigere.
1322 585 1506 643 Alexandria
1528 587 1718 659 etAEgyptus
1741 584 1774 640 in
1798 585 1847 641 Se·

135 698 207 741 num
223 681 338 738 diversa
354 679 488 736 serantur
501 677 689 750 exemplaria,
706 681 735 733 st
750 693 890 751 germana
911 675 962 732 illa
1017 677 1171 751 ptuaginta
1186 677 1249 733 suis
1264 676 1275 710 ¹
1289 674 1467 747 Hesychium
1483 675 1585 732 laudat
1602 672 1847 732 auctoremzccn·

136 771 317 844 antiquaque
332 768 485 825 translatio
506 771 644 840 corrupta
663 767 712 839 sit,
728 771 816 839 atquc
829 766 960 824 violata:
1017 764 1223 839 stantinopolis
1238 780 1334 837 usque
1349 764 1545 834 Antiochiam,
1576 763 1700 821 Luciani
1717 764 1774 837 [Al.
1797 764 1847 821 tn·

135 898 246 955 habent
261 913 328 952 mox
342 895 447 963 tibi,ut
462 899 491 952 et
505 895 535 951 in
552 894 674 952 laudata
688 893 828 967 Apologia
842 893 961 966 legitur,
1016 891 1150 948 tiendum
1163 891 1198 947 de
1214 889 1366 947 codicibus
1379 889 1536 947 elaboratis
1550 890 1588 947 ab
1603 888 1745 963 Origene,
1754 890 1804 962 qui
1818 890 1846 946 in

137 975 167 1026 iit
182 969 233 1026 itti
247 970 371 1034 llehroeo,
388 973 442 1024 etc.
1017 963 1146 1020 editione
1161 964 1354 1090 Septuaginta
1368 961 1579 1019 Theodotionis
1601 963 1769 1018 editionem
1793 963 1847 1017 mi·

173 1036 963 1110 ¹Proverbiihujusdiversasatteruntinterpretstio·
1018 1036 1105 1101 scuit,
1116 1034 1250 1090 astericis
1285 1049 1504 1105 esignansque
1520 1034 1845 1103 minusantatuersnt,

135 1128 189 1169 nes
204 1113 328 1169 Budaeus
353 1117 381 1167 et
395 1112 561 1167 Erasmus:
592 1111 693 1166 sodad
716 1109 962 1165 manifestandam
1017 1113 1045 1163 at
1060 1106 1184 1178 virgulis
1199 1122 1260 1175 ique
1276 1122 1311 1162 ex
1326 1122 1359 1162 su
1400 1105 1474 1161 rtluo
1490 1105 1669 1161 videbantur
1688 1107 1844 1178 apposita:

134 1183 302 1257 Hieronymi
318 1181 495 1239 sententiam
512 1179 586 1236 nihil
603 1182 695 1253 magis
707 1181 962 1237 accommodatum
1018 1177 1069 1234 illa
1084 1193 1211 1250 namque
1225 1176 1313 1234 editio
1328 1193 1360 1232 ce
1374 1178 1453 1234 ebris
1467 1178 1540 1233 adeo
1555 1177 1612 1232 luit
1628 1177 1711 1249 apud
1737 1192 1844 1249 omnes,

135 1256 264 1324 videtur,
280 1270 370 1326 quam
408 1253 465 1310 nod
481 1253 545 1324 ipse
558 1253 662 1309 scribit
678 1253 848 1325 praelatione
872 1252 901 1307 in
926 1251 961 1307 li·
1018 1255 1051 1305 ut
1065 1249 1183 1321 publico
1195 1255 1390 1321 usurparetur
1411 1248 1442 1304 in
1467 1248 1582 1305 cunctis
1605 1248 1842 1305 Christianorum

136 1271 835 1397 hrum-tosus,Doffuiriestcilicettudaeoiquod
854 1323 963 1380 culum·
1018 1321 1165 1377 Hcclesiis.
1192 1320 1274 1377 Unde
1298 1320 1414 1377 Hieron.
1447 1321 1587 1392 prooemio
1619 1320 1843 1377 Commentis

136 1398 237 1456 aiendi
252 1397 291 1454 eis
305 1401 331 1454 et
346 1396 485 1453 irridendi
500 1395 678 1452 Clirirtiaaes
691 1397 728 1450 sit
742 1395 962 1461 ablotooccuric,
1017 1393 1168 1449 Danielem
1184 1392 1239 1448 hoc
1254 1392 1410 1448 admonuit
1434 1408 1441 1447 :
1467 1415 1482 1442 a
1508 1392 1565 1448 Sed
1592 1395 1624 1448 et
1646 1391 1793 1475 Origenes
1813 1392 1844 1449 de

136 1485 171 1526 ss
188 1470 292 1526 Latina
306 1468 498 1525 translatione
513 1468 549 1522 ad
566 1467 655 1522 Hebr.
672 1467 788 1523 codices
802 1472 961 1534 annotata3
1018 1463 1228 1520 'theodotionis
1243 1480 1330 1536 opera
1344 1463 1374 1519 in
1391 1463 1466 1519 Edit.
1483 1461 1610 1535 Vulgata
1627 1469 1775 1520 astoricus
1797 1479 1843 1536 po·

137 1541 207 1597 hinc
223 1541 303 1596 enim
319 1539 477 1597 adversarii
495 1539 622 1595 maxime
637 1538 854 1610 torquebantur
870 1556 877 1594 :
894 1553 962 1593 cum
1017 1537 1087 1602 suit,
1103 1537 1213 1591 docens
1227 1535 1357 1591 defuisse
1374 1551 1439 1607 quie
1454 1535 1555 1591 addita
1576 1541 1668 1605 sunt3
1693 1540 1725 1591 at
1748 1552 1844 1592 rursus

21 1644 24 1649 ‹
137 1617 223 1668 antea
237 1612 456 1683 scripturarum
474 1610 653 1677 divinarum,
670 1626 703 1665 ac
723 1610 961 1682 propheticorum
1018 1608 1163 1680 quosdam
1179 1622 1282 1663 versus
1297 1606 1388 1663 obelis
1404 1607 1588 1677 prenotavit,
1600 1607 1760 1678 'superllna
1774 1623 1845 1679 qne·

137 1683 326 1740 oraculorum
353 1682 488 1739 notitiam
514 1680 570 1737 soli
593 1697 624 1736 se
649 1681 757 1737 habere
779 1680 960 1755 J'aotitareut.
978 1702 1002 1766 B
1018 1695 1074 1750 quo
1098 1680 1268 1751 designans.
1291 1682 1422 1750 Cumque
1443 1694 1547 1734 omnes
1568 1677 1683 1735 Christi
1704 1678 1844 1746 Hcclesis,

136 1755 230 1838 Hujus
246 1754 286 1811 rei
298 1759 402 1811 testem
414 1753 559 1809 habemus
570 1752 880 1825 Sophronium‚virum
892 1751 963 1808 alio·
1019 1756 1080 1807 tem
1095 1753 1261 1806 linaearum
1277 1766 1365 1822 quam
1382 1749 1714 1834 Latinarumsyrorum
1730 1750 1844 1834 etAEgy·

136 1825 468 1898 quinaruditissimnm,
481 1825 579 1880 sedlin
605 1840 648 1880 uia
657 1823 960 1882 Hebrincansultum:
1039 1823 1157 1888 tiorum,
1173 1821 1250 1878 hano
1265 1823 1321 1877 sub
1342 1826 1492 1878 asteriscis
1515 1826 1544 1878 et
1565 1821 1664 1877 obelis
1689 1823 1844 1879 editionem

137 1897 188 2024 flul
204 1914 271 1954 cum
288 1898 446 1969 aliquando
459 1912 526 1952 cum
542 1841 661 1951 Heffiraeo
687 1896 856 1979 disputans,
881 1913 962 1968 quae·
1016 1840 1126 2019 feriant,
1145 1894 1301 1976 ignoscant
1323 1892 1414 1976 invidi
1435 1892 1654 1977 laberlussa»
1671 1899 1730 1977 etc.
1747 1894 1802 1977 lies
1815 1894 1846 1977 ds

160 1985 206 2025 am
242 1985 273 2024 ro
289 1968 413 2024 Domino
425 1967 575 2025 salvatore
590 1969 625 2024 de
640 1966 766 2023 Psalmis
791 1966 963 2024 testimonia
1017 1982 1049 2022 so
1063 1964 1376 2022 allanialisvolumine
1386 1963 1846 2037 haecintelligendaquisdixerit:

138 1986 322 2113 protuffisset,
349 2039 384 2095 ab
416 2039 584 2095 adversario
608 2037 725 2093 derisus
749 2044 809 2107 est;
834 2039 963 2095 illudens
1017 2038 1165 2109 quiscum
1180 2037 1345 2108 Augustino
1360 2035 1430 2092 alibi
1446 2036 1708 2101 disserens,usum
1720 2037 1845 2094 Ecclesia

135 2112 214 2168 enim
227 2112 346 2166 ludens
359 2126 410 2192 per
420 2126 572 2166 sermones
583 2125 656 2182 pene
667 2110 801 2181 singulos
813 2111 963 2167 asserebat
1017 2110 1103 2181 plene
1118 2109 1258 2171 declarat,
1275 2108 1470 2180 universaque
1485 2108 1657 2164 divinorum
1681 2111 1842 2182 Scriptura·

137 2199 194 2239 non
210 2182 252 2238 ita
266 2181 368 2237 haberi
383 2181 413 2236 in
429 2181 499 2237 Hah.
517 2186 550 2237 ut
574 2181 757 2252 sophronius
781 2183 817 2237 de
840 2183 961 2253 Septua·
1017 2197 1082 2237 rum
1099 2180 1277 2251 exemplaria
1292 2178 1337 2235 his
1352 2181 1450 2236 verbis
1476 2180 1737 2252 consequentibns
1757 2184 1792 2238 ab
1814 2196 1842 2237 eo

134 2254 218 2325 giuta
232 2254 274 2309 ita
291 2252 390 2308 haberi
406 2252 436 2306 in
449 2254 522 2307 Heb.
546 2255 579 2308 ut
594 2252 778 2325 Sophronias
793 2253 829 2308 de
842 2259 961 2326 Septua·
1017 2253 1108 2309 luisse
1132 2250 1356 2323 comprehensa,
1380 2266 1467 2308 namo
1490 2257 1536 2307 est
1564 2253 1617 2324 qui
1641 2257 1694 2309 eat
1708 2253 1839 2308 inficias:

134 2328 219 2397 ginta
234 2323 450 2395 laterpretihus
465 2323 727 2407 opponebat.Unds
738 2324 774 2379 ab
786 2324 961 2395 Hieronymo
1019 2323 1163 2392 altis,ait,
1178 2327 1292 2378 amator
1306 2338 1371 2380 esse
1385 2339 1471 2379 verus
1485 2322 1687 2407 Septuaginta
1705 2325 1841 2396 lnterprc·

135 2395 358 2452 studiosissime
374 2394 531 2467 postulavit
546 2400 577 2451 ut
592 2401 658 2466 post
673 2395 807 2467 aquilam
825 2401 854 2452 et
876 2402 963 2469 Sym·
1016 2396 1103 2451 tuin‘l
1119 2411 1176 2450 uon
1191 2394 1271 2466 legas
1292 2410 1326 2450 aa
1349 2411 1413 2464 quas
1438 2393 1493 2451 sub
1518 2395 1657 2451 astericis
1686 2402 1768 2463 sunt,
1790 2396 1841 2451 imo

134 2468 273 2524 maehum
290 2473 319 2522 at
334 2467 577 2534 Theodotianem,
594 2483 699 2523 novam
717 2467 891 2535 Hditionem,
907 2473 961 2524 La·
1016 2468 1086 2523 rade
1112 2467 1148 2523 de
1176 2466 1387 2533 voluminibus,
1413 2472 1445 2522 ut
1475 2471 1607 2522 veterum
1639 2473 1672 2523 te
1705 2469 1839 2523 fautorem

135 2539 197 2595 tino
230 2554 368 2594 sermone
401 2539 587 2593 transferret.
618 2538 758 2595 laventus
788 2544 834 2595 est
861 2541 962 2612 itaqua
1037 2541 1133 2594 rubes.
1154 2539 1235 2602 Quod
1258 2538 1283 2592 si
1308 2538 1422 2607 leceris,
1447 2553 1551 2594 omnes
1577 2538 1781 2595 Ecclesiarum
1803 2539 1840 2593 bi·

134 2609 403 2682 Doctoregregius,
420 2609 471 2680 qui
493 2609 644 2691 cornicum
672 2610 773 2667 oculos
797 2612 960 2678 confixerit,
1016 2555 1176 2666 Bliothecas
1192 2609 1388 2692 condemn-are
1411 2610 1525 2691 cogeris
1550 2625 1559 2667 r
1585 2610 1635 2665 vix
1659 2611 1743 2667 euim
1768 2627 1837 2666 unns

135 2681 205 2755 quia
219 2680 389 2737 iudeorum
409 2679 523 2746 oculos,
538 2696 589 2752 qui
603 2697 634 2737 aa
654 2682 847 2779 sapientiorps
871 2683 962 2796 videri
1016 2686 1067 2764 aut
1082 2680 1526 2809 311οόἰῃτοῐὲιῐΧὶΙιὸξέᾳξίιΔιξτῑα
1539 2697 1599 2738 uon
1612 2682 1736 2740 habeat.
1748 2703 1764 2733 a
1777 2682 1840 2738 Vide

133 2751 960 2896 {platpggigtogzgliiticoeiggezorigrfft}‘'zueztirgiilqssiifflepsuaq·
1015 2753 1162 2880 epls-tilieti
1173 2769 1272 2880 effen
1286 2767 1488 2907 ipegam3'qu0d
1504 2794 1615 2880 diserte
1631 2824 1723 2882 adero
1743 2824 1839 2882 asserit

136 2911 263 2953 morum.
280 2899 371 2978 tissa.
904 2968 910 2979 ι
980 2951 982 2955 ,
1015 2895 1144 2978 §.Putem
1156 2902 1295 2978 pernegat
1311 2895 1442 2979 hlartian.
1454 2900 1507 2951 aut
1518 2901 1598 2952 certe
1613 2912 1651 2952 ao
1667 2913 1758 2953 sensu
1772 2901 1838 2979 vetat

172 2998 209 3010 —
221 2967 402 3024 Rectissime
417 2967 532 3093 plridem
549 2970 681 3022 notatum
697 2968 820 3024 Erasmo
832 2966 960 3024 aoVicto
1015 2967 1185 3039 intelligant
1201 2983 1230 3022 in
1247 2967 1424 3023 Alexandria
1437 2972 1525 3039 atque
1548 2967 1671 3051 AEgypti
1696 2974 1837 3024 consenti·

137 3038 194 3103 rio,
211 3037 400 3095 Proverbium
444 3054 477 3094 oc
501 3054 566 3095 esse
589 3054 648 3110 qno
675 3038 772 3095 Latini
798 3039 993 3130 utebanturc
1014 3039 1070 3094 bns
1084 3038 1311 3111 Hesychiana,in
1322 3037 1662 3110 constantinopolitanis
1671 3056 1741 3095 vero
1754 3055 1838 3113 usqne

138 3107 197 3163 dial
211 3111 262 3164 τοῦ
278 3108 316 3166 iis
331 3108 465 3174 illudere,
481 3109 530 3179 qui
543 3110 681 3165 omnihus
696 3126 728 3165 se
743 3127 827 3182 posse
850 3114 957 3184 putant
1014 3110 1201 3166 Antiochiam
1226 3109 1368 3166 Lucianea
1391 3109 1480 3165 editio
1501 3110 1646 3168 dicantur
1669 3112 1835 3168 obtinuisse.

135 3185 187 3237 aut
198 3181 313 3251 jactarit
326 3179 637 3252 illudeia.Nempe,aut
653 3182 730 3253 quod
746 3182 845 3239 cornix
863 3181 958 3239 ocula·
1012 3183 1122 3238 Nititur
1133 3197 1200 3237 aero
1212 3181 1266 3237 hoc
1276 3180 1367 3238 altero
1378 3180 1546 3254 Hieronymi
1557 3182 1771 3240 testimoniata
1781 3198 1836 3257 pra

134 3253 287 3311 tissimum
303 3257 348 3309 est
362 3252 483 3320 animal,
499 3257 551 3308 aut
565 3253 642 3324 quod
659 3252 759 3309 oculas
782 3255 957 3311 cadaverum
1012 3254 1077 3326 logo
1091 3250 1313 3326 Evangeliarum
1329 3253 1365 3309 ad
1381 3252 1780 3311 Damasumral’ratermittc
1793 3270 1835 3311 eos

135 3323 171 3379 ad
184 3323 959 3448 auteferturcumprimisatqueavidissimepetitque·
1011 3326 1126 3383 codices
1142 3341 1249 3398 quosa
1274 3324 1402 3381 Lucieno
1427 3328 1456 3380 et
1479 3325 1628 3398 Hesychia
1654 3331 1832 3398 nuncupatos

134 3410 184 3449 ma
206 3395 326 3449 modum
338 3394 668 3449 Bcchartusilierozoici
681 3395 957 3469 partari,lib.ii‚cap.
1034 3413 1172 3454 sucorum
1189 3395 1344 3452 hominum
1359 3396 1466 3453 asserit
1481 3412 1622 3468 peruersa
1647 3398 1830 3455 contentio.»

133 3465 177 3534 ¹0,
193 3465 339 3532 observat,
354 3465 449 3520 contla
472 3481 520 3521 ere
534 3466 684 3547 cornicum
696 3465 806 3533 oculos,
819 3467 895 3523 idem
912 3471 957 3523 est
1011 3414 1046 3525 Et
1061 3485 1091 3524 re
1106 3469 1225 3541 quidem
1241 3468 1307 3540 ipsa
1322 3467 1378 3523 nisi
1401 3467 1488 3540 plane
1513 3475 1706 3541 perspectam
1732 3469 1830 3525 haberi

133 3531 343 3610 παροιμιωδῶς,
360 3481 598 3619 αῇᾳμεὶοτῃιῃθε
613 3537 956 3618 callidosversutosque,
1010 3545 1037 3595 S.
1059 3540 1192 3597 Hectoris
1217 3542 1356 3610 mentam,
1381 3543 1614 3611 contextumque
1640 3540 1710 3611 loci,
1736 3542 1830 3597 nedum

131 3607 264 3665 versutia
275 3611 304 3664 et
318 3607 477 3685 calliditate
492 3607 713 3678 circumvenire,
728 3625 760 3665 ac
780 3610 955 3666 veteratorie
1011 3613 1088 3684 quod
1107 3611 1242 3667 Martian.
1255 3610 1336 3679 tacit,
1351 3615 1451 3667 contra
1466 3627 1567 3667 esrum
1585 3612 1756 3669 editionum
1766 3613 1829 3668 cele·

130 3679 957 3826 latitattttllthttttt.tttltttlltttf
1010 3684 1149 3810 tlte
1166 3680 1585 3816 lttttlttttctttttlt.
1600 3683 1740 3812 latit
1754 3683 1829 3811 ..ll

132 3838 277 3890 ionem,a
298 3838 355 3893 quo
379 3822 573 3893 Hieronymus
595 3794 715 3893 acecpit,
741 3824 879 3881 Oratione
902 3841 955 3897 pro
1010 3827 1105 3882 driam
1122 3800 1151 3883 et’
1164 3826 1319 3897 AEgyptum
1336 3824 1511 3897 Hesychium
1526 3823 1654 3883 laudare
1677 3834 1827 3890 auctorem.

133 3893 164 3949 L.
191 3895 314 3950 Murena
336 3909 399 3964 cap.
426 3894 471 3960 tl,
487 3900 516 3949 et
530 3894 722 3966 subsequenti
760 3913 791 3951 ro
808 3896 838 3951 L.
856 3896 954 3953 llaeco
1008 3897 1138 3970 reliquas
1153 3914 1169 3952 a
1184 3895 1438 3967 Constantinopoli
1452 3898 1488 3952 ad
1504 3898 1699 3955 Antiochiam
1724 3900 1827 3971 provin·

131 3981 196 4035 cap.
212 3965 257 4033 20,
274 3980 339 4034 que
355 3963 419 4020 loca
433 3981 510 4021 unus
526 3972 592 4035 post
606 3966 709 4033 alium,
750 3970 955 4035 resinaeve·
1009 3970 1070 4025 cias
1087 3969 1201 4024 Luciani
1218 3969 1355 4040 martyris
1368 3968 1491 4039 probare
1504 3970 1827 4042 examplariamcripsa

131 4035 237 4103 torius,
253 4034 484 4107 clericus,atqua
499 4035 548 4092 alii
564 4035 697 4101 laudant,
713 4038 813 4093 addito
829 4037 879 4095 illo
893 4045 955 4095 lla-
1008 4043 1124 4096 ritvsro
1135 4039 1827 4111 antaaadllamasumpaucorumassahominum

131 4107 223 4163 crobii
238 4106 472 4162 saturnaliorum
490 4107 539 4162 lib.
557 4124 605 4177 vii,
631 4124 694 4179 cap.
719 4110 738 4163 5
764 4125 770 4166 :
797 4132 811 4159 a
834 4110 952 4166 Graecus
1008 4128 1059 4185 pro
1076 4112 1214 4178 Lucieno,
1230 4114 1260 4165 et
1286 4109 1430 4182 Hesychia
1454 4113 1692 4182 contentionem,
1717 4127 1828 4184 eamque

128 4178 226 4234 Gracc
242 4177 348 4249 eripiat
362 4177 441 4233 hunc
457 4181 605 4250 plausum,
617 4183 757 4250 tanquam
773 4181 874 4236 cornix
889 4198 953 4237 cor·
1007 4199 1183 4255 perversam.
1210 4180 1316 4237 Verum
1343 4197 1377 4237 ex
1400 4185 1461 4238 toto
1482 4181 1609 4239 alterius
1633 4184 1762 4254 hujusce
1780 4183 1825 4240 loci

127 4249 202 4306 nicia
217 4248 319 4331 ocules
334 4249 617 4306 edomataMartian.
635 4255 731 4307 tamen
747 4253 951 4335 Hieronymia·
1006 4259 1141 4311 contextu
1156 4270 1189 4310 ac
1203 4256 1353 4337 proposito
1380 4253 1484 4325 liquet,
1499 4254 1535 4311 de
1554 4255 1630 4311 Novi
1654 4255 1826 4313 Testamenti

125 4336 195 4376 nam
210 4320 515 4394 allusionem,locique
531 4322 620 4393 hujus
635 4338 755 4379 sensum
768 4339 824 4380 non
837 4325 953 4381 videtur
1006 4326 1169 4394 Lucianais,
1193 4341 1252 4381 sive
1276 4324 1466 4397 Hesychianis
1488 4324 1646 4383 codicibus
1671 4342 1825 4385 sermonem

126 4395 295 4448 assecutus.
1004 4397 1044 4453 ibi
1060 4414 1135 4463 csse,
1151 4398 1179 4452 in
1196 4412 1254 4466 quo
1269 4396 1389 4467 quidem
1404 4400 1643 4468 recognoscendo
1662 4402 1764 4457 minus
1782 4400 1825 4454 ho·

159 4463 170 4497 ¹
188 4465 268 4546 llunc
283 4462 479 4546 locumumals
504 4462 685 4536 intelligunt,
712 4465 762 4548 qui
788 4472 894 4539 putant
916 4466 946 4522 in
963 4429 987 4495 D
1002 4485 1068 4524 rum
1085 4469 1206 4540 probata
1221 4468 1307 4523 inerit
1320 4472 1473 4524 auctorum
1489 4467 1641 4525 industria
1652 4489 1659 4525 :
1672 4479 1775 4528 contra
1787 4471 1824 4525 hie

123 4535 261 4590 omnibus
286 4533 421 4590 Hcclesiis
443 4539 484 4591 ita
508 4542 663 4606 usurpatas
686 4537 777 4593 luisse
801 4538 946 4594 editiones
1000 4542 1036 4596 de
1061 4544 1156 4596 vetere
1179 4539 1247 4606 dici,
1271 4542 1346 4608 quod
1376 4553 1477 4594 aarum
1507 4540 1661 4598 editiones
1688 4549 1823 4600 tantuma

122 4603 236 4660 Graecas
253 4605 326 4660 LXX
342 4606 549 4676 iuterpretum‚
567 4611 599 4661 ut
623 4607 654 4661 iri
678 4607 946 4666 Alexandrinorum
999 4612 1153 4683 regionum
1170 4610 1305 4666 aeclesia
1320 4610 1493 4681 suscipiant.
1509 4610 1571 4667 Hoc
1597 4629 1689 4683 porro
1714 4614 1821 4671 manile

122 4676 368 4758 atAEgyptiorum
383 4677 577 4735 conventibus
593 4677 707 4750 publice
729 4680 836 4751 populo
861 4681 946 4737 Chri·
998 4687 1078 4739 stum
1095 4684 1167 4739 adso
1182 4686 1272 4749 estut
1287 4680 1372 4737 liceat
1383 4681 1548 4737 etiamnum
1560 4682 1690 4741 laudata
1700 4687 1821 4743 Patribus

120 4750 217 4803 stiano
232 4748 396 4818 legerentur
406 4749 481 4804 sacri
493 4749 699 4816 oodioeejuxia
710 4751 945 4809 emendationem
998 4754 1204 4811 Alexandrinis
1218 4749 1435 4824 scripturarum
1450 4751 1513 4808 loca
1528 4753 1732 4828 Hesychiania
1747 4759 1820 4813 inter·

119 4815 272 4888 Hesychii3
290 4819 318 4873 iii
335 4819 471 4876 Ecclesiis
487 4826 586 4877 autem
611 4822 944 4894 constantinopolitanis
998 4826 1170 4897 prelationis
1192 4843 1225 4881 ar
1248 4840 1315 4881 uera
1340 4841 1348 4878 :
1375 4828 1407 4880 ut
1429 4828 1458 4880 et
1482 4824 1671 4884 Lucianaam
1697 4831 1819 4887 coniicit

117 4906 211 4973 usque
224 4890 259 4945 ad
274 4889 460 4946 Antiochiam
481 4893 567 4960 juxta
592 4891 711 4947 Lucian.
737 4894 874 4966 martyris
898 4911 944 4949 ro·
996 4897 1212 4969 referuntque
1226 4841 1546 4967 {costantinopoliiani
1561 4897 1706 4959 laudant.
1723 4906 1761 4957 Hx
1774 4914 1817 4955 unu

117 4960 516 5086 cognitionemtlontrarium
534 4964 617 5019 docet
632 4963 826 5037 Hieronymus
842 4965 944 5021 multis
995 4968 1215 5040 Chrysostomo,
1236 4966 1287 5040 qui
1313 4966 1395 5039 prius
1418 4966 1597 5037 Antiochia,
1626 4971 1738 5030 deinde
1760 4972 1816 5027 Con·

116 5032 145 5087 ia
174 5033 236 5089 ocis
253 5049 259 5088 :
276 5049 310 5088 ac
324 5035 452 5104 primum
467 5035 638 5105 prestatione
653 5036 681 5090 in
698 5041 824 5107 quatuor
848 5036 942 5093 livan-
995 5040 1202 5112 stantinopolis
1211 5038 1379 5095 cathedram
1389 5037 1622 5113 tenuit,iuitque
1632 5042 1815 5115 Hieronymia·

114 5102 192 5175 galia
208 5106 242 5159 ad
256 5109 412 5160 Damasum
430 5111 710 5176 exprssaetestatur‚
725 5107 796 5163 haee
813 5108 942 5165 ditiones
995 5112 1041 5167 nis
1077 5111 1267 5182 temporibus,
1298 5110 1322 5166 si
1355 5107 1518 5180 periculum
1556 5112 1681 5184 leceris,
1713 5128 1814 5173 numeri

115 5177 218 5260 paucis
233 5179 367 5247 acceptas
382 5191 446 5231 esso
464 5191 470 5231 :
485 5198 499 5225 a
521 5176 713 5232 Praetermitto
739 5195 789 5234 eos
813 5179 940 5248 codic-es,
994 5190 1146 5239 occurrent
1154 5182 1373 5246 testimonlaex
1383 5179 1502 5236 Luciani
1512 5184 1698 5244 recensione
1707 5187 1812 5249 laudata

114 5247 221 5319 iuquit,
247 5263 322 5320 quos
346 5263 363 5303 a
388 5247 513 5303 Lucieno
537 5251 565 5303 et
586 5247 728 5320 Hesychia
753 5256 940 5322 nuncupatos
993 5250 1461 5325 quaabAlerandrinieltculasias
1476 5252 1640 5315 codicibus
1655 5261 1809 5317 dissonant:

112 5333 275 5389 paucorum
291 5317 445 5375 hominum
467 5319 574 5375 asserit
597 5336 732 5390 perversa
753 5324 903 5378 contentio
932 5340 939 5378 :
993 5341 1173 5398 rursumque
1187 5325 1237 5383 isti
1251 5324 1289 5381 ah
1301 5322 1445 5396 Hesychio
1460 5328 1625 5401 recogniti,
1640 5348 1659 5388 a
1675 5330 1810 5389 Palaestine

109 5389 636 5513 guibusutiquemecintotovetsri
655 5392 857 5449 instrumento
874 5399 941 5465 pust
992 5397 1210 5469 exemplaribus
1239 5396 1365 5463 variant,
1392 5410 1456 5466 quia
1478 5396 1631 5471 Origenes
1663 5397 1807 5461 elaborant

129 5461 302 5534 eptuaginta
318 5462 440 5533 interpr.
457 5464 614 5518 emandare
630 5464 699 5535 quid
718 5464 811 5534 licuit,
829 5481 882 5521 nec
908 5465 938 5521 in
992 5467 1063 5524 ltem
1080 5468 1302 5541 exemplisque
1318 5464 1408 5522 nimis
1423 5465 1521 5524 multa
1536 5474 1807 5546 suppetuntedisic·

107 5529 188 5612 licio
204 5533 314 5603 proluit
329 5533 513 5601 emendasse,
531 5539 585 5591 etc.
603 5534 691 5591 Vides
706 5536 808 5608 igitur,
835 5536 938 5604 lector,
992 5535 1579 5611 rere,nostrinonestinstituti.Videsis
1614 5552 1735 5605 uastum
1750 5538 1805 5604 alibi,

105 5603 186 5656 intra
202 5604 366 5673 provincias
382 5606 444 5675 jam
468 5606 561 5661 dictas
587 5620 604 5660 a
629 5607 744 5676 paucis,
769 5607 820 5680 qui
847 5608 937 5664 etiam
990 5613 1054 5666 tum
1071 5612 1274 5670 adlaudatum
1290 5607 1446 5685 prologum
1457 5608 1700 5690 Evangslmrum
1710 5618 1804 5680 educa

105 5684 242 5742 perverse
257 5675 478 5743 contenderent,
495 5677 587 5733 luisse
602 5683 738 5750 suscepta
753 5678 888 5753 Hesychii
907 5683 937 5737 et
988 5696 1067 5741 mus.

108 5741 230 5801 Lucianl
243 5744 418 5822 exemplaria
432 5747 661 5827 scripturarum.
679 5755 740 5811 tlon
764 5750 842 5811 idam
867 5766 935 5811 seri·
