3870 6120
113 174 171 234 cea
639 183 670 236 a.
690 144 1305 238 smaonvmurvrsaammorsnca.
1762 180 1810 239 aaa

150 300 248 357 vidisti
263 316 319 368 me,
336 303 365 356 et
380 300 511 375 probasti
526 318 690 359 cormeum
705 309 802 363 tecum
816 320 823 360 :
950 306 979 373 Α
1064 305 1092 358 ιι
1103 300 1252 358 absconde
1266 299 1340 359 illud
1356 301 1396 360 ibi
1411 301 1441 359 in
1456 300 1605 359 loramina
1619 302 1718 374 petra.

113 373 265 447 Congrega
281 375 290 408 ¹
303 389 353 429 eos
366 375 449 443 qnasi
465 388 584 447 gregem
601 375 637 431 ad
653 374 816 446 victimam,
994 375 1029 431 lit
1043 373 1113 442 abii,
1128 377 1158 430 et
1171 373 1296 431 abeundi
1311 373 1385 430 illud
1400 375 1430 431 in
1445 374 1608 446 Euphrate,

156 453 185 503 et
201 444 353 501 sanctilioa
367 461 417 500 eos
433 445 463 500 in
479 446 526 502 die
540 447 706 505 occisionis.
1027 446 1109 501 Sicut
1123 450 1303 518 preceperat
1317 445 1391 502 mihi
1405 445 1562 504 Dominus.

115 522 276 592 usquequo
290 515 405 586 lugebit
419 522 506 584 terra,
994 518 1028 573 ιιι
1042 517 1153 573 lactum
1169 521 1214 572 eat
1228 524 1296 590 post
1310 518 1374 575 dies
1387 518 1543 590 plurimos,

151 596 181 647 et
192 589 282 643 herba
296 588 393 643 omnis
409 603 439 643 re
462 588 539 645 ionia
555 589 723 659 siccabitur,
1027 588 1102 644 dixit
1116 587 1261 644 Dominus
1277 590 1312 645 ad
1328 606 1394 646 me:

150 665 270 735 propter
285 658 427 714 malitiam
441 604 642 717 {abitantium
659 662 688 717 in
705 661 762 718 aa?
992 659 1095 731 Surge,
1111 661 1184 717 vade
1199 661 1235 715 ad
1251 659 1450 733 Euphratem

113 734 328 801 consumptum
339 737 384 786 est
400 730 521 798 animal,
535 738 564 789 at
578 731 705 805 volucre,
1027 737 1057 787 ιι
1070 730 1140 787 tolle
1154 731 1222 787 iude
1237 729 1384 802 lumbare,
1399 732 1478 805 quod
1494 731 1621 804 precepi
1636 731 1693 789 tibi
1709 739 1740 788 ut
1751 733 1807 788 aba·

172 802 291 859 uoniam
307 801 460 857 dixerant:
1062 803 1203 861 conderes
1218 802 1291 860 illud
1307 804 1358 860 ibi.

149 822 212 933 §aa
227 872 337 928 videbit
351 874 511 930 novissima
526 883 625 932 nostra
991 877 1025 929 lit
1039 872 1097 929 abii
1112 875 1149 929 ad
1161 874 1349 946 Euphratem,
1362 879 1392 931 et
1407 874 1478 942 lodi,

115 949 145 1005 Si
162 961 228 1004 com
245 945 394 1015 peditibus
409 960 530 1001 currens
546 946 696 1013 laborasti,
1026 949 1055 1001 et
1068 944 1123 1001 tuli
1142 944 1277 1003 lumbare
1291 947 1327 1002 de
1342 946 1406 1003 loco
1421 946 1471 1003 nbi
1489 946 1706 1004 absconderam
1722 945 1807 1016 illod;

151 1016 299 1092 quomodo
314 1016 488 1073 contendere
505 1018 614 1089 poteris
630 1033 694 1074 oum
711 1017 820 1091 equis?
991 1015 1024 1072 lat
1038 1031 1105 1073 ecca
1118 1021 1339 1089 computruerat
1354 1016 1496 1086 lumbare,

115 1095 187 1149 Cum
204 1093 302 1143 autem
316 1088 346 1143 in
360 1093 438 1143 terra
453 1093 533 1158 pacis
547 1105 671 1146 securus
686 1090 777 1146 lucris
792 1091 846 1164 (Al.
864 1091 893 1146 Si
906 1092 936 1148 in
1025 1086 1068 1143 ita
1082 1088 1208 1145 utnulla
1221 1091 1287 1145 aeui
1304 1095 1406 1161 aptum
1422 1095 1513 1146 asset.

186 1165 265 1216 tarra
278 1160 359 1229 pacis
373 1158 485 1215 confisa
499 1160 554 1232 ιι).
1026 1159 1061 1214 dt
1077 1158 1185 1215 laetum
1201 1166 1245 1216 eet
1256 1162 1379 1218 verbum
1392 1161 1508 1217 Domini
1524 1160 1562 1216 ad
1577 1175 1638 1226 me,
1655 1159 1772 1218 dicans:

150 1233 221 1304 quid
239 1231 328 1286 iacies
344 1232 373 1286 in
389 1231 527 1302 snperbia
540 1232 702 1288 Jordanis‘l
991 1234 1056 1287 Hac
1070 1230 1142 1286 dicit
1155 1231 1314 1288 Dominus:

115 1306 189 1363 Nam
204 1305 233 1357 et
248 1305 352 1358 tratres
367 1303 421 1369 tui,
437 1308 466 1358 et
476 1304 579 1359 domus
594 1304 686 1377 patris
701 1304 754 1375 tui,
1026 1303 1072 1358 Sic
1088 1310 1253 1374 putrescere
1267 1303 1371 1360 laciam
1387 1301 1556 1375 superbiam
1566 1302 1658 1361 Juda.

150 1375 240 1430 etiam
255 1374 312 1445 ipsi
328 1380 533 1447 pugnaverunt
548 1376 703 1431 adversum
719 1382 756 1443 te,
1026 1378 1055 1429 et
1069 1375 1238 1446 superbiam
1253 1373 1556 1431 ierusalammultam.

145 1452 174 1502 et
187 1445 388 1501 clamaverant
407 1452 473 1517 poet
487 1451 515 1501 te
532 1446 618 1518 plena
633 1463 721 1504 voce:
993 1445 1133 1516 Populum
1145 1447 1236 1503 istum
1247 1445 1422 1519 pessimum,
1434 1447 1485 1518 qui
1501 1444 1717 1503 noluntaudira
1729 1445 1800 1503 verba

114 1511 155 1574 Ne
166 1517 268 1573 credas
284 1517 337 1587 cis,
352 1532 420 1573 cum
435 1517 525 1574 locuti
541 1521 649 1575 t'uarint
658 1519 711 1574 tibi
726 1519 811 1576 bona.
1063 1532 1138 1585 maa,

116 1585 231 1660 Reliqui
247 1589 368 1643 domum
383 1604 487 1655 meam,
1027 1591 1056 1643 et
1070 1587 1225 1644 ambulant
1239 1587 1268 1644 in
1281 1587 1422 1661 pravitate
1437 1588 1534 1644 cordis
1546 1587 1594 1644 sni
1618 1587 1665 1661 (At
1675 1586 1736 1643 cdd.
1748 1602 1798 1660 pas·

149 1659 250 1717 dimisi
266 1658 468 1715 haereditatem
484 1676 591 1730 meam,
1064 1659 1163 1730 simi):

148 1730 360 1815 dedidileotam
370 1732 500 1788 animam
509 1731 736 1790 masminmanu
748 1731 935 1790 inimicorum
989 1729 1194 1814 abieruntque
1209 1734 1276 1812 post
1290 1730 1360 1787 deos
1376 1728 1497 1800 alienos,

112 1818 259 1957 inuigilant·
271 1872 341 1929 mibi
357 1873 512 1930 hereditas
523 1890 589 1931 mea
599 1873 684 1948 qnasi
700 1873 745 1932 leo
760 1874 790 1930 in
805 1875 898 1932 silva:
990 1807 1214 1929 mnatrzgrtvggffi
1227 1803 1498 1942 lamrzdiosrffim
1512 1817 1585 1859 ⁰⁰⁸.

149 1946 230 2002 dedu
257 1950 360 2000 contra
374 1962 421 2002 ma
436 1962 548 2015 vocam,
1024 1944 1102 2015 quod
1119 1943 1199 2000 nullo
1215 1959 1282 2000 usur
1298 1961 1315 2001 a
1337 1950 1400 2001 tum
1415 1950 1470 2002 ιιι.

150 2017 215 2073 ideo
230 2015 307 2072 odivi
322 2032 397 2072 eam.
986 2013 1069 2073 Sicut
1083 2015 1162 2072 enim
1177 2014 1306 2072 adherat
1317 1961 1453 2073 lumbare
1466 2015 1503 2072 ad
1518 2014 1639 2071 lumbos
1653 2013 1707 2070 viri

112 2087 252 2159 Nonquid
268 2088 330 2142 avis
346 2086 474 2142 discolor
487 2086 642 2143 hereditas
658 2103 722 2144 mea
734 2087 834 2145 mihi?
1024 2088 1067 2143 eia
1088 2086 1269 2160 agglutinavi
1284 2087 1357 2144 mihi
1372 2103 1490 2144 omnem
1516 2090 1640 2143 domum
1656 2084 1752 2153 lsrael,
1770 2087 1790 2140 st

149 2158 293 2231 numquid
311 2160 373 2214 avis
389 2159 482 2214 tincta
498 2158 682 2231 pestutum?
1059 2174 1176 2215 omnem
1191 2158 1313 2215 domum
1327 2159 1414 2226 Juda,
1430 2157 1503 2216 dicit
1516 2157 1681 2216 Dominus:

112 2230 226 2298 Venite,
238 2229 464 2297 congregamini,
480 2245 583 2286 omnes
600 2229 699 2286 bestia
715 2235 808 2298 terra,
1025 2233 1058 2285 ut
1085 2234 1184 2286 essent
1207 2229 1278 2285 mibi
1294 2231 1323 2286 in
1341 2229 1496 2304 populum,
1526 2230 1558 2287 in
1574 2244 1694 2299 noman,
1722 2231 1750 2283 et
1769 2226 1796 2282 iu

148 2306 303 2374 properata
317 2301 352 2355 ad
369 2303 578 2357 devorandum.
1059 2300 1187 2367 laudem,
1197 2306 1226 2356 et
1240 2301 1271 2356 in
1287 2301 1431 2375 gloriam:

111 2376 246 2429 Pastores
262 2370 345 2427 rnulti
360 2371 491 2428 demoliti
507 2376 577 2429 sunt
589 2371 703 2428 vineam
720 2387 827 2441 meam,
1024 2375 1052 2427 et
1067 2389 1124 2427 non
1142 2371 1313 2431 audierunt.

144 2443 389 2500 conculcaverant
404 2449 516 2517 partem
531 2459 626 2499 meam
640 2460 647 2498 t
987 2442 1073 2500 Dices
1087 2459 1156 2527 ergo
1172 2443 1208 2499 ad
1222 2460 1272 2500 ecs
1286 2460 1453 2501 sermonem
1468 2443 1579 2500 istum:

145 2516 286 2572 dederunt
302 2515 463 2585 portionem
475 2531 571 2572 meam
582 2514 821 2587 desiderabilem,
837 2517 866 2571 in
882 2516 934 2572 da·
987 2519 1055 2570 Hoc
1071 2515 1142 2571 dieo
1156 2516 1300 2573 Dominus
1315 2521 1392 2573 Deus
1409 2514 1518 2573 lsrael:

146 2591 259 2644 sertum
273 2586 453 2643 solitudinis.
1022 2585 1125 2643 Omnis
1142 2584 1170 2642 la
1194 2587 1301 2645 unoula
1315 2588 1487 2660 implebitur
1500 2585 1578 2642 vino.

109 2659 273 2716 Posuerunt
289 2674 353 2715 eam
368 2658 397 2713 in
414 2657 649 2730 dissipationem,
987 2657 1022 2714 Dt
1037 2658 1136 2714 dicent
1150 2602 1191 2713 aff
1203 2663 1250 2715 te:

145 2730 221 2786 luxit
245 2746 282 2786 uc
296 2746 385 2802 super
401 2745 466 2786 ma:
985 2728 1121 2799 Nunquid
1142 2728 1505 2802 ignoramus,qniaomnis
1527 2727 1691 2801 laguncula
1709 2720 1823 2800 impla·

109 2746 294 2859 ueneratione
309 2801 440 2858 desolata
454 2804 499 2858 eat
512 2801 609 2857 omnia
624 2806 713 2870 terra,
1057 2799 1137 2856 bitur
1149 2802 1203 2873 (Al.
1219 2800 1386 2872 impleatur)
1400 2799 1492 2858 vinci

145 2874 215 2947 quia
229 2872 330 2930 nullus
344 2878 389 2930 ιιι
403 2873 454 2946 qui
469 2874 609 2946 recogitat
622 2874 720 2930 corde.
1021 2871 1057 2927 ut
1071 2872 1151 2928 dices
1166 2872 1201 2927 ad
1218 2888 1286 2928 sca:

109 2949 204 3018 Super
217 2960 321 3002 omnes
336 2946 397 3001 vias
419 2947 526 3001 deserti
543 2949 685 3001 venerunt
698 2948 871 3002 vastatores.
985 2947 1049 2999 lieo
1064 2943 1137 3000 dioit
1150 2942 1315 3000 Dominus:

146 3017 217 3089 quia
238 3016 354 3087 gladius
370 3016 487 3072 Domini
502 3016 652 3073 devorabit
666 3016 721 3086 (ll.
737 3017 883 3074 devomvit
895 3017 932 3073 ab
948 3032 970 3101 c
989 3019 1059 3072 [iace
1074 3030 1128 3087 ego
1144 3014 1272 3087 implebo
1288 3029 1391 3072 omncs
1414 3013 1596 3071 habitatores
1609 3018 1695 3070 terras
1711 3012 1814 3082 hujus.

181 3092 309 3144 extremo
322 3091 409 3143 terre
423 3103 515 3160 usque
530 3088 564 3143 ad
581 3092 743 3145 extremum
759 3088 843 3160 alus:
1025 3091 1055 3142 et
1070 3102 1152 3158 rages
1167 3085 1218 3158 qui
1231 3088 1336 3143 sedent
1351 3087 1387 3143 de
1401 3085 1493 3159 stirpe
1506 3087 1599 3143 David
1621 3101 1713 3159 super
1731 3083 1812 3140 thro·

147 3174 205 3214 ncn
220 3165 266 3213 est
281 3174 337 3230 pax
350 3159 492 3215 universae
505 3159 595 3214 carni.
1059 3174 1130 3214 num
1147 3158 1221 3226 c'us,

109 3228 335 3285 seminaverant
350 3229 478 3285 triticum
492 3234 521 3286 ιι
535 3231 637 3302 spinas
653 3235 852 3299 messuerunt,
1022 3234 1052 3285 et
1066 3245 1133 3285 saca
1170 3235 1244 3300 otas,
1268 3234 1297 3285 et
1312 3227 1482 3300 prophetae,
1498 3232 1528 3286 et
1542 3244 1646 3285 omncs
1662 3225 1802 3283 habitores

145 3299 345 3356 hereditatem
356 3304 542 3374 acceperunt,
557 3305 587 3358 et
601 3317 659 3358 non
675 3302 717 3359 ais
731 3303 879 3374 proderit:
1057 3299 1233 3370 Jerusalem,
1249 3299 1408 3357 ebrietate:

110 3370 335 3429 confundemini
353 3389 369 3427 a
384 3372 529 3429 fructibus
543 3373 659 3442 vestris,
987 3375 1022 3427 Et
1039 3373 1206 3446 dispergam
1222 3387 1283 3437 eos,
1298 3371 1394 3427 virum
1410 3371 1529 3428 alratra
1544 3388 1610 3438 suo,

147 3447 268 3515 propter
282 3443 357 3500 iram
374 3444 481 3500 luroris
493 3443 619 3500 Domini.
1022 3446 1051 3500 ιι
1067 3449 1164 3516 patres
1178 3449 1208 3499 et
1221 3442 1298 3499 illios
1313 3444 1434 3516 pariter,
1450 3442 1491 3498 ait
1504 3443 1669 3500 Dominus:

108 3517 175 3571 Hac
188 3513 260 3570 dicit
274 3515 418 3571 Dominus
436 3517 591 3571 adversum
607 3530 710 3572 omnes
724 3514 836 3571 vicinos
853 3531 934 3573 maos
986 3514 1049 3572 Non
1065 3530 1195 3588 parcam,
1211 3520 1240 3571 at
1255 3530 1312 3571 non
1324 3515 1501 3571 concedam:

183 3584 339 3657 pessimos.
1023 3602 1118 3659 neque
1133 3586 1297 3643 miserebor
1310 3592 1342 3642 ut
1356 3602 1414 3643 non
1425 3586 1596 3659 disperdam
1612 3599 1673 3642 eoa.

146 3658 196 3730 qui
212 3661 339 3784 tanpnnt
349 3657 559 3729 hereditatam,
571 3673 659 3731 quam
677 3657 933 3731 distribuilpcpulo
986 3658 1104 3724 audite,
1120 3663 1150 3714 et
1164 3657 1286 3740 auribus
1301 3658 1459 3730 percipite:

182 3744 247 3785 meo
274 3729 368 3786 srael:
1022 3728 1117 3786 Nolite
1131 3728 1249 3797 elevari,
1264 3728 1334 3802 quia
1350 3729 1492 3785 Dominus
1506 3727 1626 3785 locutus
1640 3730 1703 3784 ast:

145 3806 219 3858 ane
233 3816 287 3874 ego
302 3800 423 3857 evellam
439 3817 489 3858 ecs
505 3802 541 3858 da
555 3807 634 3859 terra
649 3817 763 3871 eorum,
988 3802 1058 3858 Date
1068 3801 1191 3857 Domino
1215 3803 1270 3857 Deo
1284 3805 1383 3857 vestro
1397 3799 1522 3874 gloriam
1535 3803 1694 3873 antequam
1709 3796 1781 3852 ceob-

147 3878 176 3929 et
190 3872 308 3929 domum
322 3873 401 3931 luda
415 3873 536 3930 evellam
552 3873 698 3930 demedio
712 3890 825 3931 eorum.
1057 3871 1221 3941 nebrescat,

110 3944 145 4001 lit
174 3960 241 4001 cum
272 3946 405 4002 evulsero
433 3961 494 4014 sos,
523 3948 685 4014 convertar,
714 3951 744 4002 et
771 3944 933 4003 miserebor
1021 3947 1223 4069 etaptequam
1248 3943 1498 4016 offendantpedas
1515 3941 1606 3999 vestri
1634 3938 1783 3998 admones

182 4031 304 4074 eorum:
1055 4031 1110 4071 oar
1145 4030 1250 4072 nosos:

147 4092 177 4144 et
204 4089 343 4144 reducam
359 4103 420 4156 soe,
448 4088 543 4144 viram
560 4090 595 4145 ad
624 4086 822 4146 hereditatam
846 4103 930 4145 suam
985 4031 1199 4160 Exspectffiiitis
1214 4085 1321 4155 lucem,

183 4157 236 4230 (ll.
253 4158 283 4215 in
299 4158 469 4216 hereditate
483 4162 549 4231 sua)
1021 4158 1227 4230 capannam
1239 4157 1269 4212 in
1281 4155 1415 4213 ambram
1427 4155 1542 4226 mortis,
1558 4159 1588 4213 et
1602 4156 1632 4211 in
1643 4153 1789 4228 caliginem·

147 4231 176 4284 et
189 4231 285 4286 virum
300 4230 330 4286 in
346 4235 453 4286 terram
471 4247 567 4287 auam.
985 4229 1065 4295 Quod
1082 4230 1123 4285 sic
1138 4228 1193 4286 hoo
1209 4244 1267 4285 non
1284 4227 1451 4292 audieritis,

111 4302 146 4354 nt
158 4302 233 4385 erit:
250 4301 276 4358 ai
291 4302 398 4388 eruditi
414 4302 572 4386 didicerint
584 4302 759 4388 viaeupopuli
776 4303 845 4370 mei,
1020 4300 1050 4356 in
1067 4298 1238 4386 abscondito
1263 4299 1390 4372 plorabit
1405 4300 1503 4356 anima
1518 4314 1582 4356 mea
1598 4296 1655 4364 (Al.
1673 4293 1805 4364 vesteis

148 4373 929 4524 ἓίιιέἒὲἓὲιιιιὲιὲῗῗιῖἳιιῗιιῗίἕιὲξιΙῖιῖιιιίιὲυιῗΒιιιι
945 4404 970 4472 D
987 4372 1316 4515 Plgffiiiessgfoerrfflbit'll
1332 4443 1399 4499 cdd.
1424 4442 1612 4514 Jerusalem),
1638 4445 1667 4498 et
1686 4428 1826 4497 omont·

147 4512 372 4572 edificabuntur
385 4516 416 4573 ln
432 4517 528 4575 medic
543 4518 643 4591 pepuli
657 4517 724 4575 mei.
1057 4513 1160 4572 oculus
1175 4530 1259 4571 mene
1286 4529 1446 4587 acrymam,

110 4581 192 4646 Quod
209 4584 234 4640 ei
249 4602 307 4642 aon
323 4589 482 4659 audierint,
1021 4586 1092 4659 quia
1106 4589 1210 4658 eaptus
1225 4589 1270 4642 eat
1285 4601 1353 4658 grex
1367 4585 1496 4643 Domini.

147 4653 268 4738 evellam
284 4662 401 4729 gentem
416 4659 498 4716 illam
523 4660 674 4718 avulsione
701 4665 731 4718 et
757 4660 930 4734 perditione,
984 4658 1037 4715 Dic
1052 4658 1126 4742 regi,
1141 4661 1170 4713 et
1185 4657 1391 4714 dominatrici:

184 4728 227 4780 ιιι
240 4725 394 4787 Dominus.
985 4728 1200 4796 Humilramini,
1214 4730 1331 4785 sedete:
1765 4790 1770 4801 ,

111 4794 189 4925 &aaa
208 4798 296 4871 Vlll.)
311 4802 378 4858 Hac
393 4800 464 4858 dicit
477 4800 621 4858 Dominus
635 4802 670 4859 ad
687 4817 753 4861 me:
986 4801 1129 4869 Quoniam
1147 4800 1298 4858 descendit
1311 4800 1457 4873 decapite
1471 4803 1567 4857 vostro
1584 4814 1690 4856 corona
1711 4788 1830 4869 glou!

134 4867 199 4936 ade,
214 4872 243 4925 et
258 4870 375 4940 posside
389 4873 443 4928 tibi
455 4873 590 4930 lumbare
604 4873 726 4945 lineum,
1056 4878 1172 4929 vestre.

147 4942 177 4995 at
191 4955 284 5023 pones
296 4940 370 4998 illud
386 4959 477 5016 super
491 4944 609 5001 lumbos
623 4950 700 5016 tuos,
985 4943 1123 5001 Civitates
1138 4941 1237 4999 austri
1252 4939 1359 4998 clausa
1374 4946 1455 5011 sunt,

145 5015 175 5066 at
190 5027 220 5067 in
236 5028 342 5083 aonam
359 5030 417 5071 non
434 5016 542 5072 inlares
555 5014 640 5073 illud.
1021 5020 1050 5073 et
1066 5033 1123 5072 non
1139 5014 1249 5086 estqui
1265 5013 1395 5096 aperiat:

110 5083 146 5139 ut
159 5084 278 5156 possedi
293 5083 427 5142 lumbare
438 5088 524 5213 {sxta
538 5089 658 5145 verbnm
674 5086 803 5157 Domini,
986 5087 1140 5144 Translata
1155 5089 1201 5143 est
1214 5100 1313 5141 omnia
1326 5085 1404 5141 luda
1418 5085 1472 5158 (lt.
1488 5085 1603 5155 ludus)
1617 5080 1830 5152 transmigtt‘

144 5158 174 5210 ιι
188 5156 273 5228 posui
289 5155 368 5213 circa
382 5157 442 5213 lum
466 5173 499 5213 os
515 5173 606 5214 meos.
1057 5159 1139 5215 tione
1154 5157 1292 5232 perlecta.

108 5226 143 5283 ut
154 5224 250 5284 lactus
262 5232 308 5285 est
321 5243 419 5286 sermo
434 5228 550 5286 Domini
576 5229 685 5299 adme,
715 5231 856 5300 secundo,
886 5232 930 5288 di·
986 5229 1347 5297 Levateooulosvestros,

145 5314 234 5357 oens:
1020 5306 1049 5356 et
1062 5301 1159 5358 videte
1173 5299 1223 5373 qui
1240 5299 1348 5355 venitis
1364 5301 1400 5356 ab
1415 5316 1433 5356 a
1454 5298 1573 5358 ullone:

107 5369 348 5438 Tollelumbara,
371 5372 450 5444 quod
479 5370 647 5446 possedisti,
678 5373 757 5445 quad
781 5378 825 5431 est
854 5373 932 5432 circa
984 5370 1040 5428 Ubi
1055 5377 1100 5428 est
1115 5388 1181 5445 grex
1198 5370 1248 5442 qui
1263 5371 1351 5427 datus
1365 5376 1411 5428 est
1423 5375 1444 5427 tr
1468 5371 1489 5441 i,

178 5441 297 5501 lumbos
311 5448 389 5502 taos.
1021 5459 1111 5515 pecus
1127 5444 1268 5516 inclytum
1284 5447 1391 5499 tunm:

142 5517 171 5569 et
185 5530 312 5589 surgam
326 5518 400 5575 vade
414 5515 451 5574 ad
467 5514 657 5590 Euphratem,
984 5513 1057 5579 Quid
1075 5516 1155 5572 diaes
1170 5530 1235 5571 cana
1250 5513 1474 5571 visitaveritis?

140 5733 150 5770 ¹
166 5734 199 5790 1n
213 5736 424 5806 commentar,
438 5733 607 5809 ιιιιιιιιιι
621 5746 684 5793 ecs:
698 5729 839 5793 llabralca
854 5739 941 5823 optat
957 5731 1035 5808 qnod
1051 5736 1097 5793 ιιι
1111 5730 1204 5792 acatie
1214 5748 1271 5805 sos,
1285 5737 1341 5790 ιιι.
