3878 6150
105 276 161 331 ω
789 268 896 323 iistis
914 270 927 321 1
944 266 1135 323 saucilis.
1761 267 1814 326 elil

109 416 180 459 moe
195 399 263 471 elus
277 395 404 455 victimis
416 393 627 453 etmuneribus
639 409 730 466 nsque
740 392 770 449 in
780 395 933 448 eternum.
948 391 976 460 A
991 389 1094 461 ethim,
1111 395 1141 447 et
1155 407 1249 448 cesus
1264 395 1308 449 est
1323 391 1424 461 lsrael,
1437 396 1466 450 st
1481 392 1557 467 iugit
1569 391 1774 466 unusquisque
1784 393 1815 452 in

110 487 257 549 Dormiuit
271 490 371 545 anum
384 484 503 543 Samuel
523 499 617 556 usque
638 499 736 555 mane,
761 480 935 554 aperuitque
992 479 1216 538 tabernaculum
1233 496 1332 540 suum.
1349 483 1395 555 [T.
1411 483 1491 556 iili]
1506 484 1541 541 iit
1561 484 1638 541 iacta
1661 486 1707 541 est
1728 483 1817 557 plage

113 580 191 639 ostia
203 578 313 635 domus
327 574 456 632 Domini.
472 575 507 630 iit
520 572 636 631 Samuel
660 571 785 639 timebat
807 568 937 626 indicare
992 583 1101 642 magna
1116 570 1253 638 nimiast
1264 572 1433 630 oeciderunt
1444 572 1581 631 deierael
1592 572 1713 647 triginta
1723 571 1817 630 millia

113 666 260 725 visionem
281 662 356 721 iieli.
382 661 504 721 Vocavit
525 678 594 735 ergo
618 659 681 718 iieli
708 657 888 727 Samuelem,
909 658 938 712 et
993 658 1136 729 peditum.
1155 659 1191 715 iit
1206 676 1273 717 arca
1289 660 1339 718 Dei
1355 667 1441 735 capta
1455 666 1519 720 est:
1536 661 1594 719 duo
1618 677 1735 735 quoque
1763 660 1816 717 lilii

114 758 209 817 dixit:
225 753 398 821 Samuel,illi
414 755 466 811 mi.
476 752 530 818 Qui
547 750 739 824 respondeus,
754 748 814 806 ait:
831 747 939 803 Presto
994 744 1057 802 Heli
1073 749 1179 804 mortui
1193 754 1274 819 aunt,
1284 750 1382 823 ophni
1393 750 1567 809 atPhiness.
1579 749 1707 808 Currene
1717 753 1816 808 sutem

115 862 196 906 sum.
210 846 247 903 Di
262 843 452 917 interrogauit
466 857 552 899 eum:
568 838 638 906 Quis
651 844 696 896 est
717 854 824 904 sermo,
851 850 937 908 quem
992 834 1038 891 sir
1052 836 1089 892 ds
1105 836 1261 911 Beniamin
1272 855 1308 895 ex
1320 839 1394 906 acie,
1409 840 1532 897 venitin
1556 839 1614 898 Silo
1637 840 1668 896 in
1696 839 1744 897 die
1767 838 1817 896 ilio

114 934 235 994 loeutus
250 932 347 992 estad
361 931 484 1002 teil'atq
498 929 562 987 add.
578 926 756 999 Dominusl‘l
770 941 821 982 oro
839 928 879 997 te,
904 940 940 981 ne
993 925 1087 983 scissa
1100 933 1190 995 veste,
1207 932 1236 984 et
1251 944 1427 1002 conspersus
1442 928 1560 1002 pulvera
1572 934 1670 1002 caput.
1686 933 1819 1000 Dumque

115 1024 260 1084 celaveris
275 1038 333 1080 me.
346 1025 413 1078 Dec
427 1019 515 1076 iaciat
528 1016 582 1074 tibi
596 1016 684 1086 Deus,
707 1021 737 1073 st
759 1013 821 1071 hac
841 1013 940 1080 addat,
992 1012 1043 1072 ille
1054 1015 1191 1084 venisset,
1209 1015 1269 1073 ileli
1284 1017 1618 1092 sedebutsupersellam
1628 1015 1819 1074 contraviam

115 1113 141 1173 si
156 1111 383 1171 maculeris·
397 1124 444 1166 me
459 1122 637 1174 sermonem,
652 1122 688 1162 ex
696 1104 836 1162 omnibus
844 1100 941 1159 verbis
994 1108 1141 1177 spectans.
1159 1106 1228 1164 lirat
1243 1106 1321 1164 enim
1338 1123 1388 1164 cor
1402 1108 1469 1180 ejus
1483 1123 1592 1180 pavens
1608 1123 1659 1180 pro
1671 1122 1739 1163 arca
1754 1105 1818 1164 Dei.

116 1218 184 1277 qus
214 1201 379 1258 dictasunt
407 1197 471 1256 tibi.
487 1195 629 1253 indicavit
656 1192 794 1267 itaqueei
824 1189 940 1248 Samuel
993 1191 1046 1248 Vir
1060 1199 1158 1252 autem
1175 1194 1225 1252 iile
1239 1200 1396 1270 postquam
1412 1197 1566 1269 ingressus
1589 1199 1645 1267 est,
1671 1193 1817 1252 nuntiavit

117 1292 272 1349 universos
285 1303 439 1346 sermones
454 1291 476 1358 ¹,
489 1290 518 1343 et
541 1301 599 1342 non
615 1280 769 1341 abscondit
784 1282 821 1338 ab
845 1297 890 1337 eo.
907 1284 942 1336 iit
994 1282 1072 1351 orbi,
1082 1287 1113 1340 et
1123 1283 1246 1341 ululavit
1257 1286 1354 1343 omnis
1364 1285 1477 1343 civitas.
1490 1286 1524 1342 iit
1534 1283 1717 1343 audiultiieli
1740 1282 1820 1343 soni·

116 1380 166 1439 iile
182 1378 356 1452 rospondit:
375 1377 517 1435 Dominus
532 1379 596 1432 est:
612 1374 691 1445 quod
714 1371 826 1428 bonum
841 1373 887 1428 est
909 1368 940 1426 in
994 1376 1057 1429 tum
1074 1370 1224 1443 clamoris,
1241 1374 1389 1448 dixitque:
1400 1372 1821 1440 Duisestlriesonitustumul·

116 1469 215 1529 oculis
228 1466 303 1535 suis,
319 1465 416 1524 iaciat.
432 1465 528 1523 Crevit
541 1466 641 1520 autem
655 1459 783 1531 Samuel,
798 1463 827 1515 ct
841 1457 941 1515 Domi·
994 1464 1044 1517 tus
1058 1460 1174 1534 huiusi
1188 1464 1226 1518 ut
1241 1462 1591 1534 illaiestinavitmtuenit,
1601 1461 1824 1521 stannuntiavit

117 1576 176 1617 nus
191 1561 256 1616 erat
269 1572 337 1614 cum
351 1571 396 1623 eo,
410 1559 438 1613 et
453 1571 511 1612 non
525 1553 678 1610 ceciditex
689 1550 827 1608 omnibus
844 1547 942 1605 verbis
996 1547 1071 1606 Heli.
1086 1549 1149 1606 iisli
1165 1554 1262 1608 autern
1279 1551 1518 1625 eratnonaginta
1532 1559 1559 1609 et
1574 1555 1640 1609 octo
1663 1567 1820 1621 annorum,

116 1652 184 1722 ejus
198 1648 230 1705 in
245 1652 366 1704 terram.
381 1646 415 1702 lit
430 1644 566 1718 cognovit
576 1639 829 1700 universusIsrasl
841 1656 858 1696 a
868 1637 943 1694 Dan·
995 1641 1025 1695 et
1039 1637 1115 1695 oculi
1140 1639 1206 1711 ejus
1224 1639 1432 1714 caligaverant,
1456 1646 1486 1698 et
1499 1640 1598 1698 videre
1613 1657 1671 1698 nou
1696 1644 1821 1714 poterat,

117 1753 214 1812 nsque
230 1736 405 1805 Ber-Sabae,
417 1735 495 1807 quod
510 1731 606 1789 tidelis
617 1729 735 1788 Samaei
745 1728 888 1804 propheta
898 1742 943 1784 es·
957 1768 982 1838 B
997 1725 1032 1783 iit
1043 1725 1118 1783 dixit
1132 1729 1168 1785 ad
1183 1728 1266 1785 lieli:
1282 1732 1342 1802 ligo
1364 1745 1430 1787 sum
1447 1730 1499 1802 qui
1514 1731 1579 1788 ueni
1606 1731 1643 1787 de
1667 1728 1777 1803 prelio,
1791 1733 1822 1787 et
1912 1740 1916 1747 ·

118 1830 163 1884 set
176 1823 308 1884 Domini.
324 1825 357 1881 Di
371 1824 485 1880 addidit
508 1821 663 1891 Dominus,
685 1824 719 1876 ut
739 1820 892 1891 appareret
912 1816 943 1872 in
997 1830 1052 1888 ego
1066 1816 1115 1889 qui
1131 1817 1167 1873 de
1182 1818 1243 1875 acie
1260 1818 1321 1892 iugi
1332 1817 1429 1885 lrodie,
1441 1819 1493 1877 cui
1505 1819 1554 1877 ille
1564 1819 1621 1877 ait:
1635 1819 1709 1887 Quid
1721 1822 1819 1876 actum

118 1915 190 1985 iiio,
205 1913 349 1987 quoniam
364 1910 509 1970 revelatus
530 1910 626 1967 iuerat
650 1908 794 1966 Dominus
815 1904 943 1963 samueli
997 1909 1053 1975 est,
1070 1904 1111 1961 ilii
1127 1905 1196 1961 mii
1216 1907 1406 1980 Respondeas
1430 1912 1528 1966 autem
1557 1908 1609 1983 qui
1636 1908 1818 1968 nuntiabat:

120 2005 149 2063 iu
164 2003 242 2074 Silo,
252 2002 341 2075 juxta
355 2001 476 2057 uerbum
488 1999 614 2056 Domini.
631 2001 664 2053 Et
679 1997 944 2054 evenitsermosa·
999 1994 1094 2068 Fugit,
1110 1994 1218 2068 inquit,
1235 1996 1324 2054 israel
1345 2013 1444 2056 coram
1472 1997 1651 2068 Philisthim,
1680 2000 1709 2055 et
1734 2000 1820 2056 ruins

120 2093 231 2151 maelis
246 2091 382 2149 universo
397 2089 506 2148 israeli.
523 2089 569 2161 [Τ.
583 2088 616 2157 Χ,
633 2087 699 2159 Gap.
716 2087 775 2157 iu]
791 2084 944 2142 iitisctum
998 2098 1106 2156 magna
1120 2084 1198 2142 iacta
1212 2086 1297 2144 estin
1313 2085 1437 2159 populo:
1454 2086 1576 2160 insuper
1589 2091 1619 2144 et
1631 2088 1689 2144 duo
1703 2086 1757 2144 iiiii
1775 2085 1821 2144 tui

120 2188 165 2241 est
176 2183 208 2239 in
221 2180 329 2238 diebus
344 2178 415 2246 illis,
428 2179 628 2236 convenerunt
640 2173 810 2233 philisthim
835 2173 864 2228 in
889 2189 944 2245 pu·
999 2171 1108 2228 mortui
1123 2178 1204 2244 sunt,
1220 2173 1316 2247 Ophni
1330 2179 1358 2232 et
1373 2174 1508 2246 Phineas,
1523 2180 1553 2234 et
1571 2190 1638 2234 arca
1660 2174 1711 2233 Dei
1732 2179 1820 2250 capta

119 2286 209 2347 gnam
225 2270 407 2343 ¹:egressus
421 2272 466 2325 eet
480 2282 607 2339 namque
623 2262 711 2321 israel
726 2262 840 2319 obviam
856 2260 946 2317 Phili·
998 2264 1053 2318 est.
1071 2262 1113 2335 [Τ.
1131 2260 1214 2337 ΧΙΙΙ.]
1231 2262 1363 2338 Cumque
1377 2264 1428 2322 ilie
1440 2263 1623 2324 nominasset
1637 2281 1735 2322 arcam
1756 2264 1821 2336 Del,

120 2359 212 2415 etiaim
229 2358 260 2415 in
275 2356 419 2430 pralium,
434 2361 464 2412 et
478 2356 703 2411 castrametatus
718 2352 856 2423 estJuats
871 2348 945 2422 lapi·
998 2350 1104 2407 occidit
1119 2351 1154 2408 de
1168 2350 1241 2408 seila
1257 2358 1416 2411 retrorsum
1428 2355 1514 2428 juxta
1528 2354 1649 2421 ostium,
1665 2358 1695 2412 et
1721 2352 1824 2412 ineatis

120 2448 186 2505 dem
202 2444 451 2519 ioJaturiiJ>0rr0
465 2437 944 2512 Philisthimaeneruntinliphec,
999 2439 1162 2496 cervicibus
1183 2445 1319 2499 mortuus
1334 2446 1389 2500 est.
1418 2450 1510 2500 senex
1532 2444 1612 2500 enim
1638 2447 1701 2501 erat
1721 2442 1766 2501 vir
1794 2445 1825 2500 et

120 2541 147 2593 et
161 2536 370 2599 instruxerunt
384 2533 475 2590 aciem
494 2535 597 2590 contra
621 2529 720 2587 isreel.
748 2528 822 2584 inito
846 2531 945 2585 erilem
999 2527 1183 2600 grandevus,
1200 2534 1228 2585 et
1243 2531 1823 2606 ipsejudicavitisraelquadragintaan·

117 2624 292 2696 certamine,
307 2623 485 2696 tergavertlt
500 2619 589 2678 lsrael
605 2616 794 2690 philistheie,
814 2621 843 2673 ei
871 2632 946 2673 cesa
1000 2616 1056 2685 uis,
1072 2616 1170 2675 Nurus
1193 2622 1291 2675 autem
1313 2621 1388 2693 ejus,
1415 2638 1487 2679 uxor
1512 2620 1646 2692 Phineos,
1671 2636 1826 2694 pregnans

117 2720 191 2775 sunt
202 2716 234 2772 in
249 2712 300 2770 illo
314 2711 474 2769 certamine
489 2708 598 2782 passim
611 2723 767 2780 peragras,
780 2704 865 2779 quasi
877 2720 946 2777 qua·
1000 2709 1072 2773 erat,
1087 2706 1244 2780 uicinaque
1255 2709 1364 2781 partui,
1374 2710 1511 2767 etauditc
1522 2709 1638 2781 nuntio,
1651 2710 1728 2782 quod
1739 2713 1825 2783 capta

115 2808 188 2863 tuor
201 2800 299 2860 millis
311 2801 453 2858 virorum.
472 2798 508 2855 iit
532 2812 666 2854 reversus
689 2799 735 2852 ast
758 2793 886 2867 populus
908 2791 946 2850 ad
1000 2798 1080 2851 esset
1094 2811 1161 2853 arua
1177 2796 1240 2866 Dei,
1255 2802 1286 2854 et
1299 2805 1435 2856 mortuus
1451 2814 1533 2856 socer
1547 2814 1632 2869 suus,
1647 2797 1824 2867 stvirsuus,

116 2898 239 2953 amre:
257 2891 452 2961 dixeruntque
466 2887 594 2959 majores
606 2889 676 2941 natu
687 2882 821 2940 delsrasl
832 2899 839 2953 ς
852 2882 946 2948 Quare
1000 2881 1165 2941 incurvavit
1179 2902 1221 2942 se.
1237 2890 1266 2943 et
1285 2887 1416 2960 peperit:
1446 2887 1592 2945 irruerant
1606 2886 1685 2944 eninr
1712 2885 1743 2943 in
1758 2901 1823 2944 sam

116 2982 338 3059 psmussitnos
366 2976 507 3035 Dominus
521 2974 609 3032 hodie
629 2989 728 3031 coram
753 2971 947 3028 Philistlriml
1001 2970 1116 3030 dolores
1131 2973 1222 3031 subiti
1246 2973 1287 3045 [h.
1311 2974 1381 3049 sui]
1405 2975 1437 3032 ia
1460 2975 1524 3049 ipso
1549 2979 1649 3033 autem
1674 2979 1823 3033 momento

115 3071 288 3131 ideramus
302 3069 338 3126 ad
354 3082 408 3124 nos
422 3065 459 3122 de
477 3063 537 3122 silo
553 3078 652 3120 arcam
679 3058 796 3118 ioederis
819 3058 946 3131 Domini,
1002 3061 1107 3119 mortis
1119 3062 1196 3135 ejus,
1212 3063 1349 3121 dixerunt
1363 3063 1390 3121 ei
1405 3081 1469 3138 qua
1493 3066 1613 3123 stabant
1635 3064 1713 3121 eirca
1737 3080 1824 3123 eam:

116 3168 150 3220 at
163 3158 268 3217 ueniat
280 3158 311 3215 ln
326 3156 458 3213 medium
474 3152 578 3223 nostri,
593 3155 627 3208 ut
641 3150 733 3207 salvet
746 3165 800 3205 uos
811 3149 846 3205 de
857 3164 947 3205 manu
962 3147 984 3215 G
1003 3149 1044 3207 Ne
1059 3151 1174 3220 timeas,
1190 3152 1260 3224 quia
1275 3152 1367 3209 illium
1384 3153 1534 3227 peperisti.
1551 3156 1617 3222 Qua
1634 3170 1693 3211 non
1708 3168 1827 3227 respon·

116 3247 312 3306 inimieorum
322 3247 491 3303 nostrorum
500 3243 522 3297 ⁸.
535 3240 619 3298 Misit
627 3255 697 3313 srgo
707 3236 947 3312 populosinSilo,
1002 3238 1045 3295 dit
1059 3239 1113 3307 eis,
1129 3254 1224 3313 neque
1240 3242 1457 3301 animadvertit.
1484 3244 1520 3300 iit
1546 3242 1659 3300 vocavit
1685 3258 1827 3318 puerum,

119 3342 151 3395 et
165 3334 303 3393 tulerunt
316 3333 385 3390 inde
399 3347 496 3389 aream
508 3328 625 3386 laederis
641 3326 755 3385 Domini
766 3326 948 3383 exercituum
1002 3327 1128 3386 ichabod
1143 3330 1165 3398 ⁸,
1180 3330 1301 3388 dicens:
1318 3331 1475 3389 Translata
1504 3337 1549 3389 est
1564 3331 1704 3406 glorisde
1723 3332 1825 3404 isreel,

121 3423 257 3483 dentis
271 3413 948 3495 supercharubim:erantqueduoilliiiielioum
1002 3415 1073 3490 quia
1085 3422 1171 3491 capta
1185 3424 1231 3477 est
1246 3436 1313 3478 arca
1327 3419 1389 3491 Dei,
1406 3424 1435 3478 et
1445 3437 1498 3494 pro
1514 3436 1614 3478 socero
1642 3437 1697 3478 suo
1717 3426 1746 3479 et
1773 3437 1826 3495 pro

124 3530 196 3573 arca
210 3512 329 3571 ioederis
343 3509 406 3580 Dei,
432 3507 528 3582 prni
547 3510 576 3564 et
591 3505 725 3563 Phineas.
740 3508 873 3577 Cumque
900 3520 947 3560 ve·
1002 3505 1064 3563 viro
1078 3523 1142 3580 suo,
1153 3512 1183 3565 et
1197 3508 1257 3567 ait:
1273 3509 1426 3566 Translate
1436 3513 1482 3567 est
1496 3509 1620 3583 gloriam
1632 3510 1669 3567 ab
1681 3509 1780 3582 israel,
1791 3526 1826 3568 eo

125 3604 222 3662 nismt
235 3616 306 3660 arca
320 3598 438 3657 ioederis
452 3595 567 3654 Domini
594 3594 624 3651 in
641 3599 749 3666 castra,
773 3593 949 3651 vociferatus
1004 3596 1082 3667 quod
1098 3600 1184 3669 capta
1198 3601 1276 3655 esset
1290 3614 1356 3655 arca
1371 3597 1433 3654 Dei.

127 3697 173 3751 est
186 3689 287 3750 omnis
301 3687 390 3746 israel
398 3686 525 3744 clamore
533 3685 647 3759 grandi,
658 3688 686 3740 et
697 3681 949 3757 personuitterra.
1040 3685 1083 3755 [Τ.
1101 3684 1175 3754 xlv,
1193 3685 1258 3760 cap,
1274 3686 1321 3760 v‚]
1336 3687 1484 3745 piligthim
1507 3692 1606 3746 amm
1621 3686 1754 3744 ,ulerunt
1778 3703 1828 3743 ῃ.

128 3780 172 3857 [Τ.
186 3780 242 3854 xi]
257 3778 293 3835 iit
305 3776 463 3835 audierunt
485 3772 652 3831 Philistlrim
679 3787 778 3829 vocem
802 3770 950 3844 clamoris,
1005 3790 1070 3831 eam
1086 3774 1147 3847 liei,
1163 3779 1192 3833 et
1207 3781 1435 3850 asportaverunt
1458 3794 1522 3835 sam
1537 3796 1554 3834 a
1567 3777 1663 3851 lapide
1686 3775 1830 3850 idjutorii

129 3871 341 3942 dixeruntque:
357 3865 495 3934 Quasdam
512 3868 556 3920 est
569 3859 951 3932 haovoxclamorismagni
1005 3863 1037 3920 in
1051 3865 1185 3922 Azotum.
1199 3865 1401 3938 i'uleruntque
1413 3865 1582 3924 Philisthim
1607 3882 1706 3925 aream
1721 3865 1784 3933 Dei,
1800 3868 1830 3923 et

129 3961 160 4017 in
173 3959 281 4017 antris
295 3952 506 4013 liebraorum‘l
521 3953 555 4008 iit
573 3955 773 4026 cognoverunt
791 3950 868 4022 quod
885 3964 954 4007 arca
1005 3951 1171 4010 intulerunt
1184 3970 1249 4013 eam
1264 3956 1293 4012 in
1310 3954 1453 4028 templum
1470 3961 1580 4029 Dagon,
1607 3960 1636 4012 et
1663 3957 1831 4013 statuerunt

131 4038 952 4112 Dominivenissetincastra.Timueruntquei'lrilistlrim,
1006 4058 1071 4100 eam
1082 4043 1169 4115 juxta
1188 4042 1298 4118 Dagon.
1316 4044 1447 4118 Cumque
1475 4046 1673 4103 surrexissent
1698 4042 1828 4100 diluenlo

134 4138 282 4199 dieentes:
297 4132 385 4192 Venit
403 4133 481 4189 Deus
496 4131 526 4187 in
550 4133 654 4187 austra.
671 4129 706 4185 iit
733 4129 953 4203 ingemuerunt,
1005 4131 1097 4189 Azotii
1112 4132 1203 4190 altera
1217 4132 1342 4200 die,ecce
1357 4132 1828 4207 Dagoajaeebatpronusinterra

134 4227 284 4287 diceutes:
302 4223 351 4280 Vsa
366 4220 471 4279 nobis:
487 4236 545 4277 non
560 4218 637 4276 enim
654 4218 710 4276 luit
728 4221 810 4274 tanta
823 4216 952 4275 exsulta·
1007 4226 1075 4278 ante
1090 4239 1188 4280 arcam
1203 4222 1331 4294 Domini,
1347 4226 1376 4279 et
1390 4221 1522 4279 tulerunt
1532 4222 1645 4295 Dagon,
1655 4221 1830 4279 etreatitue·

133 4318 173 4375 tio
184 4315 251 4375 heri
264 4317 295 4371 et
310 4312 544 4378 nudiustertius,
568 4306 721 4374 sanciris,
748 4307 799 4380 qui
816 4324 870 4364 nos
893 4324 953 4364 ser·
1008 4314 1079 4368 runt
1091 4327 1158 4368 eum
1175 4310 1204 4367 in
1217 4310 1281 4368 loeo
1296 4326 1360 4369 suo.
1388 4311 1572 4384 ilersumque
1595 4327 1682 4369 mane
1697 4312 1745 4369 die
1773 4310 1831 4369 alio

134 4406 209 4465 sebit
220 4406 359 4463 demnnu
369 4402 492 4480 deorum
503 4397 677 4456 sublimium
688 4396 957 4455 istorumlhisunt
1009 4404 1229 4473 consurgentes,
1259 4401 1435 4458 invenerunt
1458 4400 1557 4474 Dagon
1570 4400 1717 4473 jacentem
1746 4414 1836 4475 super

137 4496 186 4567 dil,
213 4494 269 4570 qui
282 4492 494 4567 percusserunt
520 4488 675 4561 AEgyptum
700 4487 779 4544 omni
807 4485 904 4560 plaga,
924 4485 956 4545 in
1010 4488 1113 4545 taciem
1128 4504 1214 4545 suam
1228 4489 1258 4545 in
1274 4492 1353 4545 terra
1368 4505 1467 4547 soram
1484 4507 1553 4547 arca
1580 4488 1717 4546 Domini:
1748 4493 1837 4562 caput

138 4586 263 4644 deserto.
276 4577 501 4647 confortamini,
515 4581 545 4634 et
566 4580 660 4634 estote
673 4575 740 4645 viri,
768 4574 936 4633 Philisthim
950 4593 957 4632 :
1015 4581 1112 4633 aulem
1124 4577 1237 4652 Dagon,
1247 4583 1277 4634 et
1286 4577 1350 4634 dua
1361 4577 1465 4650 palme
1477 4594 1621 4636 munuum
1630 4577 1836 4651 eiusabscisee

140 4688 172 4731 ne
185 4670 325 4733 servistis
338 4666 480 4737 Hebreis,
494 4668 571 4723 sicut
597 4663 641 4722 illi
656 4664 822 4721 servierunt
837 4664 920 4722 vobis
930 4666 960 4722 ⁶:
1016 4670 1099 4723 erant
1114 4682 1203 4738 super
1216 4666 1325 4724 limen:
1339 4682 1425 4738 porro
1440 4665 1540 4739 Dagon
1555 4671 1680 4724 truncus
1695 4667 1778 4725 solus
1793 4682 1838 4723 re·

143 4758 357 4828 acutortsmini,
371 4761 401 4816 et
413 4754 532 4813 bellate.
547 4754 756 4828 Pugnaverunt
771 4767 841 4827 argo
870 4753 962 4810 Phili·
1017 4757 1168 4813 manserat
1181 4753 1212 4811 in
1227 4753 1290 4812 loco
1305 4770 1368 4812 suo.
1393 4754 1515 4827 Propter
1537 4754 1613 4811 hanc
1634 4770 1756 4813 oausam
1782 4771 1839 4813 non

179 4953 471 5017 ¹'rsceav0mnens
488 4968 545 5008 ms.
560 4949 705 5006 universos
722 4964 870 5018 semmam
886 4954 965 5024 quod
1023 4950 1157 5007 dillone:
1177 4967 1266 5022 quam
1288 4955 1386 5008 tamen
1415 4955 1480 5009 tam
1509 4952 1573 5025 ipse
1600 4968 1636 5009 ex
1658 4951 1844 5023 antiquarum

149 5036 247 5089 umen
260 5026 423 5086 iniiebrso
437 5029 492 5092 est,
508 5025 607 5080 Greco
619 5027 704 5093 atque
719 5021 784 5078 aliis
802 5020 896 5079 libris.
1024 5021 1201 5079 versionum
1224 5039 1368 5079 consensu
1393 5027 1508 5095 probat,
1531 5039 1598 5080 cum
1629 5039 1645 5080 e
1667 5022 1847 5088 sumitates,

177 5102 280 5160 ⁸'i'ota
294 5098 356 5156 laea
408 5095 517 5167 rioopc,
533 5095 566 5150 iit
581 5100 686 5164 tactum
699 5094 968 5177 ectiadicbucittis,
1026 5094 1088 5151 sive
1115 5095 1344 5164 correctorium,
1379 5100 1511 5152 veterum
1541 5040 1750 5168 exampiarlum
1783 5106 1848 5149 esse

147 5175 334 5233 mentm
349 5175 371 5227 Ρ
398 5168 511 5225 'luitici
525 5167 555 5222 ia
570 5180 728 5237 paganam
742 5167 902 5221 Veronensi
914 5184 968 5225 ms.
1026 5169 1163 5223 testatur.

149 5246 242 5317 eiua,
255 5241 396 5316 quodque
407 5238 448 5296 rei
471 5247 558 5311 eaput
573 5244 628 5307 est,
655 5236 685 5291 in
704 5235 824 5291 liebreo
852 5252 971 5312 quoque
1065 5238 1076 5274 ⁸
1093 5237 1152 5295 Ms.
1168 5236 1337 5293 veronens:
1353 5237 1391 5293 Dc
1405 5237 1494 5295 medio
1508 5237 1697 5304 inimicorum,
1711 5238 1767 5293 etc.

147 5316 306 5389 archetypo
320 5307 631 5381 desideretur,uti1inc
647 5307 713 5364 colli
736 5323 779 5375 as,
789 5307 970 5367 adamussim
1066 5311 1077 5344 ⁶
1093 5309 1166 5366 tium
1182 5309 1280 5366 (traco
1293 5309 1361 5381 ἡμῖν
1373 5307 1533 5366 Veronens.
1549 5325 1605 5365 ms.
1622 5306 1713 5365 notia

147 5404 182 5447 eo
197 5391 228 5445 in
243 5386 346 5445 codice
359 5379 617 5466 Hierongmianam
632 5394 667 5460 ex
683 5322 972 5464 deirae-versionem
1067 5380 1079 5415 ⁸
1094 5380 1187 5437 Dhero
1203 5381 1232 5437 in
1248 5383 1410 5437 Veronensi
1424 5380 1522 5437 codiee
1558 5381 1649 5435 riores
1663 5379 1728 5433 dua
1750 5375 1852 5433 litters

149 5458 485 5537 exhiberinecnrsiex
498 5451 666 5535 Gqaecoruv
695 5451 772 5506 Lxx
800 5466 830 5506 m
857 5452 974 5513 Latinos
1028 5450 1220 5579 iugulantur,
1236 5396 1852 5521 utsciasnonscabocisedcabadappel·

148 5531 270 5593 codices
285 5543 321 5585 sa
333 5525 423 5584 serbe
436 5540 494 5581 rrre
515 5539 601 5581 sisse.
618 5523 690 5582 itam
701 5522 834 5578 etiucae
844 5522 975 5598 Brugen·
1040 5523 1162 5581 andum.

151 5604 196 5665 sis
209 5616 265 5663 sex
280 5539 574 5669 assumpisse
584 5594 666 5668 citat,
680 5610 742 5665 que
756 5609 792 5653 ea
809 5601 910 5654 caram
922 5597 976 5656 ad-

307 5717 444 5779 i’ssacr..
464 5712 599 5777 xxviii.
1656 5709 1706 5771 qq
