3870 6120
106 178 158 237 stt
628 184 659 240 S·
679 187 885 247 illusorem
902 186 1031 246 DIVINA
1047 183 1298 244 stetinenses.
1762 176 1817 234 W

143 303 225 362 Delio
240 302 335 377 legem
350 319 446 364 meum
462 304 493 362 in
507 304 671 365 visceribus
686 327 800 383 eorum,
949 316 975 383 Α
990 312 1021 367 ΕΙ
1036 308 1094 368 emi
1107 324 1213 382 ugrum
1228 307 1266 365 eb
1280 304 1421 365 ltnemeel
1435 304 1497 363 lilio
1511 303 1611 378 putrui
1627 302 1699 373 mei,
1713 301 1763 376 qui
1775 306 1817 360 eet

146 381 175 433 et
187 377 216 433 in
233 378 319 434 corde
334 392 436 435 eurum
451 376 578 435 scritum
593 396 658 437 eum
676 398 683 439 :
1061 382 1091 437 in
1106 379 1256 437 Anothoth
1273 397 1280 435 :

110 452 146 503 Et
160 464 211 505 ero
225 450 268 505 eis
285 448 314 505 in
331 448 435 505 Deum.
1024 457 1053 510 et
1066 452 1230 526 appendici
1245 455 1401 524 argentum
1412 452 1524 521 septem
1537 448 1709 514 steteree,et
1720 446 1815 503 decem

148 525 176 578 et
191 520 248 593 ipsi
264 523 351 576 erunt
365 520 437 576 mihi
453 519 483 576 in
500 521 653 596 pupulum.
1060 527 1225 598 argenteos.

113 591 147 648 iit
163 608 220 647 nou
237 591 385 648 docebunt
400 591 478 649 ultre
492 594 537 650 vir
549 594 826 670 (liunusqnisque)
841 598 939 671 pruiii·
990 597 1026 652 tlt
1037 596 1093 653 scri
1118 596 1143 651 si
1160 596 1189 651 in
1206 592 1291 662 libro,
1307 597 1337 650 et
1351 593 1478 667 signavi,

184 678 267 719 mum
282 680 386 721 suum.
1026 675 1086 725 ete
1108 668 1191 724 hihui
1205 671 1316 723 testes:

150 737 179 790 et
198 734 243 789 vir
257 733 311 805 (lt.
328 734 547 809 unusquisque)
562 736 683 795 lriitrem
699 755 798 809 suum,
815 741 915 799 dicens
932 759 939 799 :
991 738 1169 813 stuppeum
1184 743 1340 811 ungentum
1356 736 1386 792 in
1402 738 1512 815 statere
1527 750 1552 816 ε1

115 804 288 879 ⁰⁰ttn0eotte
302 806 462 865 Dominum
479 824 486 863 :
1027 812 1062 868 iti
1077 810 1174 882 nccepi
1193 811 1301 867 librum
1317 807 1513 881 possessionis
1529 808 1699 879 signnlum,

14 953 18 961 ι
114 876 223 934 Omnes
233 879 311 934 enim
325 880 722 951 cognoscentmeiiminimo
733 899 833 941 corum
849 900 942 957 usque
1028 882 1246 955 stipulationes,
1260 886 1289 938 et
1304 882 1390 952 signo
1407 880 1568 934 lorinsecus
1586 880 1606 930 ¹.

187 950 223 1005 nd
240 949 412 1017 maximum,
428 950 469 1005 eit
485 951 648 1009 Dominus:
993 955 1028 1010 tlt
1042 955 1109 1011 dedi
1125 953 1233 1010 librum
1250 951 1446 1026 possessionis
1462 946 1577 1006 Berucb
1595 947 1656 1032 lilii>
1680 945 1748 1030 Neri
1770 945 1832 1000 lili=

152 1021 223 1094 quin
237 1023 418 1095 propitiabor
433 1021 581 1095 iniquitati
596 1041 710 1094 curum,
1065 1026 1192 1095 Mensis,
1209 1025 1239 1082 in
1256 1024 1350 1082 oculis
1364 1022 1503 1078 Anemeel
1519 1019 1665 1103 patruelis
1681 1035 1749 1102 mei.

152 1098 181 1149 et
197 1093 308 1166 peceati
323 1110 425 1152 eorum
441 1110 499 1151 nun
514 1111 564 1151 ero
579 1113 690 1153 memor
704 1097 843 1171 emplius.
1029 1102 1059 1155 et
1073 1098 1104 1154 in
1119 1097 1212 1153 oeulis
1227 1097 1347 1154 testium
1363 1096 1415 1169 qui
1430 1093 1533 1166 scripti
1548 1097 1633 1149 erent
1647 1107 1679 1146 in
1694 1091 1769 1146 libro

117 1169 183 1221 ileo
198 1165 269 1221 dicit
282 1165 438 1232 Dominus,
453 1165 503 1238 qui
520 1167 570 1222 dot
584 1168 676 1225 solem
693 1170 723 1226 in
738 1169 852 1227 lumine
875 1169 943 1242 diei,
1065 1169 1235 1241 emptionis,
1791 1231 1797 1243 ,

154 1237 286 1292 ordinem
301 1238 378 1294 iunae
393 1241 422 1293 et
436 1237 589 1295 stellarum
605 1241 634 1295 in
651 1239 763 1299 lumine
778 1241 872 1299 noctis
891 1258 898 1298 ι
1030 1245 1059 1297 et
1071 1241 1099 1296 in
1111 1240 1204 1297 oculis
1217 1236 1350 1296 omnium
1365 1236 1535 1294 iudeorum
1549 1234 1601 1309 qui
1623 1233 1767 1290 sedebunt
1790 1248 1819 1293 ι

118 1308 172 1376 Qui
189 1309 289 1365 turbet
304 1326 396 1378 mere,
412 1312 441 1365 et
456 1317 563 1367 sonunt
575 1311 683 1368 lluctus
698 1314 773 1386 ejus.
1067 1312 1140 1368 ntrio
1155 1312 1290 1369 unrceris.

157 1380 300 1437 Dominus
315 1379 495 1438 exercituum
513 1399 618 1440 nomen
633 1382 686 1439 illi.
996 1384 1031 1440 itt
1046 1383 1182 1456 precepit
1196 1381 1309 1439 Burucli
1325 1396 1423 1436 eorem
1439 1379 1482 1435 eie
1497 1377 1598 1434 dicens
1614 1392 1622 1431 ι

119 1451 150 1507 Si
163 1452 322 1508 defecerint
337 1454 415 1526 leges
428 1451 491 1509 ists
506 1469 603 1510 corum
620 1470 677 1524 me,
694 1455 766 1512 dioit
780 1456 944 1515 Dominus:
997 1456 1062 1512 Haec
1078 1457 1149 1512 dicit
1165 1454 1308 1510 Dominus
1324 1453 1506 1508 exercituum
1524 1455 1600 1532 Deus
1617 1446 1732 1530 isreel:

156 1528 227 1579 tune
241 1526 269 1580 ei
284 1541 386 1582 semen
402 1525 492 1581 isreel
505 1526 631 1597 deliciet,
997 1529 1085 1584 Sume
1095 1526 1390 1596 libnoeistus,llbrum
1401 1522 1560 1595 emptionis
1572 1521 1652 1577 hunc
1663 1524 1832 1592 signatum

156 1599 189 1651 nt
203 1611 262 1651 non
277 1596 315 1653 sit
329 1612 402 1670 gens
417 1612 515 1653 norem
532 1615 578 1654 me
592 1599 709 1657 eunctis
722 1601 837 1657 diebus.
1033 1604 1062 1655 et
1076 1599 1184 1655 librum
1202 1598 1280 1653 hunc
1295 1598 1345 1668 qui
1360 1600 1480 1667 sperius
1495 1598 1540 1650 eet
1557 1609 1564 1649 :

121 1666 187 1723 Heu
202 1667 275 1724 dicit
288 1667 453 1725 Dominus:
959 1691 983 1757 B
1002 1674 1035 1726 itt
1049 1687 1124 1743 pune
1139 1670 1207 1726 iiius
1222 1669 1251 1725 in
1269 1684 1334 1724 ruse
1349 1666 1443 1733 lictili,
1599 1734 1606 1747 ι

121 1737 152 1795 Si
165 1740 330 1796 mensurari
346 1739 494 1813 potuerint
508 1740 569 1797 osli
584 1759 715 1813 sursum,
1038 1747 1070 1798 nt
1085 1757 1257 1815 permonere
1293 1739 1385 1797 ossint
1399 1738 1503 1794 diebus
1522 1735 1636 1792 multis.

158 1815 188 1867 et
199 1811 369 1897 investigari
385 1812 576 1869 fundamenta
590 1819 673 1871 terrm
689 1816 826 1873 deorsum
843 1833 851 1873 :
1000 1819 1067 1870 Haeo
1082 1814 1161 1870 enim
1176 1813 1248 1870 dicit
1287 1811 1405 1868 ominus
1419 1809 1602 1867 exercituum
1620 1807 1697 1862 Deus
1712 1803 1819 1873 timei:

159 1887 188 1939 et
198 1898 249 1953 ego
260 1883 399 1955 nhjicinm
411 1885 580 1941 universum
596 1901 698 1945 semen
713 1887 814 1955 isreel,
830 1890 950 1961 propter
1001 1885 1104 1942 Adhuc
1119 1885 1335 1957 posidebuntnr
1348 1884 1465 1965 dumus,

194 1954 295 2010 omniu
307 1972 369 2028 qus
384 1955 527 2021 lecerunt,
544 1957 615 2013 dicit
629 1958 782 2015 Dominus.
1038 1961 1066 2014 et
1080 1957 1153 2028 egri,
1169 1962 1198 2013 et
1212 1958 1301 2012 vineis
1316 1955 1346 2011 iii
1362 1960 1440 2011 terra
1453 1956 1520 2009 iste.

123 2025 194 2082 Eece
209 2026 273 2082 dies
287 2029 418 2092 veniunt,
435 2027 506 2084 dicit
520 2030 673 2086 Dominus.
1002 2030 1037 2085 iti
1051 2029 1130 2086 oravi
1146 2029 1181 2084 nd
1199 2030 1365 2093 Dominum,
1785 2094 1789 2104 ,

158 2101 187 2153 et
199 2096 360 2154 edificatur
375 2098 477 2155 civiles
496 2099 628 2183 Domino,
645 2118 662 2158 s
675 2105 756 2159 turre
772 2101 900 2160 Annncel
1039 2107 1195 2228 {4⁰⁸iquim
1207 2099 1313 2156 tradidi
1324 2089 1801 2155 tibrumpossessionisturucttii

121 2240 157 2295 itt
170 2184 269 2296 exuiiiii¹
273 2170 649 2300 euiiinpoiiriiiffieagigelinlinre
664 2243 694 2300 in
711 2248 869 2318 conspectu
884 2246 949 2318 eius
1004 2172 1242 2326 iiessuffri'i'ei‘iijohfenuz
1254 2213 1380 2298 Domine
1395 2239 1496 2296 Deus:
1536 2306 1543 2320 ·
1644 2306 1650 2317 ο
1707 2304 1712 2315 .

158 2311 403 2441 etsigperssotllgm
416 2313 511 2442 tinardi)
528 2331 535 2370 :
688 2386 709 2444 Π
809 2389 826 2446 d
1003 2318 1075 2373 Ecce
1090 2320 1120 2371 tii
1138 2315 1231 2372 iecisti
1248 2313 1353 2371 coelum
1368 2317 1398 2368 et
1412 2315 1519 2368 terrem
1535 2324 1565 2363 in
1582 2305 1745 2363 fortitudine
1761 2307 1795 2358 lui

202 2399 325 2440 ercuii
378 2401 414 2441 on
450 2402 495 2442 oe
524 2402 687 2445 omnemne
711 2403 807 2445 emon
829 2404 948 2447 everunt
1039 2404 1086 2444 mn
1110 2404 1157 2453 nn,

195 2453 250 2526 (lt.
266 2456 442 2528 ruinarum),
458 2427 487 2514 e’t
502 2457 621 2529 cineris,
1040 2464 1068 2516 et
1084 2403 1113 2515 iii
1129 2456 1249 2516 brachio
1265 2461 1315 2512 tue
1330 2458 1445 2512 extento
1463 2469 1469 2508 :

161 2527 190 2581 et
205 2525 375 2585 universnm
392 2528 540 2603 regionem
557 2529 823 2604 periissemus
839 2539 950 2590 torren-
1004 2531 1066 2588 Nun
1083 2530 1138 2587 erit
1149 2530 1203 2586 tibi
1217 2528 1337 2585 difficile
1354 2542 1440 2584 omne
1453 2522 1576 2607 uerbum
1595 2537 1603 2578 :

197 2601 255 2654 tem
271 2597 395 2670 Gedron,
1004 2604 1058 2671 Qui
1075 2602 1146 2658 lucis
1162 2600 1393 2658 misericordium
1409 2599 1439 2653 in
1456 2594 1601 2677 millibus,
1728 2661 1733 2673 ι

161 2671 296 2742 eiusque
311 2672 348 2727 tid
363 2670 503 2742 unguium
519 2676 608 2746 porte
622 2689 765 2747 equorum
790 2673 950 2745 orientalis,
1040 2679 1069 2732 et
1084 2672 1183 2730 reddis
1197 2672 1385 2745 iniquitatem
1399 2673 1516 2742 petrum
1532 2667 1561 2722 in
1577 2679 1676 2722 sinum
1700 2660 1792 2717 liliorum

198 2745 334 2799 sonetum
353 2743 490 2801 Domini:
1076 2761 1176 2803 eorum
1191 2750 1258 2818 post
1271 2760 1344 2801 eos:

161 2828 221 2941 nntn
237 2812 387 2883 evelletur,
403 2820 435 2872 et
449 2831 506 2872 nnn
522 2816 691 2874 destruetur
704 2816 783 2876 ultre
797 2817 826 2874 in
847 2832 950 2892 perpe·
1004 2817 1184 2885 Fortissime,

232 2901 292 2942 uni.
1066 2907 1081 2944 n

126 2902 353 3028 (depuiiXxli.)
369 2956 498 3015 Verbum
513 2959 588 3030 quod
605 2960 714 3018 luctum
738 2964 784 3016 est
808 2960 844 3017 nd
866 2961 949 3018 Jere·
1038 2905 1154 3030 mntgeplig,
1287 3028 1293 3040 Ι
1535 3023 1540 3034 ,
1566 3022 1572 3034 ,

196 3027 286 3084 mium
299 3029 461 3098 uDomino,
474 3030 503 3086 iu
514 3046 591 3086 enno
604 3031 718 3090 decimo
733 3032 859 3089 sedenis
872 3032 950 3107 regis
966 3056 988 3122 G
1039 2979 1185 3090 iiomtnus
1201 3032 1381 3085 exercituum
1399 3041 1504 3082 numen
1520 3021 1573 3078 tihi
1590 3037 1599 3078 :

161 3165 167 3180 ⁸
196 3098 297 3155 lude:
584 3172 589 3184 ⁸
1007 3101 1278 3177 lingnusoonsilio,
1463 3167 1469 3178 ·

125 3172 951 3317 ittttitlttt::illiti:ttttlltlltitltttztz
1005 3169 1602 3320 cilittttlttitttilt:tillitus
1617 3237 1678 3295 tut
1700 3230 1793 3289 iiio

161 3314 190 3367 et
202 3312 344 3369 ieremias
360 3314 501 3397 prophete
516 3321 579 3371 erut
594 3316 714 3374 clausus
725 3319 754 3375 in
766 3319 840 3377 strio
855 3336 952 3376 corce-
1076 3319 1180 3388 iidem,
1588 3380 1593 3393 ,

199 3383 251 3451 ris,
268 3384 318 3457 qui
334 3390 397 3441 eunt
412 3402 441 3441 in
458 3387 545 3443 domu
561 3388 638 3471 regis
652 3390 737 3446 ludii.
1043 3395 1076 3448 ut
1091 3391 1197 3447 reddes
1213 3384 1372 3457 unicuique
1385 3382 1549 3441 secundum
1560 3398 1630 3464 ‘viiie
1645 3395 1720 3463 snus,

164 3452 313 3512 Cleusernt
331 3457 409 3513 enim
423 3458 643 3516 eum·Sedeciiis
659 3477 708 3517 rex
721 3461 809 3530 iudo,
827 3461 950 3520 dicens:
1043 3469 1072 3519 ct
1086 3462 1249 3520 secundum
1268 3458 1393 3514 iruetum
1419 3454 1662 3512 odinventionum
1687 3462 1742 3522 eius
1761 3437 1794 3514 [ll.

164 3524 259 3588 Onnre
274 3528 453 3598 vaticinaris,
470 3529 572 3587 dicens
588 3546 595 3587 :
1078 3534 1221 3602 suorum]⁸
1713 3591 1719 3604 ,

128 3594 192 3652 ¹¹⁸⁶
207 3597 278 3655 dissil
290 3598 433 3657 D⁰mi¹¹u⁸
450 3617 457 3658 :
1007 3606 1059 3671 Oui
1073 3604 1198 3678 posuisti
1209 3602 1294 3674 signs
1305 3603 1334 3656 et
1343 3601 1478 3672 portentu
1487 3596 1518 3653 iii
1529 3594 1795 3668 terrilfigypiiuiiut

126 3667 228 3726 liecee
250 3670 358 3729 odnbo
373 3671 520 3729 civitatem
536 3672 625 3730 istem
639 3674 671 3731 ln
685 3691 775 3732 menn
797 3675 875 3750 regis
900 3678 953 3734 Dii·
1078 3678 1113 3733 ud
1129 3677 1204 3733 diem
1220 3674 1305 3740 hnnn,

197 3686 321 3813 Dionis,
336 3746 366 3800 et
378 3743 473 3817 cupiet
486 3745 574 3801 enm?
1042 3753 1072 3804 et
1087 3749 1116 3805 in
1132 3745 1232 3815 isroel,
1247 3749 1276 3800 et
1291 3744 1320 3799 iii
1336 3740 1518 3825 hominibus,
1555 3810 1560 3822 Ι

160 3811 195 3869 lli
209 3759 346 3872 ieiunius
362 3831 411 3873 rex
424 3815 502 3874 ludii
516 3834 575 3874 non
590 3817 710 3890 effugiet
720 3819 755 3876 de
766 3835 854 3877 menn
867 3820 953 3878 Clini-
1043 3826 1071 3876 et
1086 3819 1179 3877 iecisti
1195 3817 1247 3875 tibi
1263 3830 1368 3872 nomen
1385 3819 1462 3869 sicut
1476 3815 1521 3868 est
1533 3811 1596 3866 dies
1611 3808 1685 3865 hoec.
1785 3865 1790 3879 ,

195 3884 325 3943 deorum
343 3904 351 3944 :
1006 3893 1041 3948 iit
1055 3891 1182 3949 eduxisti
1198 3889 1339 3962 pupulum
1354 3891 1438 3942 tuum
1454 3881 1543 3940 isreel
1558 3883 1595 3938 de
1609 3887 1688 3937 terre
1705 3872 1797 3949 AEginl·

124 3954 180 4012 Sed
197 3959 332 4016 trudetur
345 3958 375 4014 in
391 3975 481 4016 menn
498 3959 574 4031 regis
589 3960 648 4017 Bul>
668 3959 745 4019 lunis
762 3978 769 4020 :
1077 3963 1227 4035 insignis,
1244 3965 1272 4016 et
1288 3960 1316 4015 in
1332 3956 1484 4039 portentis,
1565 4025 1571 4035 ¹

162 4030 191 4086 et
206 4028 343 4103 loquetur
357 4046 390 4086 oe
404 4032 468 4102 ejus
483 4048 550 4088 oiim
566 4049 615 4088 ore
630 3978 720 4095 iliius.
1041 4040 1070 4091 et
1085 4036 1114 4090 in
1130 4051 1220 4091 monii
1237 4032 1370 4098 robuste,
1384 4034 1412 4086 ot
1424 4046 1454 4084 in
1470 4024 1592 4082 brechio
1607 4026 1730 4089 extento,

159 4103 189 4156 et
205 4103 282 4159 oculi
299 4104 364 4173 eius
378 4103 480 4161 oculos
495 4103 576 4161 illius
590 4104 742 4162 videbunt.
1041 4107 1113 4163 etin
1130 4110 1240 4162 terrore
1254 4119 1373 4174 mngno.
1569 4168 1576 4180 ·
1668 4166 1674 4178 ‚
1757 4160 1762 4171 ,

124 4172 159 4227 tit
173 4171 203 4227 in
217 4174 394 4248 Babylonem
409 4175 496 4232 ducet
509 4177 658 4233 Sedeoiein
678 4193 684 4233 :
1005 4182 1039 4233 El
1055 4177 1163 4235 dedisti
1180 4177 1222 4233 eis
1238 4181 1344 4231 terram
1358 4172 1445 4238 hanc,
1463 4185 1550 4242 quem
1564 4170 1675 4240 Juriisti
1699 4158 1799 4238 piilriittl

147 4247 189 4325 'et
204 4243 243 4300 ibi
258 4246 323 4312 erit,
340 4246 432 4301 donec
446 4245 561 4304 visitem
579 4263 657 4314 eum,
674 4248 715 4304 nit
730 4246 881 4304 Dominus.
1076 4265 1191 4318 eornm,
1208 4252 1240 4304 ut
1252 4248 1338 4303 dures
1352 4244 1395 4300 eis

125 4311 155 4367 Si
171 4320 270 4370 eutem
284 4317 496 4375 dimicaveritis
511 4320 665 4376 adversum
681 4319 841 4389 Chuldieos,
1041 4328 1150 4377 terrem
1166 4320 1306 4375 liuentem
1322 4317 1396 4373 isote
1411 4319 1440 4371 et
1455 4311 1550 4368 melle.

160 4385 233 4466 nihil
250 4404 425 4461 prosperum
443 4390 601 4448 habebitis.
967 4424 990 4488 D
1006 4392 1042 4449 itt
1057 4392 1182 4465 ingressi
1199 4394 1280 4457 eunt,
1296 4395 1324 4445 et
1339 4388 1532 4471 possederunt
1546 4398 1611 4439 eoin
1629 4398 1639 4436 :

125 4453 160 4508 tit
175 4455 248 4512 dixit
262 4458 406 4516 Jeremins
424 4477 430 4516 :
1041 4469 1069 4519 et
1084 4481 1140 4521 non
1156 4462 1332 4519 obedierunt
1345 4475 1407 4516 voci
1424 4462 1492 4523 tune,

161 4525 281 4586 Factum
296 4535 342 4588 est
356 4531 477 4589 verbum
495 4533 611 4590 Domini
626 4537 660 4591 nd
679 4551 736 4602 me,
753 4533 878 4590 diceris:
1040 4536 1113 4592 etin
1129 4535 1257 4608 legetuu
1273 4550 1330 4589 non
1346 4528 1572 4589 ambulaverunt
1590 4541 1596 4579 :
1795 4591 1799 4604 .

124 4595 196 4654 Ecce
211 4601 352 4658 Anemeel
369 4601 447 4659 lilius
462 4602 573 4661 Selium
589 4606 727 4679 patruclis
742 4610 812 4663 tuus
827 4604 922 4661 ueniet
1005 4606 1185 4678 Omnisque
1197 4604 1344 4663 mundasti
1357 4605 1399 4660 eis
1410 4606 1444 4657 ut
1454 4599 1583 4655 licerent
1598 4609 1657 4650 non
1679 4585 1799 4648 iecerunt·

195 4669 251 4741 (it.
268 4673 360 4744 venit)
377 4675 414 4730 nd
429 4679 468 4746 te,
482 4675 583 4734 dinone
599 4695 606 4734 :
1041 4684 1070 4735 et
1084 4683 1242 4736 evenerunt
1257 4677 1299 4733 eis
1316 4675 1416 4733 omnin
1431 4670 1509 4727 mnis
1524 4668 1596 4723 iniec.
1743 4733 1749 4744 ·
1766 4726 1771 4737 ,

124 4738 195 4823 Dme
209 4741 263 4797 tihi
279 4760 382 4817 ignum
400 4762 510 4812 meum,
527 4750 576 4820 qui
591 4752 636 4805 est
650 4748 680 4804 in
696 4748 861 4817 Anothoth;
1005 4754 1077 4807 Ecce
1092 4750 1269 4807 munitiones
1282 4750 1436 4805 exstructo
1452 4746 1523 4801 sunt
1547 4739 1706 4796 adversum
1727 4734 1800 4789 ciult·

159 4810 214 4869 tibi
229 4814 308 4871 enim
324 4818 465 4900 competit
477 4835 513 4875 ex
528 4820 747 4894 propinquitate
762 4825 795 4876 ut
808 4836 890 4877 emes
1041 4828 1111 4888 tem,
1129 4828 1162 4877 nt
1176 4823 1309 4948 cogitetur
1325 4836 1331 4874 :
1355 4889 1361 4902 ι
1795 4860 1801 4914 i

198 4884 252 4958 W·
269 4887 401 4958 ⁰ffliii¹⁰i
1076 4899 1105 4952 et
1120 4894 1191 4950 urbs
1224 4895 1272 4949 ute
1286 4895 1331 4947 est
1353 4906 1384 4944 in
1410 4900 1517 4943 munire
1543 4879 1751 4941 Chuldaeurum,
1769 4881 1793 4949 tl

126 4954 161 5013 Di
174 4955 253 5014 venit
262 4957 299 5013 tid
311 4975 358 5016 ms
369 4959 508 5043 Anemcel
519 4960 598 5019 illius
609 4962 706 5036 pelini
718 4962 775 5020 mei
786 4964 950 5021 seeundum
1042 4965 1211 5040 proeliantur
1225 4964 1367 5021 sdversus
1382 4976 1447 5017 enm
1463 4975 1480 5014 n
1494 4955 1568 5013 leole
1582 4952 1719 5026 gladii,et
1732 4948 1801 5003 limiti

197 5026 318 5086 uerbum
335 5029 450 5087 Domini
464 5032 500 5088 ed
516 5035 694 5092 vestibulum
707 5036 843 5105 cerneris,
1041 5042 1069 5092 et
1083 5035 1279 5109 pestilentie:
1494 5099 1500 5113 ,

163 5101 192 5156 et
205 5099 247 5157 ait
263 5101 299 5157 nd
315 5117 362 5160 me
378 5117 385 5159 ε
1005 5111 1235 5182 usquecunque
1250 5107 1366 5164 loculus
1382 5119 1423 5170 es,
1440 5100 1626 5164 ecciderunt,

126 5170 249 5230 Posside
262 5189 366 5247 egrnm
380 5173 544 5246 meum,qui
561 5176 649 5233 estin
664 5176 813 5235 Anotholh
830 5176 860 5233 in
874 5181 952 5235 terre
1078 5185 1110 5236 ut
1125 5187 1154 5237 tii
1171 5183 1235 5253 ipse
1249 5177 1356 5236 cernis.

196 5244 350 5331 Beniamin
367 5261 374 5304 :
1005 5249 1041 5304 itt
1057 5254 1088 5307 tu
1103 5253 1178 5309 dieis
1193 5251 1277 5320 mihi,
1296 5248 1415 5306 Domine
1428 5244 1507 5301 Deus
1523 5259 1529 5297 ε

161 5317 232 5390 quis
246 5316 299 5375 tibi
315 5316 457 5392 competit
470 5315 639 5385 heredites,
1005 5321 1075 5379 Eme
1092 5341 1195 5397 ugrum
1212 5327 1342 5395 urgento,
1358 5325 1386 5377 et
1401 5316 1507 5374 adhibe
1523 5317 1615 5370 testes
1631 5329 1640 5369 :

161 5393 190 5446 et
202 5393 235 5446 tu
250 5406 282 5448 ee
297 5389 481 5464 propinquus
499 5392 532 5445 ni
547 5390 700 5461 possidens
715 5405 723 5447 ε
1040 5410 1105 5450 cuin
1122 5397 1193 5452 urbs
1208 5396 1277 5452 ilntn
1291 5393 1330 5450 sit
1343 5393 1372 5448 in
1390 5406 1496 5446 meniis
1513 5378 1746 5468 Chnidaeprumi·
1800 5449 1804 5461 Ι

127 5459 259 5520 intellexi
273 5466 372 5522 eutem
385 5462 462 5536 quod
478 5460 600 5519 verbnm
615 5461 731 5519 Domini
745 5465 822 5520 esset
836 5478 843 5520 :
1005 5463 1040 5519 ut
1050 5465 1161 5524 luctum
1172 5471 1218 5524 est
1228 5466 1350 5523 uerbum
1363 5460 1477 5520 Domini
1489 5459 1524 5517 ud
1536 5459 1706 5521 teremism,
1721 5451 1804 5507 (liciti¹

127 5663 278 5809 menon
293 5679 576 5741 Sin-Germnnsneis
600 5677 644 5737 sic
670 5678 742 5753 legit
769 5679 824 5737 hoe
851 5678 915 5737 locu
944 5695 952 5738 :
982 5679 1129 5754 Siaumum
1158 5681 1345 5758 stipulatione
1372 5685 1447 5749 rota,
1476 5680 1502 5736 el
1529 5674 1646 5748 tinente
1669 5671 1806 5748 [meu
