3870 6120
43 350 104 415 toa
579 387 583 393 ·
748 346 1053 409 succubuisset.
1698 343 1756 405 tto

43 486 200 547 contextu
215 480 357 561 epistota
371 481 593 561 Hieronymus,
623 478 729 543 statim
746 497 825 556 sese,
841 484 874 543 ot
888 483 916 551 A
931 478 1177 554 characteribus,
1194 478 1289 541 idest
1317 482 1456 556 aeratos,
1486 476 1572 558 quod
1601 474 1760 555 significat

45 598 122 645 aum
148 577 316 658 redarguit
342 578 506 642 addanae
533 577 633 641 latere
660 576 743 639 bana
778 575 877 637 adno·
931 575 1105 656 ineffabile.
1120 580 1278 640 Praeterea
1294 594 1356 639 uon
1371 575 1482 654 legunt
1506 581 1655 655 corrupte
1683 590 1756 634 cum

46 678 229 741 munnam:
258 674 325 739 Pro
351 676 553 739 seundaron
568 673 681 737 melius
705 691 764 737 vav
791 672 875 754 tegi·
931 676 1023 739 editis
1059 694 1175 741 nomen
1203 674 1280 737 illud
1298 691 1364 743 psas
1395 671 1543 749 leleaa,·
1586 672 1641 733 sed
1667 668 1758 751 Ialse,

47 775 206 839 taratsit
231 791 298 840 tao.
327 775 393 838 Hoc
423 773 678 853 igituracbetion
701 770 877 849 marginata
928 773 1022 852 juxta
1048 772 1310 837 consuetudinem
1354 771 1570 849 antiquorum,
1608 769 1674 830 aive
1700 786 1759 849 po-

46 893 103 938 suo
130 873 207 936 mco
234 872 351 937 retinet
375 871 575 935 (tolbertinus
602 870 702 935 codex
732 869 877 933 minutia·
933 871 994 932 tius
1021 870 1089 946 Iao,
1120 871 1199 944 sine,
1228 869 1422 950 aspiratione
1448 869 1481 929 in
1509 867 1625 941 medio,
1654 870 1691 931 ut
1717 864 1760 927 sit

47 973 128 1035 fimo
156 971 296 1050 1611111111
324 957 520 1042 emmelim,
562 968 715 1049 ponitque
752 968 877 1046 siguum
931 965 995 1025 'aaa
1020 971 1200 1034 urceorum
1215 969 1302 1048 apud
1319 968 1490 1033 Diodorum
1518 962 1756 1028 lib.1Bibloth.

47 1068 481 1148 commemoraretur,
511 1066 548 1129 id
575 1073 632 1142 est,
668 1064 792 1146 duabus
832 1082 877 1127 ae.
932 1061 1552 1141 111)1οτ.;ΠαρὰδὶΊουὸαἰοιςΜωσῆντὸν
1579 1063 1672 1126 αὐτοῖς
1698 1065 1758 1124 irr-

48 1166 307 1249 San·Oygirauni
321 1173 429 1229 auiam
444 1183 503 1228 ma.
520 1165 626 1228 locum
647 1165 778 1229 citatum
806 1181 878 1227 cum
933 1160 1103 1237 καλούμενον
1119 1163 1196 1240 θεὸν,
1211 1163 1433 1246 apssdJudeees
1448 1163 1556 1225 Moses
1574 1165 1688 1241 Deum,
1705 1167 1760 1248 qai

48 1267 257 1331 adnotatione
279 1263 446 1328 contundit
470 1263 531 1325 boc
555 1263 652 1326 mmo
683 1283 690 1324 ε
721 1261 880 1325 Dominus
934 1263 990 1325 Iao
1020 1264 1152 1338 dieitur,
1181 1270 1242 1326 etc.
1273 1264 1351 1327 Hinc
1379 1263 1485 1326 videas
1514 1265 1659 1329 Drusium
1688 1283 1759 1345 cap.

49 1385 168 1448 qaoque
183 1361 318 1446 spretis
346 1367 484 1462 quatuor
511 1360 693 1425 litterarum
708 1365 766 1439 est,
796 1358 882 1440 quad
936 1366 985 1435 21,
1003 1364 1041 1425 de
1056 1360 1312 1430 nominalelrooa
1341 1362 1454 1423 merito
1484 1361 1687 1427 observasse:
1718 1362 1758 1424 Ia
1880 1349 1884 1359 ’

47 1463 176 1547 proprie
203 1463 238 1523 in
268 1464 331 1523 Deo
354 1465 497 1541 panitur,
540 1476 604 1534 rou,
647 1476 703 1534 uu,
740 1474 804 1533 tou,
828 1475 880 1521 aa.
936 1461 1074 1523 editione
1114 1459 1325 1539 Frobeniana,
1353 1479 1422 1539 quas
1449 1458 1482 1519 in
1523 1480 1629 1521 eirenes
1652 1467 1763 1542 partes

50 1564 113 1626 Pro
139 1561 282 1624 secarrde
308 1577 360 1624 auu
387 1559 499 1622 melius
529 1577 589 1623 rar
614 1558 749 1638 legitur,
774 1563 809 1619 ut
836 1557 882 1619 sit
937 1558 1120 1635 meliorest,
1139 1558 1207 1639 legi
1237 1578 1299 1619 non
1320 1555 1454 1636 lalana,
1483 1558 1540 1619 sed
1564 1558 1641 1619 Iao:
1671 1580 1763 1640 quam

49 1681 119 1736 1103
136 1661 238 1723 idest
260 1657 385 1721 duabsu
399 1676 444 1736 aa,
460 1679 527 1740 quer
541 1657 705 1740 duplicata
720 1655 883 1737 ineffabile
937 1656 1098 1718 lectionem
1126 1675 1310 1737 germanam
1338 1675 1415 1734 esse,
1432 1655 1547 1733 inquit,
1563 1656 1673 1718 nullus
1701 1658 1763 1718 du·

51 1760 135 1823 illud
148 1765 182 1821 rt
195 1757 377 1840 gloriosam
391 1756 456 1818 Dei
470 1776 580 1818 nonsen
608 1755 767 1835 efficiunt.
798 1755 882 1826 Ouo·
938 1753 1013 1816 bite.
1030 1754 1180 1837 Imperita
1206 1754 1364 1817 temeritas
1379 1762 1439 1835 pro
1464 1753 1597 1834 aratiqua
1623 1756 1762 1837 reposuit

53 1878 121 1922 run
163 1858 340 1920 verborum
382 1855 490 1918 nullus
531 1861 580 1921 est
605 1871 716 1916 sensus
753 1857 922 1933 propterlt
938 1858 1098 1926 recentem,
1116 1852 1148 1914 t.
1178 1873 1204 1917 e.
1231 1862 1291 1935 pro
1319 1873 1390 1913 nera
1417 1858 1606 1933 corruptam.
1637 1856 1681 1917 Da
1709 1874 1761 1917 eo·

51 1956 296 2023 admistionem
336 1954 371 2015 in
411 1970 545 2033 corpore
587 1951 725 2032 positam
761 1947 884 2011 librarii
939 1952 1009 2015 dem
1025 1953 1153 2017 nomine
1168 1957 1429 2030 tetragrammato
1444 1950 1652 2030 otnsleheoa,
1668 1950 1760 2030 laha,

52 2057 161 2119 maio
187 2053 284 2133 cujsrs
311 2050 499 2113 temeritate.
529 2049 564 2112 ai
600 2047 652 2111 cui
681 2053 789 2110 teman
817 2045 885 2107 haec
938 2049 989 2112 rel
1016 2049 1083 2128 Iao,
1113 2050 1243 2114 consule
1269 2048 1393 2111 laudati
1417 2048 1485 2129 jem
1514 2049 1619 2111 Drusii
1647 2050 1763 2129 Dispu-

52 2150 220 2217 iacesaerit
248 2148 371 2229 opinio,
410 2163 550 2209 errorem
578 2145 707 2225 quidem
741 2141 885 2205 lectionis
939 2146 1102 2211 tationem.
1132 2148 1250 2211 Carens
1279 2153 1386 2209 autem
1410 2147 1505 2213 setim
1533 2147 1763 2226 ineptissimam

53 2248 242 2313 innomine
271 2241 555 2323 Dsimmleleva,
585 2242 651 2304 siva
678 2238 820 2319 Adonai,
844 2237 886 2301 ab
940 2245 1109 2309 lectionem
1158 2244 1299 2325 ejusdem
1351 2245 1487 2309 nominis
1532 2244 1763 2325 gloriosissimi,

55 2349 256 2427 Hieronymo
293 2360 438 2405 manaem
477 2359 486 2416 3
530 2340 769 2419 emtigetionam
810 2352 886 2398 varo
939 2361 1011 2422 ques
1051 2342 1111 2404 hoc
1155 2345 1248 2405 modo
1286 2341 1433 2405 scribitur
1475 2342 1624 2422 Procopii
1670 2341 1765 2407 caesi

56 2447 159 2508 eidam
174 2442 279 2507 errori
293 2442 335 2503 ab
364 2440 426 2503 alio
455 2439 609 2518 scriptore
637 2437 733 2500 inisse
761 2433 884 2498 adhibi·
941 2439 1181 2502 Commentariis
1207 2440 1239 2503 io
1267 2441 1365 2502 Haud.
1400 2457 1441 2514 ν),
1472 2458 1552 2502 vera.
1580 2444 1610 2517 3,
1637 2461 1645 2503 ι
1674 2441 1765 2503 Pm-

58 2551 137 2618 tam,
181 2539 364 2604 meminerit
398 2537 481 2600 idem
519 2554 635 2599 nomen
675 2554 747 2597 cum
775 2531 887 2594 titteris
941 2544 1024 2598 terea
1052 2537 1201 2610 majorem
1230 2537 1281 2599 lris
1309 2544 1419 2599 reactus
1448 2558 1480 2599 es
1508 2538 1569 2598 mei
1605 2539 1762 2618 notitiam,

58 2643 124 2705 ania
163 2639 290 2721 optime
329 2653 514 2716 expressum
556 2653 624 2696 essa
665 2631 801 2713 epistola
829 2631 887 2691 136
941 2634 1016 2695 dum
1044 2632 1104 2694 tibi
1137 2633 1349 2695 demonstravi
1378 2653 1486 2693 namen
1530 2653 1629 2695 meum
1666 2640 1764 2700 tetra-

61 2736 253 2818 Hieronymi
282 2735 326 2796 ad
357 2732 538 2798 Marcellam
569 2748 578 2793 τ
605 2731 743 2806 Nonam,
772 2728 885 2808 inquit,
940 2736 1166 2811 grammatum,
1195 2730 1329 2811 reliquis
1356 2750 1417 2791 non
1436 2729 1563 2811 effabile
1590 2732 1656 2792 nisi
1683 2730 1763 2793 solis

60 2856 169 2899 som
184 2832 253 2895 Dei
266 2837 526 2913 τηραγράμματον,
540 2827 626 2909 qued
636 2833 837 2911 ἀναφώνητον,
853 2823 888 2884 id
941 2827 1169 2907 sacerdotibus,
1224 2828 1308 2908 quod
1368 2826 1598 2891 inscribebatur
1661 2847 1763 2891 aureae

58 2943 105 2997 est
132 2928 315 3014 ineffabile,
338 2933 543 3011 pauonum,
570 2926 655 3008 quod
690 2923 743 2986 laia
769 2922 888 2984 litteris
942 2926 1043 2988 mitre
1072 2924 1188 3005 (Exod.
1231 2942 1339 2997 xxxta,
1380 2925 1447 3004 19.)
1483 2923 1545 2987 Her
1585 2932 1698 3003 autem,
1727 2946 1764 2987 err

58 3032 228 3102 scribitur,
257 3044 324 3101 roc,
354 3043 405 3099 na,
435 3042 509 3098 rar,
551 3041 605 3102 aa,
646 3021 887 3104 quodquidam
941 3021 1055 3104 quibus
1069 3022 1155 3084 illud
1165 3042 1274 3084 nomen
1297 3023 1468 3102 conflatur,
1497 3028 1572 3084 ssent
1599 3023 1665 3090 itta
1690 3044 1766 3105 qua·

61 3153 120 3194 sors
147 3126 371 3209 intelligentes
386 3129 519 3207 propter
547 3123 766 3184 elementorum
793 3119 887 3181 simi·
943 3120 1138 3183 tuorlittere
1154 3137 1162 3183 τ
1178 3120 1244 3200 iod,
1274 3119 1375 3202 aleph,
1395 3122 1472 3200 sau,
1503 3120 1578 3182 tlset.
1608 3121 1681 3184 Hoc
1708 3143 1766 3185 no·

61 3229 244 3304 titudinem,
274 3243 344 3287 cram
370 3223 405 3283 iss
436 3220 561 3283 Grecis
580 3220 676 3282 libris
704 3219 886 3302 repererint,
903 3227 927 3295 (¹,
944 3241 1013 3283 men
1040 3221 1211 3302 significat
1237 3219 1301 3283 Dei
1316 3221 1410 3282 vitam
1428 3229 1593 3302 perstarem
1619 3228 1650 3283 et
1676 3229 1764 3287 ester·

61 3330 126 3410 pipi
154 3326 266 3407 legere
291 3325 527 3385 mercaverunt.
571 3318 666 3382 Vides
704 3336 767 3380 non
795 3317 887 3395 igno·
943 3317 1083 3379 nitatem.
1123 3318 1252 3397 linguae
1302 3317 1465 3380 Hebraicis
1515 3319 1768 3400 imperitissimus

64 3425 392 3502 msaeHieronymum
416 3436 532 3482 nomen
562 3419 618 3479 Dei
646 3423 888 3495 tetragramma·
943 3416 1003 3478 iuit
1018 3414 1159 3495 quisquis
1174 3414 1257 3477 hanc
1272 3414 1440 3478 tectionem
1464 3416 1602 3479 nominis
1630 3424 1768 3499 quatuor

64 3533 118 3589 ton
145 3520 363 3602 eompesitam
401 3535 470 3582 esre
496 3535 535 3579 es
563 3515 619 3577 iod
656 3520 691 3577 et
716 3534 775 3574 ease
816 3531 889 3575 enm
943 3514 1131 3588 litterarum,
1161 3531 1240 3586 asos,
1272 3513 1356 3591 qnod
1424 3513 1540 3576 dieitur
1592 3515 1767 3592 ineffabile,

66 3623 185 3706 duplici
201 3619 335 3695 lse3non
350 3632 389 3679 es
404 3615 528 3679 desim
543 3613 586 3693 is,
612 3618 649 3679 at
675 3630 790 3694 surpra
804 3612 889 3677 dica·
943 3613 990 3674 ita
1016 3611 1223 3692 depravatum
1251 3610 1408 3691 exhibuit,
1446 3617 1482 3672 ut
1508 3611 1628 3675 diceret
1654 3633 1767 3677 secun·

68 3725 129 3797 bat,
145 3720 182 3783 id
195 3723 246 3780 est
258 3714 379 3796 duplici
406 3712 472 3792 iod,
500 3716 535 3774 et
560 3729 601 3773 ex
626 3710 746 3791 duplici
773 3707 822 3770 te.
847 3711 892 3769 He
945 3711 1020 3772 dam
1035 3710 1173 3772 litteram
1188 3728 1255 3771 essa
1271 3708 1373 3790 aleph,
1390 3715 1421 3771 et
1435 3716 1583 3789 quartem
1599 3730 1666 3774 esse
1681 3712 1766 3773 tlset:

69 3820 204 3885 11111οω
253 3811 410 3885 similiter,
460 3808 529 3885 Iao,
579 3808 659 3871 nibil
700 3805 894 3869 dubitaveris
947 3826 1020 3868 cum
1059 3814 1192 3888 utreque
1230 3807 1305 3877 aiter
1335 3806 1383 3881 lae,
1423 3808 1471 3868 rel
1507 3809 1592 3890 apud
1630 3827 1684 3871 eos
1712 3808 1769 3889 qui

69 3922 167 4001 ipsam
182 3931 257 3977 esse
271 3909 572 3991 Hieronymianam;
602 3925 676 3969 nem
705 3906 738 3968 in
756 3905 894 3987 prophe·
950 3906 1113 3966 minimam
1129 3906 1355 3967 Hebraicornm
1381 3905 1610 3970 elementorum
1625 3907 1769 3969 notitiam

72 4025 171 4079 mrum
195 4007 440 4074 Conmentariis
468 4023 585 4069 nomen
613 4008 896 4084 tetragrammaton
950 4005 1111 4068 consecuti
1137 4010 1223 4065 aunt.
1252 4005 1313 4065 Sed
1338 4004 1406 4083 jam
1422 4006 1588 4069 redeamus
1615 4010 1700 4071 unde
1723 4008 1772 4069 di-

73 4106 341 4190 mmattqaando·
355 4103 481 4184 legebat
507 4102 564 4163 loo
589 4101 632 4182 (si
670 4101 751 4163 mne
789 4107 896 4161 tamea
951 4103 1114 4165 vertimus.
1132 4106 1300 4164 Auctorem
1330 4102 1522 4165 scholiorum
1552 4107 1691 4168 Carrenis
1716 4125 1775 4188 pro

74 4208 204 4273 memini
228 4206 302 4286 ejas
335 4201 421 4284 quod
448 4207 592 4282 tempore
615 4197 812 4278 auomfflexi
839 4196 898 4259 ad·
951 4203 1020 4281 ipso
1049 4202 1242 4280 Hieronymo
1271 4199 1427 4261 habebam
1463 4202 1495 4262 in
1518 4205 1777 4266 adnotationibus

76 4299 409 4370 notmiascltedulia
423 4299 526 4379 meis).
556 4296 790 4361 Commentario
817 4312 898 4373 quo·
953 4298 1216 4378 Prodromi,pag.
1244 4301 1295 4371 83,
1326 4305 1359 4360 et
1385 4298 1418 4359 in
1449 4301 1530 4361 notis
1557 4303 1654 4365 etiam
1683 4303 1777 4384 hujus

78 4406 182 4484 quein
198 4396 594 4479 Peducaeum-eidem
623 4395 814 4473 Hieronymo
842 4390 900 4454 riri
954 4397 1068 4459 divinae
1099 4395 1314 4474 Bibliothecae,
1343 4394 1405 4458 col.
1441 4399 1499 4457 160
1527 4405 1559 4460 et
1587 4401 1658 4474 164,
1687 4400 1778 4481 cujus

80 4501 157 4565 desti
172 4504 345 4579 aeeaptam
368 4494 521 4567 referunt,
548 4491 594 4554 rte
621 4491 661 4554 de
688 4489 816 4553 nomine
845 4487 902 4550 Hei
955 4495 1070 4557 erroris
1097 4511 1194 4556 eausa
1221 4511 1305 4555 nunc
1328 4493 1406 4555 mihi
1430 4500 1478 4557 est
1504 4498 1664 4561 temeritas
1691 4505 1778 4562 vete·

80 4601 232 4681 scripta·
245 4593 384 4674 legimus
397 4590 511 4671 psalm.
526 4605 595 4664 arn,
608 4606 690 4651 vers.
707 4591 740 4668 2,
754 4586 902 4664 Demirse
917 4596 941 4667 υ
957 4609 1027 4655 rum
1043 4592 1256 4669 librariorum,
1286 4591 1340 4670 qui
1370 4590 1478 4671 plures
1505 4594 1532 4675 ej
1539 4597 1649 4659 uadem
1679 4597 1780 4661 saneti

84 4695 239 4759 Desrim
251 4695 371 4753 mater.
392 4687 494 4751 Prius
521 4706 631 4749 neman
658 4684 793 4749 Doesim
820 4680 905 4765 apsel
955 4689 1095 4752 doctoris
1123 4687 1369 4761 notatiuncuias,
1414 4709 1430 4750 a
1459 4691 1558 4756 latere
1600 4695 1640 4756 eb
1667 4696 1780 4758 eodem

84 4792 231 4855 Hebraeos
241 4791 382 4872 qssatsror
394 4782 575 4844 litterarum
603 4787 660 4864 est,
677 4799 739 4860 too,
754 4798 810 4855 us,
833 4794 902 4854 aar,
957 4787 1093 4860 additas,
1110 4786 1142 4847 in
1171 4804 1307 4866 corpore
1335 4793 1503 4852 contextus
1531 4809 1692 4871 apponere
1718 4812 1783 4857 uon

83 4909 127 4964 ιι,
142 4888 234 4974 qaod
241 4882 375 4970 proprie
387 4880 454 4943 Dei
466 4880 649 4943 voeobulam
664 4885 755 4942 sonat
780 4884 811 4941 et
839 4875 907 4958 legi
959 4886 1156 4948 dubitarunt.
1184 4884 1275 4953 Quod
1303 4903 1372 4949 cum
1389 4885 1422 4945 in
1444 4886 1573 4950 seboliis
1597 4889 1664 4969 jam
1692 4891 1785 4953 dictis

78 4996 178 5072 petest
191 5002 290 5053 usuc:
306 4980 489 5058 etHebrsri,
513 4987 653 5063 emeres,
683 4980 718 5042 id
745 4984 803 5060 est,
828 4978 908 5057 ines·
959 4982 1140 5045 factitatum
1167 5000 1294 5061 quoque
1332 4982 1490 5060 vidissem,
1535 4987 1626 5050 incile
1655 4995 1723 5051 erat
1751 4992 1787 5049 ut

76 5087 177 5165 sedile
206 5082 391 5167 opinmtsr.
420 5078 598 5142 Secundam
627 5099 697 5143 aero
715 5096 828 5141 anessa
841 5096 907 5139 om·
960 5082 1121 5145 eraderem
1136 5079 1247 5142 aedem
1262 5077 1385 5142 scholia
1398 5080 1439 5143 ab
1470 5084 1663 5169 Hieronymo
1691 5087 1785 5146 inisse

83 5189 166 5249 siam
179 5184 431 5247 commeate
460 5179 679 5263 qmdstpeet
707 5178 742 5239 irs
771 5175 909 5239 leomini-
962 5179 1116 5261 proiecta,
1157 5177 1253 5257 idque
1296 5177 1432 5239 maxime
1467 5185 1553 5261 quod
1590 5184 1630 5246 ab
1659 5183 1785 5245 homine

83 5282 297 5368 trapestilam.
327 5280 419 5340 Hanc
445 5277 551 5340 locum
581 5277 689 5341 astutis
715 5294 754 5339 ex
772 5280 910 5356 quatuor
963 5279 1081 5357 linguae
1110 5275 1272 5337 Hebraicae
1301 5275 1492 5356 peritissimo
1529 5281 1646 5343 tuerint
1678 5279 1787 5341 addita

83 5377 315 5464 adquisieris
328 5392 403 5438 mas.
417 5373 582 5438 codicibus
603 5373 788 5437 monasterii
813 5369 911 5434 nostri
964 5394 984 5437 e
1025 5374 1124 5439 latere
1166 5373 1412 5439 translationum
1451 5379 1551 5440 sancti
1592 5376 1785 5456 Hieronymi.

82 5476 287 5544 Cerbeisnsia
312 5472 440 5539 dream
466 5490 556 5534 num.
587 5475 645 5535 aas
674 5479 706 5534 et
749 5472 818 5542 136,
848 5485 911 5531 nno
966 5473 1085 5536 Deinde
1099 5491 1159 5554 par
1172 5472 1295 5550 aliquot
1307 5472 1340 5533 in
1369 5473 1445 5536 locis
1473 5475 1619 5548 eruditio,
1640 5495 1678 5538 ac
1705 5474 1790 5537 idem

85 5573 288 5641 nummosi
312 5576 347 5635 et
372 5570 475 5635 staro
501 5571 686 5635 sorbonico.
716 5571 834 5632 Omnes
860 5564 913 5629 usi
966 5570 1097 5634 omnino
1139 5569 1241 5650 stylus
1277 5589 1373 5633 unum
1404 5578 1564 5637 auctorem
1593 5577 1790 5640 suadebant:

86 5677 234 5741 artant
247 5670 379 5736 mmm
391 5674 538 5734 drasam
561 5673 680 5754 ἄῤῥηκω
698 5686 774 5732 eam
797 5662 914 5731 lafia‘u
965 5690 1006 5734 ax
1032 5688 1097 5735 uno
1124 5685 1264 5747 mmque
1291 5673 1322 5732 et
1349 5668 1460 5733 eodem
1502 5671 1625 5739 calamo
1664 5675 1796 5745 exarata
