<?xml version="1.0" encoding="UTF-8"?>
<!DOCTYPE html PUBLIC "-//W3C//DTD XHTML 1.0 Transitional//EN"
    "http://www.w3.org/TR/xhtml1/DTD/xhtml1-transitional.dtd">
<html xmlns="http://www.w3.org/1999/xhtml" xml:lang="en" lang="en">
 <head>
  <title>
</title>
<meta http-equiv="Content-Type" content="text/html;charset=utf-8" />
  <meta name='ocr-system' content='tesseract 3.04.00' />
  <meta name='ocr-capabilities' content='ocr_page ocr_carea ocr_par ocr_line ocrx_word'/>
</head>
<body>
  <div class='ocr_page' id='page_1' title='image "./patrologiaecurs13goog_0489.png"; bbox 0 0 3870 6120; ppageno 0'>
   <div class='ocr_carea' id='block_1_1' title="bbox 105 175 1814 255">
    <p class='ocr_par' dir='ltr' id='par_1_1' title="bbox 105 175 1814 255">
     <span class='ocr_line' id='line_1_1' title="bbox 105 175 1814 255; baseline -0.002 -18"><span class='ocrx_word' id='word_1_1' title='bbox 105 179 159 237; x_wconf 79' lang='lat' dir='ltr'><strong>arv</strong></span> <span class='ocrx_word' id='word_1_2' title='bbox 632 176 1296 255; x_wconf 80' lang='lat' dir='ltr'><strong>amasomurnrvman1numsnca.</strong></span> <span class='ocrx_word' id='word_1_3' title='bbox 1447 210 1454 217; x_wconf 87' lang='lat'><em>-</em></span> <span class='ocrx_word' id='word_1_4' title='bbox 1759 175 1814 235; x_wconf 79' lang='lat' dir='ltr'><strong>era</strong></span> 
     </span>
    </p>
   </div>
   <div class='ocr_carea' id='block_1_2' title="bbox 111 297 1823 4810">
    <p class='ocr_par' dir='ltr' id='par_1_2' title="bbox 111 297 1823 3595">
     <span class='ocr_line' id='line_1_2' title="bbox 111 297 1773 389; baseline -0.005 -23"><span class='ocrx_word' id='word_1_5' title='bbox 111 305 252 367; x_wconf 88' lang='lat' dir='ltr'><strong>Laboravi</strong></span> <span class='ocrx_word' id='word_1_6' title='bbox 268 304 298 361; x_wconf 92' lang='lat' dir='ltr'><strong>in</strong></span> <span class='ocrx_word' id='word_1_7' title='bbox 313 304 423 377; x_wconf 89' lang='lat' dir='ltr'><strong>gemitu</strong></span> <span class='ocrx_word' id='word_1_8' title='bbox 440 320 517 373; x_wconf 90' lang='lat' dir='ltr'><strong>men,</strong></span> <span class='ocrx_word' id='word_1_9' title='bbox 949 307 977 389; x_wconf 59' lang='lat' dir='ltr'><strong>g</strong></span> <span class='ocrx_word' id='word_1_10' title='bbox 1027 316 1084 357; x_wconf 92' lang='lat' dir='ltr'><strong>non</strong></span> <span class='ocrx_word' id='word_1_11' title='bbox 1098 300 1180 356; x_wconf 86' lang='lat' dir='ltr'><strong>stetit</strong></span> <span class='ocrx_word' id='word_1_12' title='bbox 1196 317 1203 356; x_wconf 94' lang='lat'><strong>:</strong></span> <span class='ocrx_word' id='word_1_13' title='bbox 1219 299 1360 372; x_wconf 87' lang='lat' dir='ltr'><strong>quoniam</strong></span> <span class='ocrx_word' id='word_1_14' title='bbox 1374 298 1517 358; x_wconf 89' lang='lat' dir='ltr'><strong>Dominus</strong></span> <span class='ocrx_word' id='word_1_15' title='bbox 1531 297 1681 359; x_wconf 86' lang='lat' dir='ltr'><strong>subvertit</strong></span> <span class='ocrx_word' id='word_1_16' title='bbox 1692 315 1773 359; x_wconf 86' lang='lat' dir='ltr'><strong>eum.</strong></span> 
     </span>
     <span class='ocr_line' id='line_1_3' title="bbox 147 372 1341 455; baseline -0.004 -20"><span class='ocrx_word' id='word_1_17' title='bbox 147 385 175 435; x_wconf 86' lang='lat' dir='ltr'><strong>st</strong></span> <span class='ocrx_word' id='word_1_18' title='bbox 190 376 320 449; x_wconf 78' lang='lat' dir='ltr'><strong>requiem</strong></span> <span class='ocrx_word' id='word_1_19' title='bbox 336 392 393 431; x_wconf 88' lang='lat' dir='ltr'><strong>non</strong></span> <span class='ocrx_word' id='word_1_20' title='bbox 410 377 519 446; x_wconf 84' lang='lat' dir='ltr'><strong>inveni,</strong></span> <span class='ocrx_word' id='word_1_21' title='bbox 991 372 1197 455; x_wconf 84' lang='lat' dir='ltr'><strong>Multiplicsvit</strong></span> <span class='ocrx_word' id='word_1_22' title='bbox 1211 378 1341 441; x_wconf 88' lang='lat' dir='ltr'><strong>ruentes,</strong></span> 
     </span>
     <span class='ocr_line' id='line_1_4' title="bbox 148 442 1616 516; baseline 0.001 -12"><span class='ocrx_word' id='word_1_23' title='bbox 148 452 213 506; x_wconf 84' lang='lat' dir='ltr'><strong>llaee</strong></span> <span class='ocrx_word' id='word_1_24' title='bbox 229 449 309 503; x_wconf 87' lang='lat' dir='ltr'><strong>dices</strong></span> <span class='ocrx_word' id='word_1_25' title='bbox 324 446 360 502; x_wconf 91' lang='lat' dir='ltr'><strong>ad</strong></span> <span class='ocrx_word' id='word_1_26' title='bbox 376 464 444 503; x_wconf 87' lang='lat' dir='ltr'><strong>eum</strong></span> <span class='ocrx_word' id='word_1_27' title='bbox 458 450 465 485; x_wconf 83' lang='lat'>¹</span> <span class='ocrx_word' id='word_1_28' title='bbox 482 464 489 503; x_wconf 92' lang='lat'>:</span> <span class='ocrx_word' id='word_1_29' title='bbox 1026 442 1191 516; x_wconf 80' lang='lat' dir='ltr'><strong>ceciditque</strong></span> <span class='ocrx_word' id='word_1_30' title='bbox 1206 444 1251 500; x_wconf 91' lang='lat' dir='ltr'><strong>vir</strong></span> <span class='ocrx_word' id='word_1_31' title='bbox 1264 444 1301 500; x_wconf 88' lang='lat' dir='ltr'><strong>ad</strong></span> <span class='ocrx_word' id='word_1_32' title='bbox 1318 442 1483 516; x_wconf 87' lang='lat' dir='ltr'><strong>proximum</strong></span> <span class='ocrx_word' id='word_1_33' title='bbox 1500 461 1590 511; x_wconf 82' lang='lat' dir='ltr'><strong>suum</strong></span> <span class='ocrx_word' id='word_1_34' title='bbox 1606 459 1616 505; x_wconf 81' lang='lat' dir='ltr'><strong>t</strong></span> 
     </span>
     <span class='ocr_line' id='line_1_5' title="bbox 147 516 1187 579; baseline -0.007 -1"><span class='ocrx_word' id='word_1_35' title='bbox 147 523 194 578; x_wconf 83' lang='lat' dir='ltr'><strong>Sic</strong></span> <span class='ocrx_word' id='word_1_36' title='bbox 208 521 278 576; x_wconf 89' lang='lat' dir='ltr'><strong>dicit</strong></span> <span class='ocrx_word' id='word_1_37' title='bbox 293 518 436 574; x_wconf 78' lang='lat' dir='ltr'>Dominus</span> <span class='ocrx_word' id='word_1_38' title='bbox 455 536 464 579; x_wconf 71' lang='grc' dir='ltr'>ς</span> <span class='ocrx_word' id='word_1_39' title='bbox 1026 521 1056 574; x_wconf 88' lang='lat' dir='ltr'><strong>et</strong></span> <span class='ocrx_word' id='word_1_40' title='bbox 1068 516 1187 572; x_wconf 88' lang='lat' dir='ltr'><strong>dicent:</strong></span> 
     </span>
     <span class='ocr_line' id='line_1_6' title="bbox 113 587 1715 664; baseline -0.004 -13"><span class='ocrx_word' id='word_1_41' title='bbox 113 601 184 653; x_wconf 76' lang='lat' dir='ltr'><strong>Dece</strong></span> <span class='ocrx_word' id='word_1_42' title='bbox 198 607 272 664; x_wconf 90' lang='lat' dir='ltr'><strong>quos</strong></span> <span class='ocrx_word' id='word_1_43' title='bbox 287 590 439 659; x_wconf 78' lang='lat' dir='ltr'><strong>edificavi,</strong></span> <span class='ocrx_word' id='word_1_44' title='bbox 454 606 508 663; x_wconf 89' lang='lat' dir='ltr'><strong>ego</strong></span> <span class='ocrx_word' id='word_1_45' title='bbox 525 591 645 646; x_wconf 91' lang='lat' dir='ltr'><strong>destruo</strong></span> <span class='ocrx_word' id='word_1_46' title='bbox 661 607 669 647; x_wconf 77' lang='grc' dir='ltr'><strong>ι</strong></span> <span class='ocrx_word' id='word_1_47' title='bbox 992 588 1096 659; x_wconf 85' lang='lat' dir='ltr'><strong>Surge,</strong></span> <span class='ocrx_word' id='word_1_48' title='bbox 1112 590 1141 642; x_wconf 89' lang='lat' dir='ltr'><strong>et</strong></span> <span class='ocrx_word' id='word_1_49' title='bbox 1155 590 1337 643; x_wconf 87' lang='lat' dir='ltr'><strong>revertamur</strong></span> <span class='ocrx_word' id='word_1_50' title='bbox 1353 587 1388 645; x_wconf 89' lang='lat' dir='ltr'><strong>ad</strong></span> <span class='ocrx_word' id='word_1_51' title='bbox 1404 588 1546 661; x_wconf 89' lang='lat' dir='ltr'><strong>populum</strong></span> <span class='ocrx_word' id='word_1_52' title='bbox 1562 590 1715 657; x_wconf 90' lang='lat' dir='ltr'><strong>nostrum,</strong></span> 
     </span>
     <span class='ocr_line' id='line_1_7' title="bbox 149 654 1539 736; baseline -0.004 -14"><span class='ocrx_word' id='word_1_53' title='bbox 149 669 177 722; x_wconf 91' lang='lat' dir='ltr'><strong>et</strong></span> <span class='ocrx_word' id='word_1_54' title='bbox 192 678 266 736; x_wconf 89' lang='lat' dir='ltr'><strong>quos</strong></span> <span class='ocrx_word' id='word_1_55' title='bbox 281 661 423 733; x_wconf 84' lang='lat' dir='ltr'><strong>plantavi,</strong></span> <span class='ocrx_word' id='word_1_56' title='bbox 440 678 493 733; x_wconf 85' lang='lat' dir='ltr'><strong>ego</strong></span> <span class='ocrx_word' id='word_1_57' title='bbox 509 661 611 733; x_wconf 88' lang='lat' dir='ltr'><strong>evello,</strong></span> <span class='ocrx_word' id='word_1_58' title='bbox 1028 664 1056 715; x_wconf 91' lang='lat' dir='ltr'><strong>et</strong></span> <span class='ocrx_word' id='word_1_59' title='bbox 1070 660 1106 713; x_wconf 96' lang='lat' dir='ltr'><strong>ad</strong></span> <span class='ocrx_word' id='word_1_60' title='bbox 1121 662 1228 715; x_wconf 88' lang='lat' dir='ltr'><strong>terram</strong></span> <span class='ocrx_word' id='word_1_61' title='bbox 1246 654 1407 717; x_wconf 85' lang='lat' dir='ltr'><strong>nativitatis</strong></span> <span class='ocrx_word' id='word_1_62' title='bbox 1422 665 1539 730; x_wconf 81' lang='lat' dir='ltr'><strong>nostra,</strong></span> 
     </span>
     <span class='ocr_line' id='line_1_8' title="bbox 148 729 1408 811; baseline -0.006 -18"><span class='ocrx_word' id='word_1_63' title='bbox 148 742 177 793; x_wconf 91' lang='lat' dir='ltr'><strong>et</strong></span> <span class='ocrx_word' id='word_1_64' title='bbox 193 734 358 790; x_wconf 87' lang='lat' dir='ltr'><strong>universam</strong></span> <span class='ocrx_word' id='word_1_65' title='bbox 373 738 482 790; x_wconf 89' lang='lat' dir='ltr'><strong>terram</strong></span> <span class='ocrx_word' id='word_1_66' title='bbox 497 731 585 792; x_wconf 86' lang='lat' dir='ltr'><strong>hanc.</strong></span> <span class='ocrx_word' id='word_1_67' title='bbox 604 738 607 743; x_wconf 82' lang='lat'>&#39;</span> <span class='ocrx_word' id='word_1_68' title='bbox 1028 729 1133 786; x_wconf 86' lang='lat' dir='ltr'><strong>alacie</strong></span> <span class='ocrx_word' id='word_1_69' title='bbox 1148 729 1240 811; x_wconf 81' lang='lat' dir='ltr'><strong>gladii</strong></span> <span class='ocrx_word' id='word_1_70' title='bbox 1254 730 1408 791; x_wconf 84' lang='lat' dir='ltr'><strong>columba.</strong></span> 
     </span>
     <span class='ocr_line' id='line_1_9' title="bbox 114 800 1565 878; baseline -0.005 -13"><span class='ocrx_word' id='word_1_71' title='bbox 114 811 149 865; x_wconf 80' lang='lat' dir='ltr'><strong>lit</strong></span> <span class='ocrx_word' id='word_1_72' title='bbox 164 815 195 862; x_wconf 89' lang='lat' dir='ltr'><strong>tu</strong></span> <span class='ocrx_word' id='word_1_73' title='bbox 211 806 320 878; x_wconf 79' lang='lat' dir='ltr'><strong>quaeis</strong></span> <span class='ocrx_word' id='word_1_74' title='bbox 333 806 388 860; x_wconf 90' lang='lat' dir='ltr'><strong>tibi</strong></span> <span class='ocrx_word' id='word_1_75' title='bbox 403 804 552 878; x_wconf 76' lang='lat' dir='ltr'><strong>grandia?</strong></span> <span class='ocrx_word' id='word_1_76' title='bbox 991 800 1099 859; x_wconf 91' lang='lat' dir='ltr'><strong>Vocate</strong></span> <span class='ocrx_word' id='word_1_77' title='bbox 1115 816 1222 859; x_wconf 90' lang='lat' dir='ltr'><strong>nomen</strong></span> <span class='ocrx_word' id='word_1_78' title='bbox 1238 801 1349 859; x_wconf 87' lang='lat' dir='ltr'><strong>Pharao</strong></span> <span class='ocrx_word' id='word_1_79' title='bbox 1364 802 1424 875; x_wconf 85' lang='lat' dir='ltr'><strong>regi</strong></span> <span class='ocrx_word' id='word_1_80' title='bbox 1437 802 1565 877; x_wconf 75' lang='lat' dir='ltr'><strong>AEgvpti,</strong></span> 
     </span>
     <span class='ocr_line' id='line_1_10' title="bbox 151 870 1481 948; baseline -0.005 -13"><span class='ocrx_word' id='word_1_81' title='bbox 151 877 211 935; x_wconf 89' lang='lat' dir='ltr'><strong>noli</strong></span> <span class='ocrx_word' id='word_1_82' title='bbox 226 893 354 948; x_wconf 87' lang='lat' dir='ltr'><strong>quarere</strong></span> <span class='ocrx_word' id='word_1_83' title='bbox 370 892 378 932; x_wconf 73' lang='grc' dir='ltr'><strong>ε</strong></span> <span class='ocrx_word' id='word_1_84' title='bbox 1027 870 1201 929; x_wconf 86' lang='lat' dir='ltr'><strong>Tumultum</strong></span> <span class='ocrx_word' id='word_1_85' title='bbox 1217 873 1340 930; x_wconf 87' lang='lat' dir='ltr'><strong>adduxit</strong></span> <span class='ocrx_word' id='word_1_86' title='bbox 1353 878 1481 947; x_wconf 86' lang='lat' dir='ltr'><strong>tempus.</strong></span> 
     </span>
     <span class='ocr_line' id='line_1_11' title="bbox 114 944 1329 1032; baseline -0.007 -23"><span class='ocrx_word' id='word_1_87' title='bbox 114 952 188 1015; x_wconf 86' lang='lat' dir='ltr'><strong>Dola</strong></span> <span class='ocrx_word' id='word_1_88' title='bbox 202 964 268 1005; x_wconf 90' lang='lat' dir='ltr'><strong>ecce</strong></span> <span class='ocrx_word' id='word_1_89' title='bbox 283 963 335 1032; x_wconf 87' lang='lat' dir='ltr'><strong>ego</strong></span> <span class='ocrx_word' id='word_1_90' title='bbox 350 948 496 1004; x_wconf 79' lang='lat' dir='ltr'><strong>adducam</strong></span> <span class='ocrx_word' id='word_1_91' title='bbox 512 945 624 1004; x_wconf 86' lang='lat' dir='ltr'><strong>malum</strong></span> <span class='ocrx_word' id='word_1_92' title='bbox 639 961 728 1019; x_wconf 89' lang='lat' dir='ltr'><strong>super</strong></span> <span class='ocrx_word' id='word_1_93' title='bbox 741 961 859 1003; x_wconf 91' lang='lat' dir='ltr'><strong>omnem</strong></span> <span class='ocrx_word' id='word_1_94' title='bbox 875 962 939 1003; x_wconf 90' lang='lat' dir='ltr'><strong>osr-</strong></span> <span class='ocrx_word' id='word_1_95' title='bbox 992 945 1065 1001; x_wconf 83' lang='lat' dir='ltr'><strong>Vivo</strong></span> <span class='ocrx_word' id='word_1_96' title='bbox 1078 959 1144 1028; x_wconf 83' lang='lat' dir='ltr'><strong>ego,</strong></span> <span class='ocrx_word' id='word_1_97' title='bbox 1159 944 1255 1017; x_wconf 85' lang='lat' dir='ltr'><strong>inquit</strong></span> <span class='ocrx_word' id='word_1_98' title='bbox 1270 962 1329 1015; x_wconf 86' lang='lat' dir='ltr'><strong>rex,</strong></span> 
     </span>
     <span class='ocr_line' id='line_1_12' title="bbox 186 1016 1593 1145; baseline -0.001 -69"><span class='ocrx_word' id='word_1_99' title='bbox 186 1036 265 1087; x_wconf 89' lang='lat' dir='ltr'><strong>nem,</strong></span> <span class='ocrx_word' id='word_1_100' title='bbox 282 1025 324 1076; x_wconf 85' lang='lat' dir='ltr'><strong>art</strong></span> <span class='ocrx_word' id='word_1_101' title='bbox 337 1019 482 1076; x_wconf 83' lang='lat' dir='ltr'>Dominus</span> <span class='ocrx_word' id='word_1_102' title='bbox 498 1033 505 1073; x_wconf 76' lang='grc' dir='ltr'><strong>ε</strong></span> <span class='ocrx_word' id='word_1_103' title='bbox 1029 1016 1171 1072; x_wconf 78' lang='lat' dir='ltr'><strong>Dominus</strong></span> <span class='ocrx_word' id='word_1_104' title='bbox 1186 1016 1366 1074; x_wconf 77' lang='lat' dir='ltr'><strong>exercituum</strong></span> <span class='ocrx_word' id='word_1_105' title='bbox 1381 1033 1488 1075; x_wconf 92' lang='lat' dir='ltr'><strong>nomen</strong></span> <span class='ocrx_word' id='word_1_106' title='bbox 1503 1017 1569 1145; x_wconf 49' lang='lat' dir='ltr'><strong>agua</strong></span> <span class='ocrx_word' id='word_1_107' title='bbox 1585 1033 1593 1074; x_wconf 75' lang='grc' dir='ltr'><strong>ε</strong></span> 
     </span>
     <span class='ocr_line' id='line_1_13' title="bbox 152 1086 1573 1161; baseline 0 -17"><span class='ocrx_word' id='word_1_108' title='bbox 152 1095 181 1145; x_wconf 92' lang='lat' dir='ltr'><strong>et</strong></span> <span class='ocrx_word' id='word_1_109' title='bbox 196 1093 272 1147; x_wconf 92' lang='lat' dir='ltr'><strong>dabo</strong></span> <span class='ocrx_word' id='word_1_110' title='bbox 289 1091 341 1147; x_wconf 87' lang='lat' dir='ltr'><strong>tibi</strong></span> <span class='ocrx_word' id='word_1_111' title='bbox 359 1091 486 1146; x_wconf 90' lang='lat' dir='ltr'><strong>animam</strong></span> <span class='ocrx_word' id='word_1_112' title='bbox 504 1094 584 1145; x_wconf 89' lang='lat' dir='ltr'><strong>tuam</strong></span> <span class='ocrx_word' id='word_1_113' title='bbox 601 1087 784 1161; x_wconf 89' lang='lat' dir='ltr'><strong>insolutam,</strong></span> <span class='ocrx_word' id='word_1_114' title='bbox 993 1088 1137 1153; x_wconf 82' lang='lat' dir='ltr'><strong>Quoniam</strong></span> <span class='ocrx_word' id='word_1_115' title='bbox 1152 1086 1229 1143; x_wconf 91' lang='lat' dir='ltr'><strong>sicut</strong></span> <span class='ocrx_word' id='word_1_116' title='bbox 1244 1088 1362 1145; x_wconf 81' lang='lat' dir='ltr'><strong>Thabor</strong></span> <span class='ocrx_word' id='word_1_117' title='bbox 1376 1091 1406 1145; x_wconf 95' lang='lat' dir='ltr'><strong>in</strong></span> <span class='ocrx_word' id='word_1_118' title='bbox 1422 1088 1514 1146; x_wconf 90' lang='lat' dir='ltr'><strong>monti</strong></span> <span class='ocrx_word' id='word_1_119' title='bbox 1538 1105 1573 1145; x_wconf 92' lang='lat' dir='ltr'><strong>us</strong></span> 
     </span>
     <span class='ocr_line' id='line_1_14' title="bbox 152 1157 1608 1234; baseline -0.001 -17"><span class='ocrx_word' id='word_1_120' title='bbox 152 1163 182 1218; x_wconf 91' lang='lat' dir='ltr'><strong>in</strong></span> <span class='ocrx_word' id='word_1_121' title='bbox 198 1163 337 1220; x_wconf 91' lang='lat' dir='ltr'><strong>omnibus</strong></span> <span class='ocrx_word' id='word_1_122' title='bbox 352 1162 435 1229; x_wconf 91' lang='lat' dir='ltr'><strong>locis,</strong></span> <span class='ocrx_word' id='word_1_123' title='bbox 451 1162 487 1219; x_wconf 88' lang='lat' dir='ltr'><strong>ad</strong></span> <span class='ocrx_word' id='word_1_124' title='bbox 503 1177 685 1234; x_wconf 78' lang='lat' dir='ltr'><strong>quacunque</strong></span> <span class='ocrx_word' id='word_1_125' title='bbox 700 1159 872 1234; x_wconf 86' lang='lat' dir='ltr'><strong>perrexeris.</strong></span> <span class='ocrx_word' id='word_1_126' title='bbox 1029 1163 1059 1216; x_wconf 90' lang='lat' dir='ltr'><strong>et</strong></span> <span class='ocrx_word' id='word_1_127' title='bbox 1073 1159 1150 1215; x_wconf 87' lang='lat' dir='ltr'><strong>sicut</strong></span> <span class='ocrx_word' id='word_1_128' title='bbox 1163 1157 1336 1218; x_wconf 76' lang='lat' dir='ltr'><strong>charmelus</strong></span> <span class='ocrx_word' id='word_1_129' title='bbox 1351 1161 1380 1216; x_wconf 92' lang='lat' dir='ltr'><strong>in</strong></span> <span class='ocrx_word' id='word_1_130' title='bbox 1396 1160 1482 1229; x_wconf 89' lang='lat' dir='ltr'><strong>mari,</strong></span> <span class='ocrx_word' id='word_1_131' title='bbox 1498 1159 1608 1217; x_wconf 88' lang='lat' dir='ltr'><strong>veniet.</strong></span> 
     </span>
     <span class='ocr_line' id='line_1_15' title="bbox 118 1229 1823 1307; baseline -0.001 -16"><span class='ocrx_word' id='word_1_132' title='bbox 118 1236 194 1307; x_wconf 80' lang='lat' dir='ltr'><strong>(Cap.</strong></span> <span class='ocrx_word' id='word_1_133' title='bbox 210 1233 322 1306; x_wconf 84' lang='lat' dir='ltr'>XLVI.)</span> <span class='ocrx_word' id='word_1_134' title='bbox 337 1235 418 1300; x_wconf 91' lang='lat' dir='ltr'><strong>Quod</strong></span> <span class='ocrx_word' id='word_1_135' title='bbox 443 1232 747 1289; x_wconf 79' lang='lat' dir='ltr'><strong>factumestverbnm</strong></span> <span class='ocrx_word' id='word_1_136' title='bbox 772 1234 887 1289; x_wconf 90' lang='lat' dir='ltr'><strong>Domini</strong></span> <span class='ocrx_word' id='word_1_137' title='bbox 903 1233 939 1288; x_wconf 91' lang='lat' dir='ltr'><strong>ad</strong></span> <span class='ocrx_word' id='word_1_138' title='bbox 995 1231 1070 1287; x_wconf 86' lang='lat' dir='ltr'><strong>Vasa</strong></span> <span class='ocrx_word' id='word_1_139' title='bbox 1101 1229 1370 1304; x_wconf 79' lang='lat' dir='ltr'><strong>transmigrationis</strong></span> <span class='ocrx_word' id='word_1_140' title='bbox 1403 1233 1449 1292; x_wconf 86' lang='lat' dir='ltr'><strong>lac</strong></span> <span class='ocrx_word' id='word_1_141' title='bbox 1479 1231 1533 1289; x_wconf 92' lang='lat' dir='ltr'><strong>tibi</strong></span> <span class='ocrx_word' id='word_1_142' title='bbox 1566 1230 1735 1289; x_wconf 75' lang='lat' dir='ltr'><strong>habitatrix</strong></span> <span class='ocrx_word' id='word_1_143' title='bbox 1766 1231 1823 1289; x_wconf 90' lang='lat' dir='ltr'><strong>lilia</strong></span> 
     </span>
     <span class='ocr_line' id='line_1_16' title="bbox 188 1302 1197 1379; baseline -0.007 -16"><span class='ocrx_word' id='word_1_144' title='bbox 188 1306 346 1363; x_wconf 87' lang='lat' dir='ltr'><strong>Jeremiem</strong></span> <span class='ocrx_word' id='word_1_145' title='bbox 366 1304 773 1377; x_wconf 86' lang='lat' dir='ltr'><strong>prophetamcuntragentes</strong></span> <span class='ocrx_word' id='word_1_146' title='bbox 794 1306 830 1361; x_wconf 90' lang='lat' dir='ltr'><strong>ad</strong></span> <span class='ocrx_word' id='word_1_147' title='bbox 853 1304 941 1379; x_wconf 82' lang='lat' dir='ltr'><strong>AEgy-</strong></span> <span class='ocrx_word' id='word_1_148' title='bbox 1020 1312 1023 1317; x_wconf 79' lang='grc'><em>·</em></span> <span class='ocrx_word' id='word_1_149' title='bbox 1065 1302 1197 1375; x_wconf 55' lang='lat' dir='ltr'><strong>aegyptu</strong></span> 
     </span>
     <span class='ocr_line' id='line_1_17' title="bbox 190 1371 1820 1445; baseline 0.006 -23"><span class='ocrx_word' id='word_1_150' title='bbox 190 1383 265 1444; x_wconf 75' lang='lat' dir='ltr'><strong>tum,</strong></span> <span class='ocrx_word' id='word_1_151' title='bbox 1031 1372 1100 1445; x_wconf 89' lang='lat' dir='ltr'><strong>quia</strong></span> <span class='ocrx_word' id='word_1_152' title='bbox 1124 1372 1200 1428; x_wconf 87' lang='lat' dir='ltr'><strong>Mem</strong></span> <span class='ocrx_word' id='word_1_153' title='bbox 1223 1371 1270 1430; x_wconf 91' lang='lat' dir='ltr'><strong>bis</strong></span> <span class='ocrx_word' id='word_1_154' title='bbox 1285 1373 1315 1430; x_wconf 91' lang='lat' dir='ltr'><strong>in</strong></span> <span class='ocrx_word' id='word_1_155' title='bbox 1329 1373 1520 1435; x_wconf 77' lang='lat' dir='ltr'><strong>solitudinem</strong></span> <span class='ocrx_word' id='word_1_156' title='bbox 1535 1374 1600 1443; x_wconf 88' lang='lat' dir='ltr'><strong>erit,</strong></span> <span class='ocrx_word' id='word_1_157' title='bbox 1618 1378 1648 1433; x_wconf 87' lang='lat' dir='ltr'><strong>et</strong></span> <span class='ocrx_word' id='word_1_158' title='bbox 1673 1376 1820 1433; x_wconf 79' lang='lat' dir='ltr'><strong>deseretur</strong></span> 
     </span>
     <span class='ocr_line' id='line_1_18' title="bbox 156 1389 1281 1519; baseline -0.005 -13"><span class='ocrx_word' id='word_1_159' title='bbox 156 1451 314 1506; x_wconf 87' lang='lat' dir='ltr'><strong>adversum</strong></span> <span class='ocrx_word' id='word_1_160' title='bbox 342 1446 502 1505; x_wconf 85' lang='lat' dir='ltr'><strong>exercitum</strong></span> <span class='ocrx_word' id='word_1_161' title='bbox 529 1445 692 1505; x_wconf 88' lang='lat' dir='ltr'><strong>Pharaonis</strong></span> <span class='ocrx_word' id='word_1_162' title='bbox 717 1445 833 1506; x_wconf 88' lang='lat' dir='ltr'><strong>Nechao</strong></span> <span class='ocrx_word' id='word_1_163' title='bbox 866 1444 942 1519; x_wconf 87' lang='lat' dir='ltr'><strong>regis</strong></span> <span class='ocrx_word' id='word_1_164' title='bbox 1067 1389 1281 1501; x_wconf 64' lang='lat' dir='ltr'><strong>inhabitahilis.</strong></span> 
     </span>
     <span class='ocr_line' id='line_1_19' title="bbox 191 1515 1815 1593; baseline -0.001 -19"><span class='ocrx_word' id='word_1_165' title='bbox 191 1520 319 1593; x_wconf 80' lang='lat' dir='ltr'><strong>AEgypti,</strong></span> <span class='ocrx_word' id='word_1_166' title='bbox 996 1516 1096 1572; x_wconf 87' lang='lat' dir='ltr'><strong>vitula</strong></span> <span class='ocrx_word' id='word_1_167' title='bbox 1109 1515 1153 1572; x_wconf 92' lang='lat' dir='ltr'><strong>ele</strong></span> <span class='ocrx_word' id='word_1_168' title='bbox 1174 1533 1229 1587; x_wconf 78' lang='lat' dir='ltr'><strong>ans</strong></span> <span class='ocrx_word' id='word_1_169' title='bbox 1244 1521 1332 1593; x_wconf 87' lang='lat' dir='ltr'><strong>atque</strong></span> <span class='ocrx_word' id='word_1_170' title='bbox 1342 1515 1471 1577; x_wconf 83' lang='lat' dir='ltr'><strong>formosa</strong></span> <span class='ocrx_word' id='word_1_171' title='bbox 1480 1518 1640 1592; x_wconf 73' lang='lat' dir='ltr'><strong>AEgvptus3</strong></span> <span class='ocrx_word' id='word_1_172' title='bbox 1653 1518 1815 1581; x_wconf 81' lang='lat' dir='ltr'><strong>stimulator</strong></span> 
     </span>
     <span class='ocr_line' id='line_1_20' title="bbox 156 1532 1384 1667; baseline -0.004 -20"><span class='ocrx_word' id='word_1_173' title='bbox 156 1594 207 1664; x_wconf 91' lang='lat' dir='ltr'><strong>qui</strong></span> <span class='ocrx_word' id='word_1_174' title='bbox 222 1597 284 1648; x_wconf 88' lang='lat' dir='ltr'><strong>erat</strong></span> <span class='ocrx_word' id='word_1_175' title='bbox 295 1592 380 1662; x_wconf 86' lang='lat' dir='ltr'><strong>juxta</strong></span> <span class='ocrx_word' id='word_1_176' title='bbox 394 1589 517 1647; x_wconf 91' lang='lat' dir='ltr'><strong>lluvlum</strong></span> <span class='ocrx_word' id='word_1_177' title='bbox 533 1590 574 1645; x_wconf 81' lang='lat' dir='ltr'><strong>Du</strong></span> <span class='ocrx_word' id='word_1_178' title='bbox 599 1589 700 1647; x_wconf 79' lang='lat' dir='ltr'><strong>broten</strong></span> <span class='ocrx_word' id='word_1_179' title='bbox 715 1589 746 1647; x_wconf 90' lang='lat' dir='ltr'><strong>iu</strong></span> <span class='ocrx_word' id='word_1_180' title='bbox 761 1588 942 1655; x_wconf 85' lang='lat' dir='ltr'><strong>Charcamis,</strong></span> <span class='ocrx_word' id='word_1_181' title='bbox 1033 1588 1069 1644; x_wconf 91' lang='lat' dir='ltr'><strong>ab</strong></span> <span class='ocrx_word' id='word_1_182' title='bbox 1084 1532 1223 1667; x_wconf 52' lang='lat' dir='ltr'><strong>aquilone</strong></span> <span class='ocrx_word' id='word_1_183' title='bbox 1236 1587 1334 1645; x_wconf 87' lang='lat' dir='ltr'><strong>veniet</strong></span> <span class='ocrx_word' id='word_1_184' title='bbox 1348 1587 1384 1645; x_wconf 90' lang='lat' dir='ltr'><strong>ai.</strong></span> 
     </span>
     <span class='ocr_line' id='line_1_21' title="bbox 155 1606 1808 1755; baseline -0.001 -36"><span class='ocrx_word' id='word_1_185' title='bbox 155 1679 243 1737; x_wconf 90' lang='lat' dir='ltr'><strong>quem</strong></span> <span class='ocrx_word' id='word_1_186' title='bbox 259 1661 405 1736; x_wconf 89' lang='lat' dir='ltr'><strong>percussit</strong></span> <span class='ocrx_word' id='word_1_187' title='bbox 423 1606 693 1745; x_wconf 65' lang='lat' dir='ltr'><strong>Nabuebotlhnosor</strong></span> <span class='ocrx_word' id='word_1_188' title='bbox 711 1676 761 1745; x_wconf 79' lang='lat' dir='ltr'><strong>rex</strong></span> <span class='ocrx_word' id='word_1_189' title='bbox 776 1660 942 1739; x_wconf 73' lang='lat' dir='ltr'><strong>babylonis,</strong></span> <span class='ocrx_word' id='word_1_190' title='bbox 957 1687 982 1755; x_wconf 68' lang='lat' dir='ltr'>B</span> <span class='ocrx_word' id='word_1_191' title='bbox 999 1658 1170 1743; x_wconf 77' lang='lat' dir='ltr'><strong>Mercenarii</strong></span> <span class='ocrx_word' id='word_1_192' title='bbox 1185 1675 1301 1734; x_wconf 87' lang='lat' dir='ltr'><strong>quoque</strong></span> <span class='ocrx_word' id='word_1_193' title='bbox 1314 1661 1390 1737; x_wconf 79' lang='lat' dir='ltr'><strong>ejus,</strong></span> <span class='ocrx_word' id='word_1_194' title='bbox 1401 1659 1451 1733; x_wconf 90' lang='lat' dir='ltr'><strong>qui</strong></span> <span class='ocrx_word' id='word_1_195' title='bbox 1466 1661 1665 1735; x_wconf 86' lang='lat' dir='ltr'><strong>versabantur</strong></span> <span class='ocrx_word' id='word_1_196' title='bbox 1680 1662 1712 1719; x_wconf 91' lang='lat' dir='ltr'><strong>in</strong></span> <span class='ocrx_word' id='word_1_197' title='bbox 1727 1662 1808 1735; x_wconf 86' lang='lat' dir='ltr'><strong>madio</strong></span> 
     </span>
     <span class='ocr_line' id='line_1_22' title="bbox 120 1731 1144 1809; baseline -0.005 -18"><span class='ocrx_word' id='word_1_198' title='bbox 120 1736 150 1791; x_wconf 92' lang='lat' dir='ltr'><strong>in</strong></span> <span class='ocrx_word' id='word_1_199' title='bbox 167 1741 271 1809; x_wconf 88' lang='lat' dir='ltr'><strong>quarto</strong></span> <span class='ocrx_word' id='word_1_200' title='bbox 283 1750 360 1790; x_wconf 92' lang='lat' dir='ltr'><strong>anno</strong></span> <span class='ocrx_word' id='word_1_201' title='bbox 375 1733 488 1791; x_wconf 86' lang='lat' dir='ltr'><strong>Jcacim</strong></span> <span class='ocrx_word' id='word_1_202' title='bbox 504 1731 557 1789; x_wconf 85' lang='lat' dir='ltr'><strong>sstn</strong></span> <span class='ocrx_word' id='word_1_203' title='bbox 572 1732 659 1790; x_wconf 80' lang='lat' dir='ltr'><strong>Josio</strong></span> <span class='ocrx_word' id='word_1_204' title='bbox 675 1748 753 1807; x_wconf 75' lang='lat' dir='ltr'><strong>regis</strong></span> <span class='ocrx_word' id='word_1_205' title='bbox 766 1733 852 1790; x_wconf 87' lang='lat' dir='ltr'><strong>luda.</strong></span> <span class='ocrx_word' id='word_1_206' title='bbox 1068 1747 1144 1804; x_wconf 82' lang='lat' dir='ltr'><strong>eJus,</strong></span> 
     </span>
     <span class='ocr_line' id='line_1_23' title="bbox 120 1800 1541 1881; baseline -0.002 -17"><span class='ocrx_word' id='word_1_207' title='bbox 120 1813 284 1880; x_wconf 73' lang='lat' dir='ltr'><strong>preparata</strong></span> <span class='ocrx_word' id='word_1_208' title='bbox 298 1810 416 1863; x_wconf 91' lang='lat' dir='ltr'><strong>scutum</strong></span> <span class='ocrx_word' id='word_1_209' title='bbox 432 1811 461 1862; x_wconf 92' lang='lat' dir='ltr'><strong>et</strong></span> <span class='ocrx_word' id='word_1_210' title='bbox 475 1802 622 1878; x_wconf 73' lang='lat' dir='ltr'><strong>clypeum,</strong></span> <span class='ocrx_word' id='word_1_211' title='bbox 1033 1803 1117 1873; x_wconf 89' lang='lat' dir='ltr'><strong>quasi</strong></span> <span class='ocrx_word' id='word_1_212' title='bbox 1132 1800 1215 1859; x_wconf 89' lang='lat' dir='ltr'><strong>vituli</strong></span> <span class='ocrx_word' id='word_1_213' title='bbox 1230 1800 1357 1881; x_wconf 83' lang='lat' dir='ltr'><strong>saginati</strong></span> <span class='ocrx_word' id='word_1_214' title='bbox 1367 1803 1445 1869; x_wconf 81' lang='lat' dir='ltr'><strong>versi</strong></span> <span class='ocrx_word' id='word_1_215' title='bbox 1459 1809 1541 1876; x_wconf 89' lang='lat' dir='ltr'><strong>sunt,</strong></span> 
     </span>
     <span class='ocr_line' id='line_1_24' title="bbox 157 1868 1695 1962; baseline 0 -27"><span class='ocrx_word' id='word_1_216' title='bbox 157 1886 186 1935; x_wconf 88' lang='lat' dir='ltr'><strong>et</strong></span> <span class='ocrx_word' id='word_1_217' title='bbox 200 1878 348 1962; x_wconf 88' lang='lat' dir='ltr'><strong>procedite</strong></span> <span class='ocrx_word' id='word_1_218' title='bbox 362 1878 398 1932; x_wconf 91' lang='lat' dir='ltr'><strong>ad</strong></span> <span class='ocrx_word' id='word_1_219' title='bbox 415 1876 537 1932; x_wconf 90' lang='lat' dir='ltr'><strong>bellum.</strong></span> <span class='ocrx_word' id='word_1_220' title='bbox 1032 1883 1061 1930; x_wconf 84' lang='lat' dir='ltr'><strong>et</strong></span> <span class='ocrx_word' id='word_1_221' title='bbox 1076 1875 1215 1957; x_wconf 82' lang='lat' dir='ltr'><strong>sugerunt</strong></span> <span class='ocrx_word' id='word_1_222' title='bbox 1228 1868 1331 1942; x_wconf 91' lang='lat' dir='ltr'><strong>simul,</strong></span> <span class='ocrx_word' id='word_1_223' title='bbox 1347 1891 1400 1937; x_wconf 86' lang='lat' dir='ltr'><strong>nac</strong></span> <span class='ocrx_word' id='word_1_224' title='bbox 1414 1880 1493 1935; x_wconf 87' lang='lat' dir='ltr'><strong>stare</strong></span> <span class='ocrx_word' id='word_1_225' title='bbox 1507 1881 1671 1950; x_wconf 86' lang='lat' dir='ltr'><strong>putuerunt</strong></span> <span class='ocrx_word' id='word_1_226' title='bbox 1686 1894 1695 1935; x_wconf 91' lang='lat'><strong>:</strong></span> 
     </span>
     <span class='ocr_line' id='line_1_25' title="bbox 119 1944 1760 2024; baseline -0.001 -17"><span class='ocrx_word' id='word_1_227' title='bbox 119 1955 240 2024; x_wconf 76' lang='lat' dir='ltr'><strong>iungite</strong></span> <span class='ocrx_word' id='word_1_228' title='bbox 253 1966 356 2024; x_wconf 82' lang='lat' dir='ltr'><strong>equos,</strong></span> <span class='ocrx_word' id='word_1_229' title='bbox 371 1952 400 2005; x_wconf 91' lang='lat' dir='ltr'><strong>et</strong></span> <span class='ocrx_word' id='word_1_230' title='bbox 414 1947 564 2005; x_wconf 83' lang='lat' dir='ltr'><strong>ascendite</strong></span> <span class='ocrx_word' id='word_1_231' title='bbox 578 1946 692 2021; x_wconf 89' lang='lat' dir='ltr'><strong>equites</strong></span> <span class='ocrx_word' id='word_1_232' title='bbox 708 1964 716 2006; x_wconf 91' lang='lat'><strong>:</strong></span> <span class='ocrx_word' id='word_1_233' title='bbox 997 1945 1072 2010; x_wconf 83' lang='lat' dir='ltr'><strong>Quia</strong></span> <span class='ocrx_word' id='word_1_234' title='bbox 1085 1945 1148 2002; x_wconf 88' lang='lat' dir='ltr'><strong>drea</strong></span> <span class='ocrx_word' id='word_1_235' title='bbox 1162 1944 1375 2003; x_wconf 87' lang='lat' dir='ltr'><strong>interiectionis</strong></span> <span class='ocrx_word' id='word_1_236' title='bbox 1390 1964 1492 2005; x_wconf 89' lang='lat' dir='ltr'><strong>eorum</strong></span> <span class='ocrx_word' id='word_1_237' title='bbox 1507 1951 1588 2007; x_wconf 89' lang='lat' dir='ltr'><strong>veuit</strong></span> <span class='ocrx_word' id='word_1_238' title='bbox 1603 1967 1695 2024; x_wconf 88' lang='lat' dir='ltr'><strong>super</strong></span> <span class='ocrx_word' id='word_1_239' title='bbox 1708 1965 1760 2015; x_wconf 87' lang='lat' dir='ltr'><strong>eos,</strong></span> 
     </span>
     <span class='ocr_line' id='line_1_26' title="bbox 158 2017 1468 2100; baseline -0.002 -22"><span class='ocrx_word' id='word_1_240' title='bbox 158 2027 233 2078; x_wconf 88' lang='lat' dir='ltr'><strong>etate</strong></span> <span class='ocrx_word' id='word_1_241' title='bbox 245 2023 275 2077; x_wconf 92' lang='lat' dir='ltr'><strong>in</strong></span> <span class='ocrx_word' id='word_1_242' title='bbox 291 2021 393 2093; x_wconf 83' lang='lat' dir='ltr'><strong>galeis,</strong></span> <span class='ocrx_word' id='word_1_243' title='bbox 1033 2023 1150 2088; x_wconf 88' lang='lat' dir='ltr'><strong>tempus</strong></span> <span class='ocrx_word' id='word_1_244' title='bbox 1165 2017 1341 2100; x_wconf 78' lang='lat' dir='ltr'><strong>visitationis</strong></span> <span class='ocrx_word' id='word_1_245' title='bbox 1354 2033 1468 2077; x_wconf 88' lang='lat' dir='ltr'><strong>eorum.</strong></span> 
     </span>
     <span class='ocr_line' id='line_1_27' title="bbox 158 2088 1632 2245; baseline 0.002 -26"><span class='ocrx_word' id='word_1_246' title='bbox 158 2094 458 2245; x_wconf 44' lang='lat' dir='ltr'><strong>lhillrlitvsllrthgeloslicis.</strong></span> <span class='ocrx_word' id='word_1_247' title='bbox 559 2231 564 2243; x_wconf 33' lang='lat'>⁸</span> <span class='ocrx_word' id='word_1_248' title='bbox 997 2088 1632 2244; x_wconf 35' lang='lat' dir='ltr'><strong>vogugjnui{gussssaorgzracpplptprtdpembunt,</strong></span> 
     </span>
     <span class='ocr_line' id='line_1_28' title="bbox 122 2231 1791 2310; baseline 0.001 -19"><span class='ocrx_word' id='word_1_249' title='bbox 122 2237 194 2302; x_wconf 87' lang='lat' dir='ltr'><strong>Quid</strong></span> <span class='ocrx_word' id='word_1_250' title='bbox 210 2234 321 2307; x_wconf 77' lang='lat' dir='ltr'><strong>igitur?</strong></span> <span class='ocrx_word' id='word_1_251' title='bbox 335 2235 392 2287; x_wconf 87' lang='lat' dir='ltr'><strong>vrdr</strong></span> <span class='ocrx_word' id='word_1_252' title='bbox 406 2248 486 2305; x_wconf 79' lang='lat' dir='ltr'><strong>ipsos</strong></span> <span class='ocrx_word' id='word_1_253' title='bbox 501 2231 632 2304; x_wconf 87' lang='lat' dir='ltr'><strong>pavrdos,</strong></span> <span class='ocrx_word' id='word_1_254' title='bbox 648 2236 677 2289; x_wconf 88' lang='lat' dir='ltr'><strong>el</strong></span> <span class='ocrx_word' id='word_1_255' title='bbox 691 2235 774 2305; x_wconf 86' lang='lat' dir='ltr'><strong>larga</strong></span> <span class='ocrx_word' id='word_1_256' title='bbox 788 2236 943 2305; x_wconf 87' lang='lat' dir='ltr'><strong>vertentes,</strong></span> <span class='ocrx_word' id='word_1_257' title='bbox 1033 2239 1063 2289; x_wconf 90' lang='lat' dir='ltr'><strong>et</strong></span> <span class='ocrx_word' id='word_1_258' title='bbox 1083 2248 1150 2288; x_wconf 91' lang='lat' dir='ltr'><strong>oum</strong></span> <span class='ocrx_word' id='word_1_259' title='bbox 1174 2233 1327 2289; x_wconf 78' lang='lat' dir='ltr'><strong>securibus</strong></span> <span class='ocrx_word' id='word_1_260' title='bbox 1350 2235 1467 2292; x_wconf 88' lang='lat' dir='ltr'><strong>venient</strong></span> <span class='ocrx_word' id='word_1_261' title='bbox 1490 2237 1528 2305; x_wconf 90' lang='lat' dir='ltr'><strong>ei,</strong></span> <span class='ocrx_word' id='word_1_262' title='bbox 1549 2237 1637 2308; x_wconf 88' lang='lat' dir='ltr'><strong>quasi</strong></span> <span class='ocrx_word' id='word_1_263' title='bbox 1662 2236 1736 2310; x_wconf 87' lang='lat' dir='ltr'><strong>ligne</strong></span> <span class='ocrx_word' id='word_1_264' title='bbox 1753 2252 1791 2292; x_wconf 86' lang='lat' dir='ltr'><strong>ca·</strong></span> 
     </span>
     <span class='ocr_line' id='line_1_29' title="bbox 158 2304 1181 2363; baseline -0.003 -2"><span class='ocrx_word' id='word_1_265' title='bbox 158 2308 247 2363; x_wconf 85' lang='lat' dir='ltr'><strong>fortes</strong></span> <span class='ocrx_word' id='word_1_266' title='bbox 262 2320 363 2361; x_wconf 89' lang='lat' dir='ltr'><strong>eorum</strong></span> <span class='ocrx_word' id='word_1_267' title='bbox 379 2320 469 2359; x_wconf 85' lang='lat' dir='ltr'><strong>casos</strong></span> <span class='ocrx_word' id='word_1_268' title='bbox 485 2318 491 2358; x_wconf 92' lang='lat'>:</span> <span class='ocrx_word' id='word_1_269' title='bbox 1070 2304 1181 2359; x_wconf 89' lang='lat' dir='ltr'><strong>dantes.</strong></span> 
     </span>
     <span class='ocr_line' id='line_1_30' title="bbox 120 2374 1634 2450; baseline 0.003 -17"><span class='ocrx_word' id='word_1_270' title='bbox 120 2379 270 2449; x_wconf 80' lang='lat' dir='ltr'><strong>Fugerunt</strong></span> <span class='ocrx_word' id='word_1_271' title='bbox 284 2376 400 2445; x_wconf 87' lang='lat' dir='ltr'><strong>conciti,</strong></span> <span class='ocrx_word' id='word_1_272' title='bbox 416 2389 470 2431; x_wconf 89' lang='lat' dir='ltr'><strong>neo</strong></span> <span class='ocrx_word' id='word_1_273' title='bbox 484 2378 695 2446; x_wconf 81' lang='lat' dir='ltr'><strong>respexerunt:</strong></span> <span class='ocrx_word' id='word_1_274' title='bbox 998 2377 1191 2431; x_wconf 87' lang='lat' dir='ltr'><strong>Succiderunt</strong></span> <span class='ocrx_word' id='word_1_275' title='bbox 1205 2374 1313 2433; x_wconf 90' lang='lat' dir='ltr'><strong>saltum</strong></span> <span class='ocrx_word' id='word_1_276' title='bbox 1329 2375 1403 2447; x_wconf 86' lang='lat' dir='ltr'><strong>ejus,</strong></span> <span class='ocrx_word' id='word_1_277' title='bbox 1420 2378 1462 2435; x_wconf 85' lang='lat' dir='ltr'><strong>sit</strong></span> <span class='ocrx_word' id='word_1_278' title='bbox 1476 2379 1634 2450; x_wconf 89' lang='lat' dir='ltr'><strong>Dominus,</strong></span> 
     </span>
     <span class='ocr_line' id='line_1_31' title="bbox 156 2445 1461 2520; baseline 0 -15"><span class='ocrx_word' id='word_1_279' title='bbox 156 2456 250 2505; x_wconf 89' lang='lat' dir='ltr'><strong>terror</strong></span> <span class='ocrx_word' id='word_1_280' title='bbox 265 2447 407 2520; x_wconf 89' lang='lat' dir='ltr'><strong>undique,</strong></span> <span class='ocrx_word' id='word_1_281' title='bbox 424 2446 465 2503; x_wconf 90' lang='lat' dir='ltr'><strong>ait</strong></span> <span class='ocrx_word' id='word_1_282' title='bbox 479 2445 634 2502; x_wconf 84' lang='lat' dir='ltr'><strong>Dominus.</strong></span> <span class='ocrx_word' id='word_1_283' title='bbox 1035 2448 1083 2518; x_wconf 89' lang='lat' dir='ltr'><strong>qui</strong></span> <span class='ocrx_word' id='word_1_284' title='bbox 1100 2446 1255 2519; x_wconf 85' lang='lat' dir='ltr'><strong>supputari</strong></span> <span class='ocrx_word' id='word_1_285' title='bbox 1271 2463 1328 2503; x_wconf 92' lang='lat' dir='ltr'><strong>nou</strong></span> <span class='ocrx_word' id='word_1_286' title='bbox 1346 2452 1461 2520; x_wconf 88' lang='lat' dir='ltr'><strong>polest:</strong></span> 
     </span>
     <span class='ocr_line' id='line_1_32' title="bbox 121 2518 1529 2593; baseline 0.001 -16"><span class='ocrx_word' id='word_1_287' title='bbox 121 2522 184 2577; x_wconf 89' lang='lat' dir='ltr'><strong>Nun</strong></span> <span class='ocrx_word' id='word_1_288' title='bbox 203 2520 293 2590; x_wconf 85' lang='lat' dir='ltr'><strong>lugiet</strong></span> <span class='ocrx_word' id='word_1_289' title='bbox 305 2520 397 2586; x_wconf 87' lang='lat' dir='ltr'><strong>velox,</strong></span> <span class='ocrx_word' id='word_1_290' title='bbox 999 2518 1184 2590; x_wconf 87' lang='lat' dir='ltr'><strong>Multiplicati</strong></span> <span class='ocrx_word' id='word_1_291' title='bbox 1199 2523 1270 2574; x_wconf 91' lang='lat' dir='ltr'><strong>sunt</strong></span> <span class='ocrx_word' id='word_1_292' title='bbox 1284 2535 1374 2590; x_wconf 89' lang='lat' dir='ltr'><strong>super</strong></span> <span class='ocrx_word' id='word_1_293' title='bbox 1388 2519 1529 2593; x_wconf 85' lang='lat' dir='ltr'><strong>locustas,</strong></span> 
     </span>
     <span class='ocr_line' id='line_1_33' title="bbox 157 2586 1419 2663; baseline -0.001 -15"><span class='ocrx_word' id='word_1_294' title='bbox 157 2609 210 2649; x_wconf 90' lang='lat' dir='ltr'><strong>nec</strong></span> <span class='ocrx_word' id='word_1_295' title='bbox 225 2591 330 2648; x_wconf 91' lang='lat' dir='ltr'><strong>salvari</strong></span> <span class='ocrx_word' id='word_1_296' title='bbox 346 2607 377 2647; x_wconf 94' lang='lat' dir='ltr'><strong>se</strong></span> <span class='ocrx_word' id='word_1_297' title='bbox 393 2591 477 2662; x_wconf 88' lang='lat' dir='ltr'><strong>putet</strong></span> <span class='ocrx_word' id='word_1_298' title='bbox 498 2587 582 2644; x_wconf 82' lang='lat' dir='ltr'><strong>tortis</strong></span> <span class='ocrx_word' id='word_1_299' title='bbox 598 2602 606 2643; x_wconf 76' lang='grc' dir='ltr'><strong>ι</strong></span> <span class='ocrx_word' id='word_1_300' title='bbox 621 2588 663 2643; x_wconf 84' lang='lat' dir='ltr'><strong>ad</strong></span> <span class='ocrx_word' id='word_1_301' title='bbox 679 2586 847 2662; x_wconf 88' lang='lat' dir='ltr'><strong>aquilonem</strong></span> <span class='ocrx_word' id='word_1_302' title='bbox 862 2590 945 2663; x_wconf 82' lang='lat' dir='ltr'><strong>iuxta</strong></span> <span class='ocrx_word' id='word_1_303' title='bbox 1034 2595 1063 2646; x_wconf 89' lang='lat' dir='ltr'><strong>et</strong></span> <span class='ocrx_word' id='word_1_304' title='bbox 1078 2605 1137 2646; x_wconf 90' lang='lat' dir='ltr'><strong>uon</strong></span> <span class='ocrx_word' id='word_1_305' title='bbox 1151 2593 1195 2645; x_wconf 90' lang='lat' dir='ltr'><strong>est</strong></span> <span class='ocrx_word' id='word_1_306' title='bbox 1209 2589 1252 2645; x_wconf 90' lang='lat' dir='ltr'><strong>eis</strong></span> <span class='ocrx_word' id='word_1_307' title='bbox 1268 2605 1419 2649; x_wconf 90' lang='lat' dir='ltr'><strong>numerus.</strong></span> 
     </span>
     <span class='ocr_line' id='line_1_34' title="bbox 192 2659 1392 2736; baseline -0.001 -17"><span class='ocrx_word' id='word_1_308' title='bbox 192 2664 302 2720; x_wconf 88' lang='lat' dir='ltr'><strong>llumeu</strong></span> <span class='ocrx_word' id='word_1_309' title='bbox 318 2663 485 2735; x_wconf 79' lang='lat' dir='ltr'><strong>Euphraten</strong></span> <span class='ocrx_word' id='word_1_310' title='bbox 501 2659 570 2715; x_wconf 91' lang='lat' dir='ltr'><strong>victi</strong></span> <span class='ocrx_word' id='word_1_311' title='bbox 585 2664 665 2729; x_wconf 87' lang='lat' dir='ltr'><strong>sont,</strong></span> <span class='ocrx_word' id='word_1_312' title='bbox 998 2662 1125 2719; x_wconf 78' lang='lat' dir='ltr'><strong>Confusa</strong></span> <span class='ocrx_word' id='word_1_313' title='bbox 1136 2666 1181 2716; x_wconf 90' lang='lat' dir='ltr'><strong>est</strong></span> <span class='ocrx_word' id='word_1_314' title='bbox 1194 2660 1256 2716; x_wconf 86' lang='lat' dir='ltr'><strong>lilia</strong></span> <span class='ocrx_word' id='word_1_315' title='bbox 1267 2662 1392 2736; x_wconf 78' lang='lat' dir='ltr'><strong>AEgypti‚</strong></span> 
     </span>
     <span class='ocr_line' id='line_1_35' title="bbox 157 2731 1627 2808; baseline 0.001 -16"><span class='ocrx_word' id='word_1_316' title='bbox 157 2741 186 2792; x_wconf 90' lang='lat' dir='ltr'><strong>et</strong></span> <span class='ocrx_word' id='word_1_317' title='bbox 199 2740 331 2793; x_wconf 88' lang='lat' dir='ltr'><strong>ruerunt.</strong></span> <span class='ocrx_word' id='word_1_318' title='bbox 1033 2738 1063 2789; x_wconf 93' lang='lat' dir='ltr'><strong>at</strong></span> <span class='ocrx_word' id='word_1_319' title='bbox 1076 2731 1184 2789; x_wconf 90' lang='lat' dir='ltr'><strong>tradita</strong></span> <span class='ocrx_word' id='word_1_320' title='bbox 1199 2732 1229 2787; x_wconf 93' lang='lat' dir='ltr'><strong>iu</strong></span> <span class='ocrx_word' id='word_1_321' title='bbox 1245 2748 1334 2789; x_wconf 89' lang='lat' dir='ltr'><strong>manu</strong></span> <span class='ocrx_word' id='word_1_322' title='bbox 1351 2734 1451 2808; x_wconf 88' lang='lat' dir='ltr'><strong>populi</strong></span> <span class='ocrx_word' id='word_1_323' title='bbox 1465 2735 1627 2808; x_wconf 89' lang='lat' dir='ltr'><strong>aquilonis.</strong></span> 
     </span>
     <span class='ocr_line' id='line_1_36' title="bbox 122 2802 1648 2878; baseline 0.001 -14"><span class='ocrx_word' id='word_1_324' title='bbox 122 2808 193 2874; x_wconf 82' lang='lat' dir='ltr'><strong>Quis</strong></span> <span class='ocrx_word' id='word_1_325' title='bbox 208 2814 252 2864; x_wconf 91' lang='lat' dir='ltr'><strong>est</strong></span> <span class='ocrx_word' id='word_1_326' title='bbox 265 2808 330 2873; x_wconf 88' lang='lat' dir='ltr'><strong>istc,</strong></span> <span class='ocrx_word' id='word_1_327' title='bbox 346 2806 396 2878; x_wconf 86' lang='lat' dir='ltr'><strong>qui</strong></span> <span class='ocrx_word' id='word_1_328' title='bbox 412 2802 497 2876; x_wconf 88' lang='lat' dir='ltr'><strong>quasi</strong></span> <span class='ocrx_word' id='word_1_329' title='bbox 511 2802 621 2859; x_wconf 90' lang='lat' dir='ltr'><strong>llumen</strong></span> <span class='ocrx_word' id='word_1_330' title='bbox 637 2803 771 2861; x_wconf 88' lang='lat' dir='ltr'><strong>ascendit</strong></span> <span class='ocrx_word' id='word_1_331' title='bbox 787 2820 794 2861; x_wconf 91' lang='lat'>:</span> <span class='ocrx_word' id='word_1_332' title='bbox 999 2805 1077 2862; x_wconf 85' lang='lat' dir='ltr'><strong>Dixit</strong></span> <span class='ocrx_word' id='word_1_333' title='bbox 1090 2803 1233 2860; x_wconf 86' lang='lat' dir='ltr'><strong>Dominus</strong></span> <span class='ocrx_word' id='word_1_334' title='bbox 1247 2805 1426 2862; x_wconf 84' lang='lat' dir='ltr'><strong>exercituum</strong></span> <span class='ocrx_word' id='word_1_335' title='bbox 1441 2806 1518 2866; x_wconf 92' lang='lat' dir='ltr'><strong>Deus</strong></span> <span class='ocrx_word' id='word_1_336' title='bbox 1533 2810 1624 2867; x_wconf 86' lang='lat' dir='ltr'><strong>lsrael</strong></span> <span class='ocrx_word' id='word_1_337' title='bbox 1641 2825 1648 2865; x_wconf 91' lang='lat'><strong>:</strong></span> 
     </span>
     <span class='ocr_line' id='line_1_37' title="bbox 157 2875 1753 2949; baseline -0.003 -12"><span class='ocrx_word' id='word_1_338' title='bbox 157 2885 185 2937; x_wconf 86' lang='lat' dir='ltr'><strong>et</strong></span> <span class='ocrx_word' id='word_1_339' title='bbox 198 2878 288 2936; x_wconf 87' lang='lat' dir='ltr'><strong>veluti</strong></span> <span class='ocrx_word' id='word_1_340' title='bbox 304 2877 471 2945; x_wconf 89' lang='lat' dir='ltr'><strong>lluviorum,</strong></span> <span class='ocrx_word' id='word_1_341' title='bbox 482 2875 685 2931; x_wconf 87' lang='lat' dir='ltr'><strong>intumescunt</strong></span> <span class='ocrx_word' id='word_1_342' title='bbox 696 2876 827 2949; x_wconf 80' lang='lat' dir='ltr'><strong>gurgites</strong></span> <span class='ocrx_word' id='word_1_343' title='bbox 840 2875 927 2948; x_wconf 83' lang='lat' dir='ltr'><strong>ejus?</strong></span> <span class='ocrx_word' id='word_1_344' title='bbox 998 2877 1070 2932; x_wconf 84' lang='lat' dir='ltr'><strong>Ecce</strong></span> <span class='ocrx_word' id='word_1_345' title='bbox 1084 2891 1138 2949; x_wconf 91' lang='lat' dir='ltr'><strong>ego</strong></span> <span class='ocrx_word' id='word_1_346' title='bbox 1153 2875 1277 2931; x_wconf 84' lang='lat' dir='ltr'><strong>visitabo</strong></span> <span class='ocrx_word' id='word_1_347' title='bbox 1292 2892 1381 2949; x_wconf 90' lang='lat' dir='ltr'><strong>super</strong></span> <span class='ocrx_word' id='word_1_348' title='bbox 1399 2878 1561 2937; x_wconf 88' lang='lat' dir='ltr'><strong>tumultum</strong></span> <span class='ocrx_word' id='word_1_349' title='bbox 1577 2878 1753 2946; x_wconf 78' lang='lat' dir='ltr'><strong>Alexandria,</strong></span> 
     </span>
     <span class='ocr_line' id='line_1_38' title="bbox 121 2947 1632 3026; baseline 0.001 -18"><span class='ocrx_word' id='word_1_350' title='bbox 121 2953 264 3024; x_wconf 76' lang='lat' dir='ltr'><strong>AEgyptos</strong></span> <span class='ocrx_word' id='word_1_351' title='bbox 279 2948 411 3006; x_wconf 92' lang='lat' dir='ltr'><strong>lluminis</strong></span> <span class='ocrx_word' id='word_1_352' title='bbox 427 2947 522 3003; x_wconf 89' lang='lat' dir='ltr'><strong>instar</strong></span> <span class='ocrx_word' id='word_1_353' title='bbox 535 2947 674 3003; x_wconf 89' lang='lat' dir='ltr'><strong>ascendet</strong></span> <span class='ocrx_word' id='word_1_354' title='bbox 1034 2953 1063 3004; x_wconf 91' lang='lat' dir='ltr'><strong>et</strong></span> <span class='ocrx_word' id='word_1_355' title='bbox 1077 2962 1165 3020; x_wconf 88' lang='lat' dir='ltr'><strong>super</strong></span> <span class='ocrx_word' id='word_1_356' title='bbox 1180 2947 1302 3016; x_wconf 87' lang='lat' dir='ltr'><strong>Pharao,</strong></span> <span class='ocrx_word' id='word_1_357' title='bbox 1317 2953 1346 3004; x_wconf 87' lang='lat' dir='ltr'><strong>el</strong></span> <span class='ocrx_word' id='word_1_358' title='bbox 1361 2965 1449 3022; x_wconf 91' lang='lat' dir='ltr'><strong>super</strong></span> <span class='ocrx_word' id='word_1_359' title='bbox 1462 2951 1632 3026; x_wconf 79' lang='lat' dir='ltr'><strong>AEgyptum,</strong></span> 
     </span>
     <span class='ocr_line' id='line_1_39' title="bbox 156 3017 1341 3125; baseline -0.003 -46"><span class='ocrx_word' id='word_1_360' title='bbox 156 3030 185 3079; x_wconf 90' lang='lat' dir='ltr'><strong>et</strong></span> <span class='ocrx_word' id='word_1_361' title='bbox 208 3020 287 3077; x_wconf 88' lang='lat' dir='ltr'><strong>velut</strong></span> <span class='ocrx_word' id='word_1_362' title='bbox 311 3020 434 3077; x_wconf 90' lang='lat' dir='ltr'><strong>llumina</strong></span> <span class='ocrx_word' id='word_1_363' title='bbox 461 3021 657 3074; x_wconf 90' lang='lat' dir='ltr'><strong>movebuntur</strong></span> <span class='ocrx_word' id='word_1_364' title='bbox 685 3017 792 3075; x_wconf 86' lang='lat' dir='ltr'><strong>lluctos</strong></span> <span class='ocrx_word' id='word_1_365' title='bbox 822 3019 898 3091; x_wconf 88' lang='lat' dir='ltr'><strong>ejus,</strong></span> <span class='ocrx_word' id='word_1_366' title='bbox 914 3023 980 3125; x_wconf 84' lang='lat' dir='ltr'><strong>otc</strong></span> <span class='ocrx_word' id='word_1_367' title='bbox 1034 3024 1063 3076; x_wconf 89' lang='lat' dir='ltr'><strong>et</strong></span> <span class='ocrx_word' id='word_1_368' title='bbox 1077 3019 1250 3090; x_wconf 87' lang='lat' dir='ltr'><strong>superdeus</strong></span> <span class='ocrx_word' id='word_1_369' title='bbox 1265 3019 1341 3091; x_wconf 84' lang='lat' dir='ltr'><strong>ejus,</strong></span> 
     </span>
     <span class='ocr_line' id='line_1_40' title="bbox 192 3092 1353 3162; baseline -0.002 -13"><span class='ocrx_word' id='word_1_370' title='bbox 192 3094 271 3149; x_wconf 90' lang='lat' dir='ltr'><strong>dicet</strong></span> <span class='ocrx_word' id='word_1_371' title='bbox 286 3109 293 3149; x_wconf 92' lang='lat'><strong>:</strong></span> <span class='ocrx_word' id='word_1_372' title='bbox 1034 3097 1063 3148; x_wconf 85' lang='lat' dir='ltr'><strong>et</strong></span> <span class='ocrx_word' id='word_1_373' title='bbox 1077 3105 1166 3161; x_wconf 90' lang='lat' dir='ltr'><strong>super</strong></span> <span class='ocrx_word' id='word_1_374' title='bbox 1179 3105 1263 3161; x_wconf 83' lang='lat' dir='ltr'><strong>reges</strong></span> <span class='ocrx_word' id='word_1_375' title='bbox 1277 3092 1353 3162; x_wconf 88' lang='lat' dir='ltr'><strong>ejus,</strong></span> 
     </span>
     <span class='ocr_line' id='line_1_41' title="bbox 121 3162 1790 3239; baseline -0.002 -18"><span class='ocrx_word' id='word_1_376' title='bbox 121 3166 291 3221; x_wconf 72' lang='lat' dir='ltr'><strong>ascendens</strong></span> <span class='ocrx_word' id='word_1_377' title='bbox 304 3162 434 3236; x_wconf 90' lang='lat' dir='ltr'><strong>operiam</strong></span> <span class='ocrx_word' id='word_1_378' title='bbox 450 3166 557 3217; x_wconf 88' lang='lat' dir='ltr'><strong>terram</strong></span> <span class='ocrx_word' id='word_1_379' title='bbox 574 3178 582 3217; x_wconf 77' lang='grc' dir='ltr'><strong>ι</strong></span> <span class='ocrx_word' id='word_1_380' title='bbox 1034 3168 1062 3219; x_wconf 89' lang='lat' dir='ltr'><strong>et</strong></span> <span class='ocrx_word' id='word_1_381' title='bbox 1074 3179 1163 3233; x_wconf 89' lang='lat' dir='ltr'><strong>super</strong></span> <span class='ocrx_word' id='word_1_382' title='bbox 1177 3162 1299 3229; x_wconf 86' lang='lat' dir='ltr'><strong>Pharao,</strong></span> <span class='ocrx_word' id='word_1_383' title='bbox 1309 3171 1337 3218; x_wconf 85' lang='lat' dir='ltr'><strong>et</strong></span> <span class='ocrx_word' id='word_1_384' title='bbox 1348 3179 1494 3233; x_wconf 85' lang='lat' dir='ltr'><strong>superous</strong></span> <span class='ocrx_word' id='word_1_385' title='bbox 1505 3166 1557 3239; x_wconf 87' lang='lat' dir='ltr'><strong>qui</strong></span> <span class='ocrx_word' id='word_1_386' title='bbox 1568 3168 1718 3226; x_wconf 81' lang='lat' dir='ltr'><strong>confidant</strong></span> <span class='ocrx_word' id='word_1_387' title='bbox 1728 3164 1790 3220; x_wconf 87' lang='lat' dir='ltr'><strong>inec.</strong></span> 
     </span>
     <span class='ocr_line' id='line_1_42' title="bbox 157 3232 1790 3317; baseline 0.003 -24"><span class='ocrx_word' id='word_1_388' title='bbox 157 3237 278 3308; x_wconf 87' lang='lat' dir='ltr'><strong>perdam</strong></span> <span class='ocrx_word' id='word_1_389' title='bbox 293 3235 453 3303; x_wconf 91' lang='lat' dir='ltr'><strong>civitatem,</strong></span> <span class='ocrx_word' id='word_1_390' title='bbox 468 3238 497 3288; x_wconf 92' lang='lat' dir='ltr'><strong>et</strong></span> <span class='ocrx_word' id='word_1_391' title='bbox 510 3232 690 3290; x_wconf 86' lang='lat' dir='ltr'><strong>habitatores</strong></span> <span class='ocrx_word' id='word_1_392' title='bbox 706 3232 782 3317; x_wconf 78' lang='lat' dir='ltr'><strong>ejus.</strong></span> <span class='ocrx_word' id='word_1_393' title='bbox 998 3235 1033 3290; x_wconf 82' lang='lat' dir='ltr'><strong>Et</strong></span> <span class='ocrx_word' id='word_1_394' title='bbox 1047 3235 1123 3290; x_wconf 90' lang='lat' dir='ltr'><strong>dubo</strong></span> <span class='ocrx_word' id='word_1_395' title='bbox 1139 3249 1188 3289; x_wconf 89' lang='lat' dir='ltr'><strong>eos</strong></span> <span class='ocrx_word' id='word_1_396' title='bbox 1204 3233 1235 3288; x_wconf 87' lang='lat' dir='ltr'><strong>in</strong></span> <span class='ocrx_word' id='word_1_397' title='bbox 1251 3250 1338 3289; x_wconf 91' lang='lat' dir='ltr'><strong>manu</strong></span> <span class='ocrx_word' id='word_1_398' title='bbox 1351 3237 1546 3307; x_wconf 83' lang='lat' dir='ltr'><strong>quarentium</strong></span> <span class='ocrx_word' id='word_1_399' title='bbox 1562 3242 1693 3297; x_wconf 89' lang='lat' dir='ltr'><strong>animam</strong></span> <span class='ocrx_word' id='word_1_400' title='bbox 1706 3248 1790 3297; x_wconf 84' lang='lat' dir='ltr'><strong>eorum</strong></span> 
     </span>
     <span class='ocr_line' id='line_1_43' title="bbox 120 3303 1764 3385; baseline 0.001 -22"><span class='ocrx_word' id='word_1_401' title='bbox 120 3309 275 3365; x_wconf 83' lang='lat' dir='ltr'><strong>Ascendite</strong></span> <span class='ocrx_word' id='word_1_402' title='bbox 289 3322 390 3379; x_wconf 90' lang='lat' dir='ltr'><strong>equos,</strong></span> <span class='ocrx_word' id='word_1_403' title='bbox 407 3309 436 3361; x_wconf 89' lang='lat' dir='ltr'><strong>et</strong></span> <span class='ocrx_word' id='word_1_404' title='bbox 450 3303 593 3361; x_wconf 82' lang='lat' dir='ltr'><strong>exsultate</strong></span> <span class='ocrx_word' id='word_1_405' title='bbox 607 3305 637 3360; x_wconf 93' lang='lat' dir='ltr'><strong>iu</strong></span> <span class='ocrx_word' id='word_1_406' title='bbox 653 3307 800 3374; x_wconf 83' lang='lat' dir='ltr'><strong>curribus,</strong></span> <span class='ocrx_word' id='word_1_407' title='bbox 1034 3312 1062 3363; x_wconf 90' lang='lat' dir='ltr'><strong>et</strong></span> <span class='ocrx_word' id='word_1_408' title='bbox 1077 3306 1107 3361; x_wconf 91' lang='lat' dir='ltr'><strong>in</strong></span> <span class='ocrx_word' id='word_1_409' title='bbox 1127 3321 1218 3361; x_wconf 87' lang='lat' dir='ltr'><strong>manu</strong></span> <span class='ocrx_word' id='word_1_410' title='bbox 1234 3304 1503 3366; x_wconf 88' lang='lat' dir='ltr'><strong>Nabuchodonosor</strong></span> <span class='ocrx_word' id='word_1_411' title='bbox 1517 3312 1596 3384; x_wconf 89' lang='lat' dir='ltr'><strong>ragis</strong></span> <span class='ocrx_word' id='word_1_412' title='bbox 1610 3309 1764 3385; x_wconf 81' lang='lat' dir='ltr'><strong>Babylonis,</strong></span> 
     </span>
     <span class='ocr_line' id='line_1_44' title="bbox 156 3375 1483 3453; baseline 0 -17"><span class='ocrx_word' id='word_1_413' title='bbox 156 3385 185 3437; x_wconf 91' lang='lat' dir='ltr'><strong>et</strong></span> <span class='ocrx_word' id='word_1_414' title='bbox 200 3380 357 3453; x_wconf 86' lang='lat' dir='ltr'><strong>procedant</strong></span> <span class='ocrx_word' id='word_1_415' title='bbox 370 3378 468 3441; x_wconf 79' lang='lat' dir='ltr'><strong>sortes,</strong></span> <span class='ocrx_word' id='word_1_416' title='bbox 1033 3383 1062 3433; x_wconf 87' lang='lat' dir='ltr'><strong>ct</strong></span> <span class='ocrx_word' id='word_1_417' title='bbox 1077 3375 1106 3432; x_wconf 91' lang='lat' dir='ltr'><strong>in</strong></span> <span class='ocrx_word' id='word_1_418' title='bbox 1123 3391 1212 3432; x_wconf 91' lang='lat' dir='ltr'><strong>mauu</strong></span> <span class='ocrx_word' id='word_1_419' title='bbox 1229 3393 1379 3435; x_wconf 88' lang='lat' dir='ltr'><strong>servorum</strong></span> <span class='ocrx_word' id='word_1_420' title='bbox 1394 3380 1459 3449; x_wconf 79' lang='lat' dir='ltr'><strong>eJus</strong></span> <span class='ocrx_word' id='word_1_421' title='bbox 1475 3397 1483 3437; x_wconf 94' lang='lat'><strong>:</strong></span> 
     </span>
     <span class='ocr_line' id='line_1_45' title="bbox 119 3447 1792 3529; baseline -0.001 -23"><span class='ocrx_word' id='word_1_422' title='bbox 119 3450 267 3523; x_wconf 81' lang='lat' dir='ltr'><strong>AEthiopia</strong></span> <span class='ocrx_word' id='word_1_423' title='bbox 278 3453 308 3507; x_wconf 90' lang='lat' dir='ltr'><strong>et</strong></span> <span class='ocrx_word' id='word_1_424' title='bbox 322 3448 427 3521; x_wconf 79' lang='lat' dir='ltr'><strong>Lybiae</strong></span> <span class='ocrx_word' id='word_1_425' title='bbox 441 3449 575 3504; x_wconf 86' lang='lat' dir='ltr'><strong>tenentes</strong></span> <span class='ocrx_word' id='word_1_426' title='bbox 589 3449 717 3515; x_wconf 89' lang='lat' dir='ltr'><strong>sculum,</strong></span> <span class='ocrx_word' id='word_1_427' title='bbox 998 3449 1032 3504; x_wconf 78' lang='lat' dir='ltr'><strong>lit</strong></span> <span class='ocrx_word' id='word_1_428' title='bbox 1043 3454 1109 3522; x_wconf 91' lang='lat' dir='ltr'><strong>post</strong></span> <span class='ocrx_word' id='word_1_429' title='bbox 1124 3447 1185 3504; x_wconf 85' lang='lat' dir='ltr'><strong>hac</strong></span> <span class='ocrx_word' id='word_1_430' title='bbox 1200 3448 1381 3506; x_wconf 90' lang='lat' dir='ltr'><strong>habitabitur</strong></span> <span class='ocrx_word' id='word_1_431' title='bbox 1401 3450 1477 3508; x_wconf 91' lang='lat' dir='ltr'><strong>sicut</strong></span> <span class='ocrx_word' id='word_1_432' title='bbox 1498 3453 1604 3511; x_wconf 92' lang='lat' dir='ltr'><strong>diebus</strong></span> <span class='ocrx_word' id='word_1_433' title='bbox 1620 3452 1756 3529; x_wconf 86' lang='lat' dir='ltr'><strong>pristinis,</strong></span> <span class='ocrx_word' id='word_1_434' title='bbox 1766 3447 1792 3505; x_wconf 87' lang='lat' dir='ltr'><strong>all</strong></span> 
     </span>
     <span class='ocr_line' id='line_1_46' title="bbox 154 3517 1221 3595; baseline -0.005 -16"><span class='ocrx_word' id='word_1_435' title='bbox 154 3528 183 3578; x_wconf 88' lang='lat' dir='ltr'><strong>et</strong></span> <span class='ocrx_word' id='word_1_436' title='bbox 197 3522 279 3595; x_wconf 79' lang='lat' dir='ltr'><strong>Lydii</strong></span> <span class='ocrx_word' id='word_1_437' title='bbox 294 3519 468 3592; x_wconf 89' lang='lat' dir='ltr'><strong>arripientes</strong></span> <span class='ocrx_word' id='word_1_438' title='bbox 483 3520 512 3573; x_wconf 89' lang='lat' dir='ltr'><strong>el</strong></span> <span class='ocrx_word' id='word_1_439' title='bbox 522 3517 667 3588; x_wconf 85' lang='lat' dir='ltr'><strong>jncientes</strong></span> <span class='ocrx_word' id='word_1_440' title='bbox 681 3519 817 3593; x_wconf 83' lang='lat' dir='ltr'><strong>sagittas.</strong></span> <span class='ocrx_word' id='word_1_441' title='bbox 1068 3519 1221 3576; x_wconf 87' lang='lat' dir='ltr'><strong>Dominus.</strong></span> 
     </span>
    </p>

    <p class='ocr_par' dir='ltr' id='par_1_3' title="bbox 119 3589 1792 3886">
     <span class='ocr_line' id='line_1_47' title="bbox 119 3589 1792 3677; baseline 0.002 -28"><span class='ocrx_word' id='word_1_442' title='bbox 119 3594 187 3650; x_wconf 90' lang='lat' dir='ltr'><strong>Dies</strong></span> <span class='ocrx_word' id='word_1_443' title='bbox 202 3599 302 3677; x_wconf 75' lang='lat' dir='ltr'><strong>autem</strong></span> <span class='ocrx_word' id='word_1_444' title='bbox 316 3591 367 3648; x_wconf 90' lang='lat' dir='ltr'><strong>ille</strong></span> <span class='ocrx_word' id='word_1_445' title='bbox 381 3589 493 3648; x_wconf 86' lang='lat' dir='ltr'><strong>Domini</strong></span> <span class='ocrx_word' id='word_1_446' title='bbox 508 3589 559 3645; x_wconf 92' lang='lat' dir='ltr'><strong>Dei</strong></span> <span class='ocrx_word' id='word_1_447' title='bbox 575 3590 768 3663; x_wconf 82' lang='lat' dir='ltr'><strong>exercituum,</strong></span> <span class='ocrx_word' id='word_1_448' title='bbox 779 3591 843 3648; x_wconf 92' lang='lat' dir='ltr'><strong>diss</strong></span> <span class='ocrx_word' id='word_1_449' title='bbox 858 3589 945 3647; x_wconf 92' lang='lat' dir='ltr'><strong>ultio·</strong></span> <span class='ocrx_word' id='word_1_450' title='bbox 997 3591 1031 3647; x_wconf 81' lang='lat' dir='ltr'><strong>Et</strong></span> <span class='ocrx_word' id='word_1_451' title='bbox 1045 3594 1076 3647; x_wconf 88' lang='lat' dir='ltr'><strong>tu</strong></span> <span class='ocrx_word' id='word_1_452' title='bbox 1093 3607 1129 3647; x_wconf 91' lang='lat' dir='ltr'><strong>ne</strong></span> <span class='ocrx_word' id='word_1_453' title='bbox 1144 3591 1258 3660; x_wconf 88' lang='lat' dir='ltr'><strong>timens,</strong></span> <span class='ocrx_word' id='word_1_454' title='bbox 1273 3608 1355 3650; x_wconf 91' lang='lat' dir='ltr'><strong>serve</strong></span> <span class='ocrx_word' id='word_1_455' title='bbox 1380 3610 1463 3651; x_wconf 86' lang='lat' dir='ltr'><strong>mens</strong></span> <span class='ocrx_word' id='word_1_456' title='bbox 1484 3596 1586 3668; x_wconf 81' lang='lat' dir='ltr'><strong>iacob,</strong></span> <span class='ocrx_word' id='word_1_457' title='bbox 1600 3602 1633 3655; x_wconf 88' lang='lat' dir='ltr'><strong>at</strong></span> <span class='ocrx_word' id='word_1_458' title='bbox 1648 3614 1684 3656; x_wconf 90' lang='lat' dir='ltr'><strong>na</strong></span> <span class='ocrx_word' id='word_1_459' title='bbox 1704 3605 1792 3671; x_wconf 69' lang='lat' dir='ltr'><strong>parcos</strong></span> 
     </span>
     <span class='ocr_line' id='line_1_48' title="bbox 156 3661 1772 3818; baseline 0.004 -25"><span class='ocrx_word' id='word_1_460' title='bbox 156 3682 304 3793; x_wconf 57' lang='lat' dir='ltr'><strong>utnslhlnot</strong></span> <span class='ocrx_word' id='word_1_461' title='bbox 317 3733 477 3818; x_wconf 78' lang='lat' dir='ltr'><strong>vindictam</strong></span> <span class='ocrx_word' id='word_1_462' title='bbox 493 3731 529 3786; x_wconf 91' lang='lat' dir='ltr'><strong>de</strong></span> <span class='ocrx_word' id='word_1_463' title='bbox 543 3730 673 3815; x_wconf 83' lang='lat' dir='ltr'><strong>inimicis</strong></span> <span class='ocrx_word' id='word_1_464' title='bbox 690 3733 764 3790; x_wconf 89' lang='lat' dir='ltr'><strong>suis.</strong></span> <span class='ocrx_word' id='word_1_465' title='bbox 1032 3661 1181 3806; x_wconf 54' lang='lat' dir='ltr'><strong>quliaarggloe</strong></span> <span class='ocrx_word' id='word_1_466' title='bbox 1195 3750 1248 3806; x_wconf 88' lang='lat' dir='ltr'><strong>ego</strong></span> <span class='ocrx_word' id='word_1_467' title='bbox 1261 3734 1375 3793; x_wconf 91' lang='lat' dir='ltr'><strong>salvum</strong></span> <span class='ocrx_word' id='word_1_468' title='bbox 1391 3739 1421 3794; x_wconf 88' lang='lat' dir='ltr'><strong>te</strong></span> <span class='ocrx_word' id='word_1_469' title='bbox 1435 3736 1542 3796; x_wconf 82' lang='lat' dir='ltr'><strong>leolam</strong></span> <span class='ocrx_word' id='word_1_470' title='bbox 1557 3741 1593 3797; x_wconf 92' lang='lat' dir='ltr'><strong>ds</strong></span> <span class='ocrx_word' id='word_1_471' title='bbox 1609 3741 1772 3815; x_wconf 78' lang='lat' dir='ltr'><strong>longinquo.</strong></span> 
     </span>
     <span class='ocr_line' id='line_1_49' title="bbox 119 3804 1792 3886; baseline 0.001 -22"><span class='ocrx_word' id='word_1_472' title='bbox 119 3808 275 3866; x_wconf 84' lang='lat' dir='ltr'><strong>Devorabit</strong></span> <span class='ocrx_word' id='word_1_473' title='bbox 288 3806 415 3881; x_wconf 80' lang='lat' dir='ltr'><strong>gladius,</strong></span> <span class='ocrx_word' id='word_1_474' title='bbox 430 3810 458 3862; x_wconf 90' lang='lat' dir='ltr'><strong>et</strong></span> <span class='ocrx_word' id='word_1_475' title='bbox 473 3804 665 3871; x_wconf 80' lang='lat' dir='ltr'><strong>saturabitur,</strong></span> <span class='ocrx_word' id='word_1_476' title='bbox 1032 3811 1061 3861; x_wconf 91' lang='lat' dir='ltr'><strong>et</strong></span> <span class='ocrx_word' id='word_1_477' title='bbox 1071 3821 1171 3862; x_wconf 88' lang='lat' dir='ltr'><strong>semen</strong></span> <span class='ocrx_word' id='word_1_478' title='bbox 1182 3810 1266 3861; x_wconf 90' lang='lat' dir='ltr'><strong>tuum</strong></span> <span class='ocrx_word' id='word_1_479' title='bbox 1278 3808 1314 3862; x_wconf 86' lang='lat' dir='ltr'><strong>de</strong></span> <span class='ocrx_word' id='word_1_480' title='bbox 1325 3810 1402 3865; x_wconf 86' lang='lat' dir='ltr'><strong>terra</strong></span> <span class='ocrx_word' id='word_1_481' title='bbox 1412 3810 1591 3883; x_wconf 88' lang='lat' dir='ltr'><strong>captivitatis</strong></span> <span class='ocrx_word' id='word_1_482' title='bbox 1604 3830 1666 3871; x_wconf 75' lang='lat' dir='ltr'><strong>sua</strong></span> <span class='ocrx_word' id='word_1_483' title='bbox 1677 3806 1792 3886; x_wconf 73' lang='lat' dir='ltr'><strong>littori:</strong></span> 
     </span>
    </p>

    <p class='ocr_par' dir='ltr' id='par_1_4' title="bbox 111 3876 1794 4810">
     <span class='ocr_line' id='line_1_50' title="bbox 154 3876 1792 3959; baseline -0.001 -23"><span class='ocrx_word' id='word_1_484' title='bbox 154 3884 183 3936; x_wconf 91' lang='lat' dir='ltr'><strong>et</strong></span> <span class='ocrx_word' id='word_1_485' title='bbox 197 3878 393 3937; x_wconf 88' lang='lat' dir='ltr'><strong>inebriabitur</strong></span> <span class='ocrx_word' id='word_1_486' title='bbox 407 3876 551 3949; x_wconf 90' lang='lat' dir='ltr'><strong>sanguine</strong></span> <span class='ocrx_word' id='word_1_487' title='bbox 566 3891 668 3932; x_wconf 88' lang='lat' dir='ltr'><strong>eorum</strong></span> <span class='ocrx_word' id='word_1_488' title='bbox 685 3892 692 3931; x_wconf 91' lang='lat'><strong>:</strong></span> <span class='ocrx_word' id='word_1_489' title='bbox 770 3920 774 3926; x_wconf 73' lang='grc'><strong><em>,</em></strong></span> <span class='ocrx_word' id='word_1_490' title='bbox 996 3881 1031 3933; x_wconf 81' lang='lat' dir='ltr'><strong>ut</strong></span> <span class='ocrx_word' id='word_1_491' title='bbox 1040 3882 1200 3934; x_wconf 89' lang='lat' dir='ltr'><strong>revertetur</strong></span> <span class='ocrx_word' id='word_1_492' title='bbox 1209 3880 1310 3948; x_wconf 79' lang='lat' dir='ltr'><strong>iacob,</strong></span> <span class='ocrx_word' id='word_1_493' title='bbox 1321 3882 1350 3935; x_wconf 88' lang='lat' dir='ltr'><strong>et</strong></span> <span class='ocrx_word' id='word_1_494' title='bbox 1360 3881 1533 3952; x_wconf 86' lang='lat' dir='ltr'><strong>requiescet,</strong></span> <span class='ocrx_word' id='word_1_495' title='bbox 1541 3888 1572 3939; x_wconf 90' lang='lat' dir='ltr'><strong>et</strong></span> <span class='ocrx_word' id='word_1_496' title='bbox 1581 3884 1792 3959; x_wconf 70' lang='lat' dir='ltr'><strong>prosperabitur</strong></span> 
     </span>
     <span class='ocr_line' id='line_1_51' title="bbox 117 3945 1523 4022; baseline 0.004 -18"><span class='ocrx_word' id='word_1_497' title='bbox 117 3951 245 4008; x_wconf 88' lang='lat' dir='ltr'><strong>Victima</strong></span> <span class='ocrx_word' id='word_1_498' title='bbox 265 3951 344 4008; x_wconf 90' lang='lat' dir='ltr'><strong>enim</strong></span> <span class='ocrx_word' id='word_1_499' title='bbox 369 3949 485 4006; x_wconf 89' lang='lat' dir='ltr'><strong>Domini</strong></span> <span class='ocrx_word' id='word_1_500' title='bbox 501 3947 555 4019; x_wconf 77' lang='lat' dir='ltr'><strong>(At.</strong></span> <span class='ocrx_word' id='word_1_501' title='bbox 570 3945 633 4004; x_wconf 80' lang='lat' dir='ltr'><strong>add.</strong></span> <span class='ocrx_word' id='word_1_502' title='bbox 650 3946 895 4020; x_wconf 75' lang='lat' dir='ltr'><strong>Deilexercitnum</strong></span> <span class='ocrx_word' id='word_1_503' title='bbox 910 3947 940 4003; x_wconf 90' lang='lat' dir='ltr'><strong>in</strong></span> <span class='ocrx_word' id='word_1_504' title='bbox 1032 3953 1061 4005; x_wconf 91' lang='lat' dir='ltr'><strong>et</strong></span> <span class='ocrx_word' id='word_1_505' title='bbox 1076 3965 1133 4005; x_wconf 92' lang='lat' dir='ltr'><strong>uon</strong></span> <span class='ocrx_word' id='word_1_506' title='bbox 1149 3949 1205 4005; x_wconf 89' lang='lat' dir='ltr'><strong>erit</strong></span> <span class='ocrx_word' id='word_1_507' title='bbox 1220 3949 1271 4022; x_wconf 89' lang='lat' dir='ltr'><strong>qui</strong></span> <span class='ocrx_word' id='word_1_508' title='bbox 1286 3954 1430 4007; x_wconf 82' lang='lat' dir='ltr'><strong>exterreat</strong></span> <span class='ocrx_word' id='word_1_509' title='bbox 1444 3970 1523 4009; x_wconf 90' lang='lat' dir='ltr'><strong>eom.</strong></span> 
     </span>
     <span class='ocr_line' id='line_1_52' title="bbox 188 4018 1792 4096; baseline 0.002 -18"><span class='ocrx_word' id='word_1_510' title='bbox 188 4029 267 4080; x_wconf 89' lang='lat' dir='ltr'><strong>terra</strong></span> <span class='ocrx_word' id='word_1_511' title='bbox 282 4040 298 4078; x_wconf 89' lang='lat' dir='ltr'><strong>a</strong></span> <span class='ocrx_word' id='word_1_512' title='bbox 321 4022 429 4077; x_wconf 89' lang='lat' dir='ltr'><strong>nilonis</strong></span> <span class='ocrx_word' id='word_1_513' title='bbox 441 4022 527 4092; x_wconf 76' lang='lat' dir='ltr'><strong>juxta</strong></span> <span class='ocrx_word' id='word_1_514' title='bbox 541 4023 650 4077; x_wconf 86' lang='lat' dir='ltr'><strong>ttumen</strong></span> <span class='ocrx_word' id='word_1_515' title='bbox 665 4018 845 4092; x_wconf 77' lang='lat' dir='ltr'><strong>Euphraten.</strong></span> <span class='ocrx_word' id='word_1_516' title='bbox 996 4021 1032 4077; x_wconf 78' lang='lat' dir='ltr'><strong>st</strong></span> <span class='ocrx_word' id='word_1_517' title='bbox 1046 4025 1077 4077; x_wconf 91' lang='lat' dir='ltr'><strong>tu</strong></span> <span class='ocrx_word' id='word_1_518' title='bbox 1094 4019 1153 4078; x_wconf 92' lang='lat' dir='ltr'><strong>noli</strong></span> <span class='ocrx_word' id='word_1_519' title='bbox 1168 4020 1282 4089; x_wconf 87' lang='lat' dir='ltr'><strong>timere,</strong></span> <span class='ocrx_word' id='word_1_520' title='bbox 1298 4037 1380 4079; x_wconf 89' lang='lat' dir='ltr'><strong>serve</strong></span> <span class='ocrx_word' id='word_1_521' title='bbox 1393 4039 1477 4082; x_wconf 90' lang='lat' dir='ltr'><strong>meus</strong></span> <span class='ocrx_word' id='word_1_522' title='bbox 1487 4025 1589 4096; x_wconf 82' lang='lat' dir='ltr'><strong>Jacob,</strong></span> <span class='ocrx_word' id='word_1_523' title='bbox 1601 4028 1644 4084; x_wconf 89' lang='lat' dir='ltr'><strong>ait</strong></span> <span class='ocrx_word' id='word_1_524' title='bbox 1658 4027 1792 4087; x_wconf 80' lang='lat' dir='ltr'><strong>nomivu:</strong></span> 
     </span>
     <span class='ocr_line' id='line_1_53' title="bbox 115 4093 1794 4175; baseline 0 -24"><span class='ocrx_word' id='word_1_525' title='bbox 115 4096 248 4152; x_wconf 84' lang='lat' dir='ltr'><strong>Ascende</strong></span> <span class='ocrx_word' id='word_1_526' title='bbox 262 4094 292 4151; x_wconf 94' lang='lat' dir='ltr'><strong>in</strong></span> <span class='ocrx_word' id='word_1_527' title='bbox 333 4093 428 4161; x_wconf 86' lang='lat' dir='ltr'><strong>elaad,</strong></span> <span class='ocrx_word' id='word_1_528' title='bbox 1032 4107 1102 4163; x_wconf 87' lang='lat' dir='ltr'><strong>qura</strong></span> <span class='ocrx_word' id='word_1_529' title='bbox 1114 4094 1212 4149; x_wconf 89' lang='lat' dir='ltr'><strong>tecum</strong></span> <span class='ocrx_word' id='word_1_530' title='bbox 1223 4108 1363 4165; x_wconf 85' lang='lat' dir='ltr'><strong>egosum,</strong></span> <span class='ocrx_word' id='word_1_531' title='bbox 1373 4094 1627 4167; x_wconf 80' lang='lat' dir='ltr'><strong>quinconsumam</strong></span> <span class='ocrx_word' id='word_1_532' title='bbox 1638 4116 1692 4175; x_wconf 86' lang='lat' dir='ltr'><strong>ego</strong></span> <span class='ocrx_word' id='word_1_533' title='bbox 1702 4098 1794 4157; x_wconf 82' lang='lat' dir='ltr'><strong>cunrbt</strong></span> 
     </span>
     <span class='ocr_line' id='line_1_54' title="bbox 153 4161 1426 4237; baseline 0 -15"><span class='ocrx_word' id='word_1_534' title='bbox 153 4169 182 4222; x_wconf 87' lang='lat' dir='ltr'><strong>et</strong></span> <span class='ocrx_word' id='word_1_535' title='bbox 196 4165 265 4223; x_wconf 92' lang='lat' dir='ltr'><strong>tolle</strong></span> <span class='ocrx_word' id='word_1_536' title='bbox 279 4166 420 4234; x_wconf 85' lang='lat' dir='ltr'><strong>resinam,</strong></span> <span class='ocrx_word' id='word_1_537' title='bbox 434 4163 516 4235; x_wconf 88' lang='lat' dir='ltr'><strong>virgo</strong></span> <span class='ocrx_word' id='word_1_538' title='bbox 531 4161 592 4217; x_wconf 85' lang='lat' dir='ltr'><strong>illia</strong></span> <span class='ocrx_word' id='word_1_539' title='bbox 606 4161 720 4235; x_wconf 79' lang='lat' dir='ltr'><strong>AEgypti</strong></span> <span class='ocrx_word' id='word_1_540' title='bbox 736 4178 744 4219; x_wconf 74' lang='grc' dir='ltr'><strong>ε</strong></span> <span class='ocrx_word' id='word_1_541' title='bbox 1030 4168 1143 4237; x_wconf 86' lang='lat' dir='ltr'><strong>gentes,</strong></span> <span class='ocrx_word' id='word_1_542' title='bbox 1159 4164 1285 4236; x_wconf 80' lang='lat' dir='ltr'><strong>adquae</strong></span> <span class='ocrx_word' id='word_1_543' title='bbox 1299 4164 1371 4237; x_wconf 88' lang='lat' dir='ltr'><strong>ejeci</strong></span> <span class='ocrx_word' id='word_1_544' title='bbox 1387 4171 1426 4223; x_wconf 91' lang='lat' dir='ltr'><strong>ts.</strong></span> 
     </span>
     <span class='ocr_line' id='line_1_55' title="bbox 117 4233 1793 4317; baseline 0.005 -25"><span class='ocrx_word' id='word_1_545' title='bbox 117 4237 238 4294; x_wconf 79' lang='lat' dir='ltr'><strong>Frustra</strong></span> <span class='ocrx_word' id='word_1_546' title='bbox 253 4233 660 4317; x_wconf 73' lang='lat' dir='ltr'><strong>multiplicasmedicamiue,</strong></span> <span class='ocrx_word' id='word_1_547' title='bbox 994 4239 1032 4291; x_wconf 84' lang='lat' dir='ltr'><strong>Te</strong></span> <span class='ocrx_word' id='word_1_548' title='bbox 1046 4251 1114 4290; x_wconf 88' lang='lat' dir='ltr'><strong>varo</strong></span> <span class='ocrx_word' id='word_1_549' title='bbox 1126 4251 1184 4291; x_wconf 90' lang='lat' dir='ltr'><strong>non</strong></span> <span class='ocrx_word' id='word_1_550' title='bbox 1195 4251 1376 4306; x_wconf 91' lang='lat' dir='ltr'><strong>consumam,</strong></span> <span class='ocrx_word' id='word_1_551' title='bbox 1387 4239 1437 4295; x_wconf 93' lang='lat' dir='ltr'><strong>sed</strong></span> <span class='ocrx_word' id='word_1_552' title='bbox 1449 4240 1523 4297; x_wconf 91' lang='lat' dir='ltr'><strong>casti</strong></span> <span class='ocrx_word' id='word_1_553' title='bbox 1546 4241 1602 4300; x_wconf 92' lang='lat' dir='ltr'><strong>abo</strong></span> <span class='ocrx_word' id='word_1_554' title='bbox 1615 4245 1644 4300; x_wconf 91' lang='lat' dir='ltr'><strong>te</strong></span> <span class='ocrx_word' id='word_1_555' title='bbox 1655 4243 1686 4301; x_wconf 92' lang='lat' dir='ltr'><strong>in</strong></span> <span class='ocrx_word' id='word_1_556' title='bbox 1697 4237 1793 4316; x_wconf 72' lang='lat' dir='ltr'><strong>jndicio,</strong></span> 
     </span>
     <span class='ocr_line' id='line_1_56' title="bbox 152 4256 1565 4381; baseline 0.004 -17"><span class='ocrx_word' id='word_1_557' title='bbox 152 4310 264 4366; x_wconf 90' lang='lat' dir='ltr'><strong>sanitas</strong></span> <span class='ocrx_word' id='word_1_558' title='bbox 279 4325 337 4366; x_wconf 92' lang='lat' dir='ltr'><strong>non</strong></span> <span class='ocrx_word' id='word_1_559' title='bbox 353 4309 409 4365; x_wconf 89' lang='lat' dir='ltr'><strong>erit</strong></span> <span class='ocrx_word' id='word_1_560' title='bbox 422 4306 487 4362; x_wconf 88' lang='lat' dir='ltr'><strong>trbr.</strong></span> <span class='ocrx_word' id='word_1_561' title='bbox 1031 4322 1084 4363; x_wconf 89' lang='lat' dir='ltr'><strong>nec</strong></span> <span class='ocrx_word' id='word_1_562' title='bbox 1101 4307 1184 4378; x_wconf 85' lang='lat' dir='ltr'><strong>quasi</strong></span> <span class='ocrx_word' id='word_1_563' title='bbox 1201 4307 1349 4365; x_wconf 89' lang='lat' dir='ltr'><strong>innocenti</strong></span> <span class='ocrx_word' id='word_1_564' title='bbox 1365 4326 1485 4381; x_wconf 89' lang='lat' dir='ltr'><strong>parcam</strong></span> <span class='ocrx_word' id='word_1_565' title='bbox 1499 4256 1565 4371; x_wconf 56' lang='lat' dir='ltr'><strong>ciffi.</strong></span> 
     </span>
     <span class='ocr_line' id='line_1_57' title="bbox 113 4373 1794 4454; baseline 0.005 -22"><span class='ocrx_word' id='word_1_566' title='bbox 113 4381 279 4437; x_wconf 71' lang='lat' dir='ltr'><strong>andierunt</strong></span> <span class='ocrx_word' id='word_1_567' title='bbox 290 4384 394 4454; x_wconf 83' lang='lat' dir='ltr'><strong>gentas</strong></span> <span class='ocrx_word' id='word_1_568' title='bbox 408 4374 600 4450; x_wconf 89' lang='lat' dir='ltr'><strong>ignominiam</strong></span> <span class='ocrx_word' id='word_1_569' title='bbox 613 4376 707 4445; x_wconf 90' lang='lat' dir='ltr'><strong>tuam,</strong></span> <span class='ocrx_word' id='word_1_570' title='bbox 995 4376 1076 4452; x_wconf 84' lang='lat' dir='ltr'><strong>(Cap.</strong></span> <span class='ocrx_word' id='word_1_571' title='bbox 1092 4378 1216 4448; x_wconf 83' lang='lat' dir='ltr'><strong>llLVll.)</strong></span> <span class='ocrx_word' id='word_1_572' title='bbox 1231 4379 1312 4444; x_wconf 80' lang='lat' dir='ltr'><strong>Quod</strong></span> <span class='ocrx_word' id='word_1_573' title='bbox 1328 4379 1441 4439; x_wconf 87' lang='lat' dir='ltr'><strong>iactum</strong></span> <span class='ocrx_word' id='word_1_574' title='bbox 1457 4385 1640 4443; x_wconf 87' lang='lat' dir='ltr'><strong>estverbum</strong></span> <span class='ocrx_word' id='word_1_575' title='bbox 1650 4373 1794 4445; x_wconf 73' lang='lat' dir='ltr'><strong>Dominitl</strong></span> 
     </span>
     <span class='ocr_line' id='line_1_58' title="bbox 150 4433 1715 4524; baseline 0.006 -16"><span class='ocrx_word' id='word_1_576' title='bbox 150 4458 179 4508; x_wconf 91' lang='lat' dir='ltr'><strong>et</strong></span> <span class='ocrx_word' id='word_1_577' title='bbox 195 4452 327 4509; x_wconf 91' lang='lat' dir='ltr'><strong>ululatus</strong></span> <span class='ocrx_word' id='word_1_578' title='bbox 341 4455 411 4506; x_wconf 91' lang='lat' dir='ltr'><strong>tous</strong></span> <span class='ocrx_word' id='word_1_579' title='bbox 427 4446 549 4521; x_wconf 85' lang='lat' dir='ltr'><strong>replevit</strong></span> <span class='ocrx_word' id='word_1_580' title='bbox 561 4448 671 4503; x_wconf 90' lang='lat' dir='ltr'><strong>terram</strong></span> <span class='ocrx_word' id='word_1_581' title='bbox 688 4462 696 4504; x_wconf 91' lang='lat'>:</span> <span class='ocrx_word' id='word_1_582' title='bbox 956 4433 980 4505; x_wconf 87' lang='lat' dir='ltr'><strong>D</strong></span> <span class='ocrx_word' id='word_1_583' title='bbox 1065 4448 1224 4506; x_wconf 84' lang='lat' dir='ltr'><strong>Jeremiam</strong></span> <span class='ocrx_word' id='word_1_584' title='bbox 1240 4450 1413 4524; x_wconf 88' lang='lat' dir='ltr'><strong>prophetam</strong></span> <span class='ocrx_word' id='word_1_585' title='bbox 1427 4457 1530 4513; x_wconf 86' lang='lat' dir='ltr'><strong>contra</strong></span> <span class='ocrx_word' id='word_1_586' title='bbox 1540 4456 1715 4517; x_wconf 68' lang='lat' dir='ltr'><strong>Palestinae</strong></span> 
     </span>
     <span class='ocr_line' id='line_1_59' title="bbox 112 4520 1645 4607; baseline 0.007 -28"><span class='ocrx_word' id='word_1_587' title='bbox 112 4524 186 4589; x_wconf 85' lang='lat' dir='ltr'><strong>Quia</strong></span> <span class='ocrx_word' id='word_1_588' title='bbox 202 4523 286 4581; x_wconf 88' lang='lat' dir='ltr'><strong>tortis</strong></span> <span class='ocrx_word' id='word_1_589' title='bbox 300 4520 424 4607; x_wconf 82' lang='lat' dir='ltr'><strong>impegit</strong></span> <span class='ocrx_word' id='word_1_590' title='bbox 438 4520 468 4576; x_wconf 92' lang='lat' dir='ltr'><strong>in</strong></span> <span class='ocrx_word' id='word_1_591' title='bbox 483 4520 599 4587; x_wconf 87' lang='lat' dir='ltr'><strong>tortam,</strong></span> <span class='ocrx_word' id='word_1_592' title='bbox 1031 4526 1188 4593; x_wconf 87' lang='lat' dir='ltr'><strong>antequam</strong></span> <span class='ocrx_word' id='word_1_593' title='bbox 1204 4527 1368 4594; x_wconf 89' lang='lat' dir='ltr'><strong>percuteret</strong></span> <span class='ocrx_word' id='word_1_594' title='bbox 1380 4523 1494 4584; x_wconf 87' lang='lat' dir='ltr'><strong>Pharao</strong></span> <span class='ocrx_word' id='word_1_595' title='bbox 1509 4524 1620 4587; x_wconf 79' lang='lat' dir='ltr'><strong>Gazam</strong></span> <span class='ocrx_word' id='word_1_596' title='bbox 1635 4546 1645 4589; x_wconf 75' lang='lat' dir='ltr'><strong>t</strong></span> 
     </span>
     <span class='ocr_line' id='line_1_60' title="bbox 148 4590 1329 4666; baseline -0.002 -13"><span class='ocrx_word' id='word_1_597' title='bbox 148 4600 177 4653; x_wconf 88' lang='lat' dir='ltr'><strong>at</strong></span> <span class='ocrx_word' id='word_1_598' title='bbox 192 4596 279 4653; x_wconf 90' lang='lat' dir='ltr'><strong>ambo</strong></span> <span class='ocrx_word' id='word_1_599' title='bbox 294 4597 405 4666; x_wconf 79' lang='lat' dir='ltr'><strong>pariter</strong></span> <span class='ocrx_word' id='word_1_600' title='bbox 419 4591 619 4648; x_wconf 87' lang='lat' dir='ltr'><strong>conciderunt.</strong></span> <span class='ocrx_word' id='word_1_601' title='bbox 994 4590 1061 4648; x_wconf 79' lang='lat' dir='ltr'><strong>Hac</strong></span> <span class='ocrx_word' id='word_1_602' title='bbox 1076 4591 1148 4649; x_wconf 91' lang='lat' dir='ltr'><strong>dicit</strong></span> <span class='ocrx_word' id='word_1_603' title='bbox 1162 4591 1305 4651; x_wconf 87' lang='lat' dir='ltr'><strong>Dominus</strong></span> <span class='ocrx_word' id='word_1_604' title='bbox 1322 4611 1329 4650; x_wconf 90' lang='lat'>:</span> 
     </span>
     <span class='ocr_line' id='line_1_61' title="bbox 111 4657 1792 4745; baseline 0.005 -29"><span class='ocrx_word' id='word_1_605' title='bbox 111 4663 242 4723; x_wconf 84' lang='lat' dir='ltr'><strong>Verbum</strong></span> <span class='ocrx_word' id='word_1_606' title='bbox 257 4662 335 4738; x_wconf 86' lang='lat' dir='ltr'><strong>quod</strong></span> <span class='ocrx_word' id='word_1_607' title='bbox 360 4662 478 4722; x_wconf 85' lang='lat' dir='ltr'><strong>locutus</strong></span> <span class='ocrx_word' id='word_1_608' title='bbox 493 4667 539 4720; x_wconf 89' lang='lat' dir='ltr'><strong>est</strong></span> <span class='ocrx_word' id='word_1_609' title='bbox 557 4657 699 4719; x_wconf 86' lang='lat' dir='ltr'><strong>Dominus</strong></span> <span class='ocrx_word' id='word_1_610' title='bbox 721 4661 758 4740; x_wconf 88' lang='lat' dir='ltr'><strong>ad</strong></span> <span class='ocrx_word' id='word_1_611' title='bbox 778 4660 936 4720; x_wconf 82' lang='lat' dir='ltr'><strong>ieremiam</strong></span> <span class='ocrx_word' id='word_1_612' title='bbox 992 4663 1066 4721; x_wconf 81' lang='lat' dir='ltr'><strong>Ecce</strong></span> <span class='ocrx_word' id='word_1_613' title='bbox 1081 4680 1164 4736; x_wconf 85' lang='lat' dir='ltr'><strong>aqua</strong></span> <span class='ocrx_word' id='word_1_614' title='bbox 1187 4666 1352 4723; x_wconf 88' lang='lat' dir='ltr'><strong>ascendunt</strong></span> <span class='ocrx_word' id='word_1_615' title='bbox 1367 4667 1404 4725; x_wconf 90' lang='lat' dir='ltr'><strong>ab</strong></span> <span class='ocrx_word' id='word_1_616' title='bbox 1426 4668 1572 4744; x_wconf 86' lang='lat' dir='ltr'><strong>aquilone,</strong></span> <span class='ocrx_word' id='word_1_617' title='bbox 1587 4677 1619 4733; x_wconf 86' lang='lat' dir='ltr'><strong>et</strong></span> <span class='ocrx_word' id='word_1_618' title='bbox 1634 4676 1721 4733; x_wconf 85' lang='lat' dir='ltr'><strong>eruut</strong></span> <span class='ocrx_word' id='word_1_619' title='bbox 1733 4660 1792 4745; x_wconf 69' lang='lat' dir='ltr'><strong>qnid</strong></span> 
     </span>
     <span class='ocr_line' id='line_1_62' title="bbox 184 4732 1353 4810; baseline 0 -16"><span class='ocrx_word' id='word_1_620' title='bbox 184 4735 370 4810; x_wconf 87' lang='lat' dir='ltr'><strong>prophetam,</strong></span> <span class='ocrx_word' id='word_1_621' title='bbox 1063 4738 1180 4792; x_wconf 84' lang='lat' dir='ltr'><strong>torrens</strong></span> <span class='ocrx_word' id='word_1_622' title='bbox 1192 4732 1353 4804; x_wconf 88' lang='lat' dir='ltr'><strong>inundans,</strong></span> 
     </span>
    </p>
   </div>
   <div class='ocr_carea' id='block_1_3' title="bbox 147 4801 1792 4953">
    <p class='ocr_par' dir='ltr' id='par_1_5' title="bbox 147 4801 1792 4953">
     <span class='ocr_line' id='line_1_63' title="bbox 147 4801 1792 4936; baseline 0.004 -70"><span class='ocrx_word' id='word_1_623' title='bbox 147 4825 237 4936; x_wconf 65' lang='lat' dir='ltr'><strong>super</strong></span> <span class='ocrx_word' id='word_1_624' title='bbox 250 4825 284 4865; x_wconf 92' lang='lat' dir='ltr'><strong>eo</strong></span> <span class='ocrx_word' id='word_1_625' title='bbox 299 4807 378 4880; x_wconf 89' lang='lat' dir='ltr'><strong>quod</strong></span> <span class='ocrx_word' id='word_1_626' title='bbox 392 4809 535 4890; x_wconf 75' lang='lat' dir='ltr'><strong>venturos</strong></span> <span class='ocrx_word' id='word_1_627' title='bbox 546 4807 625 4863; x_wconf 89' lang='lat' dir='ltr'><strong>esset</strong></span> <span class='ocrx_word' id='word_1_628' title='bbox 637 4801 691 4875; x_wconf 78' lang='lat' dir='ltr'><strong>(ll.</strong></span> <span class='ocrx_word' id='word_1_629' title='bbox 708 4803 765 4875; x_wconf 89' lang='lat' dir='ltr'><strong>est)</strong></span> <span class='ocrx_word' id='word_1_630' title='bbox 780 4803 936 4879; x_wconf 83' lang='lat' dir='ltr'><strong>Nabucho·</strong></span> <span class='ocrx_word' id='word_1_631' title='bbox 1028 4809 1057 4863; x_wconf 91' lang='lat' dir='ltr'><strong>et</strong></span> <span class='ocrx_word' id='word_1_632' title='bbox 1071 4808 1205 4893; x_wconf 75' lang='lat' dir='ltr'><strong>operient</strong></span> <span class='ocrx_word' id='word_1_633' title='bbox 1218 4811 1327 4894; x_wconf 83' lang='lat' dir='ltr'><strong>terram</strong></span> <span class='ocrx_word' id='word_1_634' title='bbox 1343 4813 1371 4868; x_wconf 88' lang='lat' dir='ltr'><strong>et</strong></span> <span class='ocrx_word' id='word_1_635' title='bbox 1384 4811 1602 4885; x_wconf 86' lang='lat' dir='ltr'><strong>plenitudinem</strong></span> <span class='ocrx_word' id='word_1_636' title='bbox 1623 4818 1701 4891; x_wconf 88' lang='lat' dir='ltr'><strong>ejus,</strong></span> <span class='ocrx_word' id='word_1_637' title='bbox 1715 4815 1792 4875; x_wconf 81' lang='lat' dir='ltr'><strong>urban</strong></span> 
     </span>
     <span class='ocr_line' id='line_1_64' title="bbox 203 4877 1375 4953; baseline 0.001 -17"><span class='ocrx_word' id='word_1_638' title='bbox 203 4894 311 4936; x_wconf 90' lang='lat' dir='ltr'><strong>onosor</strong></span> <span class='ocrx_word' id='word_1_639' title='bbox 325 4895 376 4935; x_wconf 85' lang='lat' dir='ltr'><strong>rex</strong></span> <span class='ocrx_word' id='word_1_640' title='bbox 389 4877 555 4952; x_wconf 74' lang='lat' dir='ltr'><strong>Babylonis,</strong></span> <span class='ocrx_word' id='word_1_641' title='bbox 1063 4881 1092 4935; x_wconf 90' lang='lat' dir='ltr'><strong>et</strong></span> <span class='ocrx_word' id='word_1_642' title='bbox 1106 4877 1286 4939; x_wconf 82' lang='lat' dir='ltr'><strong>habrtatorcs</strong></span> <span class='ocrx_word' id='word_1_643' title='bbox 1299 4896 1375 4953; x_wconf 69' lang='lat' dir='ltr'><strong>evus.</strong></span> 
     </span>
    </p>
   </div>
   <div class='ocr_carea' id='block_1_4' title="bbox 107 4946 1800 5601">
    <p class='ocr_par' dir='ltr' id='par_1_6' title="bbox 111 4946 1791 5107">
     <span class='ocr_line' id='line_1_65' title="bbox 147 4946 1791 5023; baseline 0.005 -17"><span class='ocrx_word' id='word_1_644' title='bbox 147 4954 176 5006; x_wconf 90' lang='lat' dir='ltr'><strong>et</strong></span> <span class='ocrx_word' id='word_1_645' title='bbox 192 4966 388 5023; x_wconf 86' lang='lat' dir='ltr'><strong>percussurus</strong></span> <span class='ocrx_word' id='word_1_646' title='bbox 404 4955 513 5007; x_wconf 89' lang='lat' dir='ltr'><strong>terram</strong></span> <span class='ocrx_word' id='word_1_647' title='bbox 527 4946 653 5023; x_wconf 80' lang='lat' dir='ltr'><strong>AEgyptl.</strong></span> <span class='ocrx_word' id='word_1_648' title='bbox 991 4948 1167 5009; x_wconf 85' lang='lat' dir='ltr'><strong>Clamabunt</strong></span> <span class='ocrx_word' id='word_1_649' title='bbox 1179 4949 1327 5022; x_wconf 90' lang='lat' dir='ltr'><strong>homines,</strong></span> <span class='ocrx_word' id='word_1_650' title='bbox 1341 4958 1370 5011; x_wconf 92' lang='lat' dir='ltr'><strong>et</strong></span> <span class='ocrx_word' id='word_1_651' title='bbox 1388 4953 1549 5017; x_wconf 83' lang='lat' dir='ltr'><strong>ululabunt</strong></span> <span class='ocrx_word' id='word_1_652' title='bbox 1570 4975 1679 5021; x_wconf 87' lang='lat' dir='ltr'><strong>omnes</strong></span> <span class='ocrx_word' id='word_1_653' title='bbox 1701 4956 1791 5019; x_wconf 81' lang='lat' dir='ltr'><strong>habiit·</strong></span> 
     </span>
     <span class='ocr_line' id='line_1_66' title="bbox 111 5023 1254 5107; baseline 0.002 -31"><span class='ocrx_word' id='word_1_654' title='bbox 111 5023 340 5080; x_wconf 76' lang='lat' dir='ltr'><strong>aununtiateAE</strong></span> <span class='ocrx_word' id='word_1_655' title='bbox 380 5026 439 5107; x_wconf 86' lang='lat' dir='ltr'><strong>pte,</strong></span> <span class='ocrx_word' id='word_1_656' title='bbox 1063 5025 1142 5079; x_wconf 89' lang='lat' dir='ltr'><strong>tores</strong></span> <span class='ocrx_word' id='word_1_657' title='bbox 1158 5024 1254 5091; x_wconf 84' lang='lat' dir='ltr'><strong>terra,</strong></span> 
     </span>
    </p>

    <p class='ocr_par' dir='ltr' id='par_1_7' title="bbox 144 5089 1792 5175">
     <span class='ocr_line' id='line_1_67' title="bbox 144 5089 1792 5175; baseline 0.007 -26"><span class='ocrx_word' id='word_1_658' title='bbox 144 5098 173 5150; x_wconf 90' lang='lat' dir='ltr'><strong>et</strong></span> <span class='ocrx_word' id='word_1_659' title='bbox 187 5094 322 5152; x_wconf 89' lang='lat' dir='ltr'><strong>auditum</strong></span> <span class='ocrx_word' id='word_1_660' title='bbox 349 5097 425 5151; x_wconf 86' lang='lat' dir='ltr'><strong>acrts</strong></span> <span class='ocrx_word' id='word_1_661' title='bbox 439 5089 583 5175; x_wconf 82' lang='lat' dir='ltr'><strong>llagdalo,</strong></span> <span class='ocrx_word' id='word_1_662' title='bbox 1026 5093 1062 5149; x_wconf 93' lang='lat' dir='ltr'><strong>ab</strong></span> <span class='ocrx_word' id='word_1_663' title='bbox 1079 5094 1203 5167; x_wconf 89' lang='lat' dir='ltr'><strong>strepitu</strong></span> <span class='ocrx_word' id='word_1_664' title='bbox 1215 5111 1329 5169; x_wconf 85' lang='lat' dir='ltr'><strong>pompa</strong></span> <span class='ocrx_word' id='word_1_665' title='bbox 1339 5113 1503 5172; x_wconf 91' lang='lat' dir='ltr'><strong>armorum,</strong></span> <span class='ocrx_word' id='word_1_666' title='bbox 1512 5104 1542 5160; x_wconf 88' lang='lat' dir='ltr'><strong>ct</strong></span> <span class='ocrx_word' id='word_1_667' title='bbox 1551 5101 1730 5163; x_wconf 86' lang='lat' dir='ltr'><strong>bellatorum</strong></span> <span class='ocrx_word' id='word_1_668' title='bbox 1739 5102 1792 5173; x_wconf 62' lang='lat' dir='ltr'><strong>cjllr</strong></span> 
     </span>
    </p>

    <p class='ocr_par' dir='ltr' id='par_1_8' title="bbox 144 5161 1573 5247">
     <span class='ocr_line' id='line_1_68' title="bbox 144 5161 1573 5247; baseline 0.005 -24"><span class='ocrx_word' id='word_1_669' title='bbox 144 5170 173 5223; x_wconf 86' lang='lat' dir='ltr'><strong>el</strong></span> <span class='ocrx_word' id='word_1_670' title='bbox 187 5169 305 5223; x_wconf 87' lang='lat' dir='ltr'><strong>resonet</strong></span> <span class='ocrx_word' id='word_1_671' title='bbox 320 5165 351 5222; x_wconf 90' lang='lat' dir='ltr'><strong>in</strong></span> <span class='ocrx_word' id='word_1_672' title='bbox 365 5161 524 5247; x_wconf 80' lang='lat' dir='ltr'><strong>Memphis,</strong></span> <span class='ocrx_word' id='word_1_673' title='bbox 1025 5180 1042 5219; x_wconf 89' lang='lat' dir='ltr'><strong>a</strong></span> <span class='ocrx_word' id='word_1_674' title='bbox 1056 5165 1254 5223; x_wconf 90' lang='lat' dir='ltr'><strong>commotione</strong></span> <span class='ocrx_word' id='word_1_675' title='bbox 1268 5166 1482 5242; x_wconf 84' lang='lat' dir='ltr'><strong>quadrigarum</strong></span> <span class='ocrx_word' id='word_1_676' title='bbox 1496 5174 1573 5245; x_wconf 78' lang='lat' dir='ltr'><strong>ejus,</strong></span> 
     </span>
    </p>

    <p class='ocr_par' dir='ltr' id='par_1_9' title="bbox 107 5235 1796 5389">
     <span class='ocr_line' id='line_1_69' title="bbox 143 5235 1513 5311; baseline 0.004 -15"><span class='ocrx_word' id='word_1_677' title='bbox 143 5243 172 5296; x_wconf 87' lang='lat' dir='ltr'><strong>et</strong></span> <span class='ocrx_word' id='word_1_678' title='bbox 186 5239 216 5296; x_wconf 93' lang='lat' dir='ltr'><strong>in</strong></span> <span class='ocrx_word' id='word_1_679' title='bbox 230 5236 384 5311; x_wconf 85' lang='lat' dir='ltr'><strong>Thaphois</strong></span> <span class='ocrx_word' id='word_1_680' title='bbox 398 5235 496 5293; x_wconf 79' lang='lat' dir='ltr'><strong>dicate.</strong></span> <span class='ocrx_word' id='word_1_681' title='bbox 1024 5238 1053 5290; x_wconf 91' lang='lat' dir='ltr'><strong>et</strong></span> <span class='ocrx_word' id='word_1_682' title='bbox 1067 5236 1259 5296; x_wconf 90' lang='lat' dir='ltr'><strong>multitudine</strong></span> <span class='ocrx_word' id='word_1_683' title='bbox 1272 5244 1404 5297; x_wconf 89' lang='lat' dir='ltr'><strong>rotarum</strong></span> <span class='ocrx_word' id='word_1_684' title='bbox 1419 5242 1513 5303; x_wconf 88' lang='lat' dir='ltr'><strong>illius.</strong></span> 
     </span>
     <span class='ocr_line' id='line_1_70' title="bbox 107 5303 1796 5389; baseline 0.004 -22"><span class='ocrx_word' id='word_1_685' title='bbox 107 5311 168 5378; x_wconf 84' lang='lat' dir='ltr'><strong>Sta,</strong></span> <span class='ocrx_word' id='word_1_686' title='bbox 184 5315 213 5369; x_wconf 91' lang='lat' dir='ltr'><strong>et</strong></span> <span class='ocrx_word' id='word_1_687' title='bbox 248 5326 360 5385; x_wconf 82' lang='lat' dir='ltr'><strong>rapere</strong></span> <span class='ocrx_word' id='word_1_688' title='bbox 373 5311 425 5365; x_wconf 92' lang='lat' dir='ltr'><strong>te:</strong></span> <span class='ocrx_word' id='word_1_689' title='bbox 763 5375 769 5389; x_wconf 31' lang='grc' dir='ltr'>ι</span> <span class='ocrx_word' id='word_1_690' title='bbox 988 5303 1053 5362; x_wconf 88' lang='lat' dir='ltr'><strong>Non</strong></span> <span class='ocrx_word' id='word_1_691' title='bbox 1067 5315 1259 5380; x_wconf 82' lang='lat' dir='ltr'><strong>respexerunt</strong></span> <span class='ocrx_word' id='word_1_692' title='bbox 1300 5316 1378 5371; x_wconf 88' lang='lat' dir='ltr'><strong>atres</strong></span> <span class='ocrx_word' id='word_1_693' title='bbox 1397 5312 1473 5372; x_wconf 88' lang='lat' dir='ltr'><strong>tilios</strong></span> <span class='ocrx_word' id='word_1_694' title='bbox 1497 5316 1639 5378; x_wconf 88' lang='lat' dir='ltr'><strong>manibus</strong></span> <span class='ocrx_word' id='word_1_695' title='bbox 1663 5310 1796 5379; x_wconf 70' lang='lat' dir='ltr'><strong>dissolutis</strong></span> 
     </span>
    </p>

    <p class='ocr_par' dir='ltr' id='par_1_10' title="bbox 143 5327 1339 5455">
     <span class='ocr_line' id='line_1_71' title="bbox 143 5327 1339 5455; baseline -0.003 -14"><span class='ocrx_word' id='word_1_696' title='bbox 143 5327 931 5455; x_wconf 60' lang='lat' dir='ltr'><strong>quialevoraettgtadiusaaquaparetreurtumtuum</strong></span> <span class='ocrx_word' id='word_1_697' title='bbox 1059 5396 1112 5450; x_wconf 91' lang='lat' dir='ltr'><strong>pro</strong></span> <span class='ocrx_word' id='word_1_698' title='bbox 1125 5381 1252 5441; x_wconf 90' lang='lat' dir='ltr'><strong>adventu</strong></span> <span class='ocrx_word' id='word_1_699' title='bbox 1290 5382 1339 5451; x_wconf 90' lang='lat' dir='ltr'><strong>iei,</strong></span> 
     </span>
    </p>

    <p class='ocr_par' dir='ltr' id='par_1_11' title="bbox 107 5447 1800 5601">
     <span class='ocr_line' id='line_1_72' title="bbox 143 5447 1800 5537; baseline 0.004 -27"><span class='ocrx_word' id='word_1_700' title='bbox 143 5459 222 5510; x_wconf 89' lang='lat' dir='ltr'><strong>sunt.</strong></span> <span class='ocrx_word' id='word_1_701' title='bbox 375 5522 382 5537; x_wconf 94' lang='lat'><strong>.</strong></span> <span class='ocrx_word' id='word_1_702' title='bbox 470 5519 478 5534; x_wconf 46' lang='lat'><strong>·</strong></span> <span class='ocrx_word' id='word_1_703' title='bbox 1023 5447 1053 5503; x_wconf 87' lang='lat' dir='ltr'><strong>in</strong></span> <span class='ocrx_word' id='word_1_704' title='bbox 1069 5466 1126 5533; x_wconf 85' lang='lat' dir='ltr'><strong>quc</strong></span> <span class='ocrx_word' id='word_1_705' title='bbox 1141 5453 1452 5517; x_wconf 77' lang='lat' dir='ltr'><strong>vastabuntur-omnes</strong></span> <span class='ocrx_word' id='word_1_706' title='bbox 1467 5457 1631 5533; x_wconf 83' lang='lat' dir='ltr'><strong>Philistim,</strong></span> <span class='ocrx_word' id='word_1_707' title='bbox 1647 5460 1800 5534; x_wconf 83' lang='lat' dir='ltr'><strong>atdissipa·</strong></span> 
     </span>
     <span class='ocr_line' id='line_1_73' title="bbox 107 5518 1405 5601; baseline 0.005 -21"><span class='ocrx_word' id='word_1_708' title='bbox 107 5524 202 5588; x_wconf 85' lang='lat' dir='ltr'><strong>Quare</strong></span> <span class='ocrx_word' id='word_1_709' title='bbox 216 5526 398 5601; x_wconf 79' lang='lat' dir='ltr'><strong>computruit</strong></span> <span class='ocrx_word' id='word_1_710' title='bbox 412 5521 496 5579; x_wconf 86' lang='lat' dir='ltr'><strong>lortrs</strong></span> <span class='ocrx_word' id='word_1_711' title='bbox 509 5518 603 5578; x_wconf 79' lang='lat' dir='ltr'><strong>taust</strong></span> <span class='ocrx_word' id='word_1_712' title='bbox 1060 5521 1139 5578; x_wconf 79' lang='lat' dir='ltr'><strong>bitur</strong></span> <span class='ocrx_word' id='word_1_713' title='bbox 1153 5524 1246 5598; x_wconf 79' lang='lat' dir='ltr'><strong>Tyros</strong></span> <span class='ocrx_word' id='word_1_714' title='bbox 1261 5530 1290 5585; x_wconf 91' lang='lat' dir='ltr'><strong>et</strong></span> <span class='ocrx_word' id='word_1_715' title='bbox 1304 5526 1405 5586; x_wconf 88' lang='lat' dir='ltr'><strong>Sidon.</strong></span> 
     </span>
    </p>
   </div>
   <div class='ocr_carea' id='block_1_5' title="bbox 140 5730 941 5813">
    <p class='ocr_par' dir='ltr' id='par_1_12' title="bbox 140 5730 941 5813">
     <span class='ocr_line' id='line_1_74' title="bbox 140 5730 941 5813; baseline -0.005 -16"><span class='ocrx_word' id='word_1_716' title='bbox 140 5741 150 5778; x_wconf 87' lang='lat'>¹</span> <span class='ocrx_word' id='word_1_717' title='bbox 165 5739 222 5797; x_wconf 84' lang='lat' dir='ltr'><strong>Alii</strong></span> <span class='ocrx_word' id='word_1_718' title='bbox 238 5740 317 5813; x_wconf 88' lang='lat' dir='ltr'><strong>libri,</strong></span> <span class='ocrx_word' id='word_1_719' title='bbox 331 5741 396 5800; x_wconf 77' lang='lat' dir='ltr'><strong>llaec</strong></span> <span class='ocrx_word' id='word_1_720' title='bbox 411 5739 481 5801; x_wconf 64' lang='lat' dir='ltr'><strong>dici</strong></span> <span class='ocrx_word' id='word_1_721' title='bbox 494 5734 626 5797; x_wconf 76' lang='lat' dir='ltr'><strong>Dominae</strong></span> <span class='ocrx_word' id='word_1_722' title='bbox 642 5730 714 5793; x_wconf 80' lang='lat' dir='ltr'><strong>:Sic</strong></span> <span class='ocrx_word' id='word_1_723' title='bbox 726 5730 800 5793; x_wconf 79' lang='lat' dir='ltr'><strong>dicas</strong></span> <span class='ocrx_word' id='word_1_724' title='bbox 812 5733 849 5793; x_wconf 85' lang='lat' dir='ltr'><strong>od</strong></span> <span class='ocrx_word' id='word_1_725' title='bbox 862 5749 941 5793; x_wconf 81' lang='lat' dir='ltr'><strong>eam.</strong></span> 
     </span>
    </p>
   </div>
   <div class='ocr_carea' id='block_1_6' title="bbox 0 0 1940 6120">
    <p class='ocr_par' dir='ltr' id='par_1_13' title="bbox 0 0 1940 6120">
     <span class='ocr_line' id='line_1_75' title="bbox 0 0 1940 6120; baseline 0 0"><span class='ocrx_word' id='word_1_726' title='bbox 0 0 1940 6120; x_wconf 95' lang='lat' dir='ltr'><strong> </strong></span> 
     </span>
    </p>
   </div>
  </div>
 </body>
</html>
