3878 6150
13 252 16 257 ’
134 258 187 316 sat
658 252 688 319 8.
709 262 916 322 molluit
933 260 1061 318 omna
1079 259 1328 317 subtemen.
1795 261 1848 320 m

173 383 279 470 aiacis
295 383 461 443 formidinis
476 384 604 471 Domini,
620 389 650 442 et
662 403 679 442 a
693 385 786 459 gioria
801 383 964 459 majestatis
978 387 1003 452 Α
1019 385 1051 440 in
1065 380 1113 439 die
1127 380 1176 438 illa
1201 383 1314 441 auferet
1337 386 1482 445 Dominus
1506 388 1713 444 ornamentem
1738 384 1847 444 calcea·

58 582 61 587 .
137 464 846 612 lnogae’iiffi[plrzlizgtelsstmpsligffirgrffarffiui,
1053 531 1082 583 et
1093 461 1273 610 ffinltssrflumt,
1286 532 1418 600 torques,
1434 534 1462 587 el
1477 529 1611 598 monilia,
1627 535 1659 586 et
1673 528 1845 599 armillas,ct

173 610 200 657 et
214 599 374 656 simulacra
388 618 452 656 surr
468 618 525 666 sur,
541 618 605 674 quae
620 603 728 659 iecerat
742 601 809 673 sibi,
836 605 868 659 ut
891 599 962 657 odo·
1091 605 1203 662 mitras.

224 676 300 726 reret
316 671 410 744 talpas
425 676 455 728 ct
470 673 702 745 vespertiliones.
1016 669 1049 725 lii
1062 667 1286 740 discriminalia,
1302 675 1331 726 et
1345 671 1543 744 periscelides,
1559 676 1588 728 et
1602 670 1798 740 murenulas,
1818 677 1843 730 st

135 741 168 799 El
194 742 377 815 ingredietur
404 745 552 802 scissuras
581 750 744 819 petrarum,
770 750 800 804 et
823 759 963 802 cavernas
1087 740 1279 808 olinetorioia,
1295 751 1322 797 et
1336 741 1364 797 in
1382 759 1479 811 aurea,

223 830 378 881 saxorum,
1052 817 1082 869 et
1096 813 1232 881 annulos,
1248 820 1277 869 et
1290 830 1422 885 gemmas
1436 817 1465 871 in
1480 817 1577 872 ironis
1590 817 1769 888 pendentes,

170 903 187 941 a
202 886 275 942 iacis
291 887 458 943 formidinis
474 888 602 959 Domini,
618 893 674 946 cta
689 888 783 963 gloria
798 887 962 960 maiestatis
1053 889 1082 941 et
1096 885 1267 952 mutatoria,
1282 893 1308 940 et
1324 885 1424 958 pallia,
1440 894 1468 943 et
1483 888 1667 952 linteamina,
1682 893 1713 943 at
1728 902 1808 954 scus,

225 958 302 1029 ejus,
1052 960 1081 1013 et
1096 957 1226 1028 specula,
1241 961 1267 1012 et
1285 956 1435 1027 sindones,
1451 965 1479 1016 et
1495 959 1592 1028 vittas,
1607 964 1638 1015 et
1649 958 1799 1016 theristra.

172 1043 239 1086 curu
255 1027 414 1085 surrexerit
448 1034 579 1087 erentere
594 1036 713 1089 terram.
1017 1027 1123 1086 ditarit
1138 1045 1189 1100 pro
1205 1028 1286 1083 suavi
1303 1031 1390 1085 odora
1406 1032 1489 1099 letor,

137 1100 282 1167 Quiesciie
297 1117 365 1172 ergo
380 1101 417 1157 ab
429 1046 552 1159 bomine
573 1105 659 1176 cujus
683 1101 804 1176 spiritus
828 1101 857 1158 ln
884 1099 963 1156 neri·
1052 1109 1080 1156 et
1097 1115 1147 1172 pro
1163 1117 1236 1155 zona
1251 1100 1412 1169 funiculus,

246 1172 301 1227 bus
317 1173 393 1243 ejus,
1053 1178 1082 1226 et
1098 1187 1149 1241 pro
1163 1171 1306 1255 crispanti
1321 1174 1402 1229 crine
1416 1172 1578 1239 calvitium,

172 1244 243 1315 quia
257 1243 391 1300 excelsus
408 1248 564 1316 reputatus
578 1250 624 1302 est
639 1247 713 1318 ipse.
1052 1247 1083 1300 et
1118 1259 1149 1298 ro
1164 1244 1255 1299 inscia
1270 1245 1408 1316 pectorali
1422 1244 1560 1300 cilicium.

137 1313 961 1387 [capili]liccecnimdominatorDominusexercituum,
1018 1260 1213 1372 Pulcgarrimi
1229 1331 1347 1398 quoque
1359 1315 1414 1371 viri
1430 1316 1473 1372 tui
1489 1314 1588 1390 gladio
1602 1314 1724 1384 cadent,

174 1387 316 1443 euiereta
330 1387 494 1443 Jerusalem
508 1388 788 1446 ctaJudavalidum
802 1393 833 1445 et
846 1388 962 1459 sortem,
1053 1394 1081 1444 st
1096 1387 1185 1443 fortes
1199 1391 1242 1442 tur
1257 1387 1287 1443 in
1302 1386 1412 1461 prelio.

174 1473 261 1515 omne
275 1458 364 1515 robur
378 1460 475 1530 panis,
490 1466 519 1516 at
534 1477 621 1518 omns
634 1462 723 1518 robur
739 1476 841 1532 nqun3
1018 1459 1054 1516 itt
1066 1458 1238 1522 annuunt,
1254 1466 1343 1531 atque
1357 1459 1498 1531 lugebunt
1515 1462 1604 1530 portae
1620 1458 1689 1530 ejus

137 1528 265 1598 Fortem,
280 1535 310 1586 at
324 1530 419 1587 virum
435 1530 618 1600 bellatorem,
1054 1536 1083 1587 et
1096 1529 1156 1603 (ΑΙ.
1172 1530 1240 1586 odd.
1258 1531 1323 1603 ipsa
1337 1531 1420 1605 urbs)
1435 1529 1568 1587 desolata
1582 1531 1612 1586 in
1626 1535 1708 1587 terra
1721 1528 1833 1600 sedebit,

169 1601 314 1672 judicem,
330 1614 360 1658 et
374 1604 559 1676 prophetam,
1019 1602 1095 1676 (Cap.
1108 1600 1168 1673 ill.)
1183 1602 1219 1657 Dt
1233 1602 1454 1676 apprehendent
1468 1607 1580 1675 septem
1596 1601 1737 1659 mulieres
1750 1600 1832 1657 virum

175 1675 204 1728 et
219 1671 358 1744 ariolum,
373 1678 402 1732 ct
415 1691 516 1732 senam
533 1692 541 1730 :
1092 1689 1184 1729 unuln
1199 1672 1229 1728 in
1243 1674 1292 1730 die
1304 1674 1357 1732 iila
1367 1674 1496 1732 dicantes
1513 1689 1521 1731 t

139 1742 304 1816 Principem
320 1761 410 1863 anper
424 1747 652 1821 quinquaginta,
979 1751 1003 1819 Β
1019 1745 1127 1802 Panem
1142 1749 1277 1802 nostrum
1293 1747 1525 1817 comedemus,et
1535 1744 1726 1802 vestimentis
1735 1743 1832 1802 nostin

174 1821 204 1873 et
217 1815 358 1873 honorabi
374 1833 419 1874 ern
437 1818 531 1885 vultu,
1090 1816 1257 1889 operiemur
1273 1833 1280 1873 z

138 1886 173 1943 Dr
188 1888 388 1946 consiliarium
404 1892 567 1962 sapientem
582 1891 618 1946 de
630 1888 797 1948 architectis
813 1887 966 1963 (diarchi-
1055 1889 1261 1945 tantummodo
1276 1891 1427 1946 invocetur
1442 1904 1547 1946 nomen
1559 1892 1646 1945 tunm
1661 1903 1754 1962 super
1778 1903 1830 1956 nos,

174 1961 308 2088 tectum),
1091 1961 1174 2017 auier
1188 1962 1377 2032 opprobrium
1393 1965 1539 2027 nostrum,

175 2036 205 2089 et
221 2049 273 2104 pru
298 2035 396 2088 entem
410 2031 520 2105 eloquii
536 2032 662 2105 mystici.
1021 2031 1053 2088 ln
1068 2031 1191 2099 dioillo,
1206 2032 1263 2088 erit
1276 2048 1395 2107 germen
1411 2032 1528 2090 Domini
1543 2032 1573 2088 in
1587 2029 1834 2106 magnificentiae

176 2103 212 2160 ut
226 2103 301 2159 dabo
318 2118 423 2176 pueros
438 2105 587 2176 principes
602 2119 715 2172 eorum,
1091 2102 1238 2176 ingloria,

176 2179 206 2230 et
219 2175 380 2231 effeminati
396 2177 630 2232 dominabuntur
644 2175 698 2233 eis.
1055 2181 1084 2231 et
1099 2176 1213 2231 tructus
1228 2182 1310 2230 terrra
1326 2175 1472 2243 sublimis,

54 2320 57 2324 Ι
141 2243 177 2300 iit
190 2246 283 2302 irruet
298 2245 436 2330 populus,
451 2249 495 2303 vir
508 2249 543 2303 ad
560 2249 668 2316 virum,
1055 2252 1084 2303 et
1098 2245 1255 2304 exsultatio
1272 2246 1317 2301 bis
1332 2247 1382 2319 qui
1398 2246 1500 2302 salvati
1518 2246 1625 2302 luerint
1639 2245 1678 2301 de
1693 2243 1791 2303 isreel.

175 2333 382 2444 unusquisque
397 2318 432 2374 nd
449 2318 614 2391 proximum
630 2335 718 2375 suum
736 2337 743 2376 :
1021 2320 1055 2374 lit
1069 2319 1124 2376 erit
1140 2336 1147 2375 :
1165 2317 1266 2375 Omnis
1281 2318 1331 2390 qui
1347 2318 1468 2377 relictus
1482 2317 1613 2375 fueritin
1627 2317 1710 2386 Sion,
1725 2322 1755 2374 st
1772 2314 1871 2374 καὶ·

246 2393 331 2445 tumn
345 2389 478 2446 tuebitur
493 2406 566 2465 puer
580 2396 682 2448 contra
697 2405 810 2461 senem,
1092 2391 1169 2446 dnus
1183 2390 1213 2446 in
1228 2389 1403 2460 Jerusalem,

177 2464 206 2516 et
221 2459 362 2526 innobilis
376 2466 477 2519 contra
489 2461 627 2520 nobilem.
1056 2467 1178 2520 sanctus
1192 2461 1453 2535 vocabitur,omnis
1468 2461 1518 2534 qui
1535 2460 1667 2534 scriptus
1684 2464 1731 2518 est
1744 2458 1776 2517 iu
1790 2458 1871 2516 riu

140 2524 349 2605 apprehendet
363 2533 441 2590 enim
456 2534 503 2591 vir
516 2535 633 2592 tratrem
657 2549 745 2591 snum
771 2531 965 2590 domesticum
1091 2534 1121 2589 in
1134 2533 1310 2590 Jerusalem.

230 2604 386 2678 patrissui
403 2621 411 2660 t
1019 2605 1046 2662 Si
1062 2605 1189 2662 abluerit
1204 2606 1348 2662 Dominus
1363 2605 1480 2661 sordem
1496 2602 1626 2660 siliarum
1641 2602 1727 2673 Sion,

143 2673 356 2732 vestimentum
373 2676 425 2732 tibi
441 2681 497 2744 est,
513 2676 650 2749 princeps
664 2681 725 2734 osto
740 2680 850 2746 noster,
1056 2682 1085 2734 et
1099 2677 1274 2749 sanguinem
1290 2676 1454 2732 Jerusalem
1470 2675 1574 2732 laverit
1586 2675 1624 2731 de
1638 2675 1739 2732 medio
1751 2674 1862 2747 ejus,

176 2746 261 2803 ruina
276 2752 374 2804 autern
390 2748 452 2803 nac
466 2749 522 2805 sub
537 2765 627 2806 manu
641 2755 701 2805 tua.
1056 2748 1161 2823 spiritu
1179 2749 1279 2805 'udicii
1295 2753 1325 2804 et
1338 2748 1442 2820 spiritu
1460 2748 1576 2803 ardoris
1590 2747 1644 2818 (lt.
1667 2747 1871 2804 combusti:

19 2864 27 2873 .
140 2818 340 2891 Respondebit
356 2821 386 2875 in
401 2819 521 2885 dicitis,
538 2821 662 2877 dicens:
1128 2764 1197 2893 nis5.

179 2889 242 2946 Non
258 2907 325 2947 sum
343 2891 515 2976 modionas
528 2893 557 2948 in
569 2893 803 2949 domomnanou
816 2889 966 2964 estpsuis,
1020 2895 1055 2948 nt
1066 2891 1177 2975 creabit
1194 2891 1337 2975 Dominus
1352 2905 1441 2961 super
1454 2905 1571 2946 omnem
1589 2889 1687 2946 locum
1703 2889 1816 2974 montis

140 2967 491 3091 Noniotrpcaozossttirtffeernetpnner
507 3006 666 3162 principem
683 3032 795 3107 populi.
1057 2964 1219 3091 etsialrtgr'ur‘irt
1231 2962 1871 3160 gtbgpffinodcgaemzeptnig'i'ifffflglliglitrub:

140 3103 211 3160 Ruit
226 3107 304 3162 enim
320 3105 495 3174 ierusalem,
510 3110 539 3163 et
553 3110 589 3162 lu
613 3123 646 3163 as
661 3105 811 3162 concidit:
1058 3113 1103 3163 cte
1119 3125 1125 3162 :
1143 3123 1232 3178 super
1247 3123 1361 3163 ornnem
1379 3106 1457 3162 enirn
1474 3107 1598 3234 goriam
1615 3105 1772 3177 projectio.

176 3177 247 3249 quia
256 3176 357 3262 lingua
367 3194 469 3234 corum
481 3182 509 3235 et
520 3178 742 3236 adinventiones
751 3192 852 3234 eorum
865 3180 966 3235 contra
1022 3183 1058 3236 st
1070 3177 1290 3234 tabernaculum
1308 3178 1364 3233 erit
1375 3178 1405 3232 in
1421 3194 1470 3232 um
1495 3177 1628 3233 raculurn
1645 3176 1705 3234 diei
1716 3177 1757 3232 ab
1765 3180 1871 3233 nst-s

230 3249 403 3320 Dominum,
1055 3256 1083 3307 et
1099 3251 1128 3305 in
1145 3249 1332 3306 securitatem
1348 3253 1376 3305 et
1390 3249 1615 3306 absconsionem
1634 3265 1654 3306 s
1676 3249 1798 3306 turbine
1853 3266 1871 3309 e

176 3321 209 3375 nt
223 3325 414 3390 provocarent
428 3320 528 3377 oculos
545 3318 709 3393 majestatis
722 3319 798 3390 ejus.
1092 3321 1198 3393 pluvis.

139 3390 258 3463 Agnitio
272 3391 374 3448 vultus
388 3408 490 3448 eorum
505 3392 657 3464 respondit
671 3391 727 3458 eis,
1057 3393 1138 3466 (Cap.
1155 3392 1202 3465 V.)
1218 3390 1348 3448 Gantabo
1364 3391 1417 3462 (at.
1433 3391 1500 3448 odd.
1517 3391 1606 3464 nunc)
1620 3390 1729 3448 dilecto
1742 3406 1817 3448 met)

175 3466 205 3518 et
219 3467 371 3534 peccatum
387 3479 475 3520 surim
492 3464 577 3535 qnasi
588 3465 716 3521 Sodoma
726 3463 966 3536 predicaverunt,
1092 3465 1239 3521 canticum
1256 3463 1398 3536 patruelis
1412 3464 1481 3535 mai,
1497 3462 1588 3519 vinea
1602 3479 1676 3520 sua.

214 3550 267 3590 nec
280 3535 500 3592 absconderunt
515 3552 522 3590 z
1020 3535 1113 3591 Vinea
1128 3537 1204 3591 iacta
1217 3539 1263 3591 est
1275 3535 1385 3591 dilecto
1400 3550 1465 3591 meo

139 3603 188 3660 Vsa
203 3606 309 3662 anima
325 3623 426 3665 eorum
444 3623 452 3663 t
1094 3610 1122 3663 in
1137 3623 1227 3664 cornu
1244 3605 1304 3663 illio
1318 3606 1385 3663 olei.
1583 3657 1588 3664 .

176 3678 316 3748 quoniam
331 3678 445 3735 reddita
460 3680 531 3734 sunt
544 3677 588 3733 eis
603 3675 690 3734 mala.
1020 3679 1257 3752 aesopianam
1271 3683 1301 3734 et
1313 3677 1427 3752 lapidea
1441 3677 1528 3751 elegit
1542 3694 1577 3735 ex
1590 3676 1653 3747 illa,

142 3745 235 3807 Dicite
247 3750 328 3822 justo
343 3751 482 3823 quoniam
497 3750 585 3815 bene,
1057 3755 1086 3807 et
1121 3751 1245 3807 lentavit
1259 3765 1322 3806 eam
1338 3749 1461 3806 eiectam
1476 3751 1498 3820 ¹,

178 3824 318 3895 quonism
335 3823 462 3879 iructum
479 3819 718 3878 adinventionum
736 3836 858 3878 suarum
874 3837 969 3880 come·
1021 3824 1056 3880 lit
1070 3767 1225 3879 avlincavit
1238 3821 1342 3877 turrim
1358 3822 1388 3877 in
1404 3821 1502 3877 medio
1517 3820 1592 3894 ejus,

250 3894 309 3951 det.
1056 3899 1086 3950 et
1102 3893 1229 3951 torcular
1241 3893 1386 3950 exstruxit
1399 3893 1429 3948 in
1445 3909 1480 3950 ea
1495 3909 1502 3950 :

142 3966 191 4020 Vsa
205 3963 245 4022 im
270 3966 298 4022 io
312 3965 343 4022 in
358 3964 470 4022 mnium
488 3980 495 4020 :
1021 3966 1052 4022 Dr
1068 3964 1248 4038 exspectavit
1262 3969 1295 4020 ut
1309 3965 1416 4023 iaceret
1430 3981 1513 4030 uvas,

177 3982 332 4095 retributio
346 4037 425 4094 enim
442 4051 585 4092 munuum
600 4034 666 4106 ejus
679 4035 729 4091 ilet
742 4033 780 4092 ai.
1057 4042 1086 4094 at
1100 4037 1169 4094 iecit
1183 4036 1348 4093 labruscas.

141 4108 286 4180 Populum
304 4124 403 4166 meum
419 4113 569 4166 exactores
584 4106 630 4162 sui
645 4106 856 4178 spoliaverunt,
1020 4109 1105 4166 Nunc
1118 4124 1199 4181 ergo,
1214 4108 1393 4165 habitatores
1407 4105 1583 4174 Jerusalem,
1598 4109 1627 4163 et
1641 4105 1697 4162 viri
1710 4104 1792 4175 lude,

175 4184 205 4236 et
220 4181 360 4239 mulieres
374 4181 530 4237 dominata
546 4181 617 4235 sunt
630 4179 695 4249 ejus
708 4178 762 4251 [At.
777 4179 841 4252 aial.
1053 4181 1184 4251 Judicate
1196 4182 1273 4235 inter
1287 4196 1334 4236 me
1348 4184 1377 4234 at
1389 4181 1504 4237 vineam
1522 4193 1630 4235 meam.

141 4249 251 4325 Populo
266 4269 361 4321 meus,
378 4254 429 4325 qui
445 4253 562 4308 beatum
579 4256 608 4308 te
622 4251 735 4317 dicunt,
755 4250 813 4315 ipsi
837 4253 866 4306 te
888 4250 967 4308 deci·
1022 4253 1096 4321 Quid
1111 4253 1246 4323 estquod
1264 4252 1351 4308 debui
1367 4250 1446 4307 ultra
1460 4252 1555 4306 iacere
1565 4249 1658 4306 vineas

178 4324 272 4395 pinnt,
288 4331 318 4381 ct
329 4325 407 4381 viam
421 4338 576 4392 gressuum
594 4326 712 4378 tuorum
729 4320 885 4394 dissipant.
1058 4340 1141 4389 meae,
1156 4329 1185 4379 et
1200 4340 1257 4379 non
1273 4323 1327 4380 ieci
1344 4324 1397 4393 (lt.
1414 4321 1544 4393 fecerim)
1558 4320 1605 4377 eit

141 4393 255 4451 stated
268 4397 462 4466 iudicandum
479 4395 632 4463 Dominus,
1020 4398 1063 4452 An
1079 4396 1157 4469 quod
1173 4396 1336 4467 exspectavi
1352 4404 1380 4451 ut
1398 4395 1505 4452 iaceret
1518 4409 1602 4459 uvas,
1617 4396 1647 4448 et
1662 4390 1732 4448 iecit
1745 4390 1828 4449 labra·

31 4498 60 4539 ·.
176 4464 674 4541 etstntaojnnirandospopulos.
777 4535 783 4546 Ι
981 4494 1005 4561 n
1128 4467 1213 4523 scas?
1632 4534 1639 4546 υ
1728 4534 1734 4546 ⁹

142 4537 286 4623 Dominus
301 4539 497 4625 adjudicium
512 4537 610 4624 veniet
629 4551 697 4594 cum
721 4535 843 4592 senibus
865 4535 966 4609 popuii
1021 4543 1054 4594 Bt
1069 4554 1148 4595 nunc
1162 4537 1316 4593 ostendam
1330 4537 1414 4594 vobis
1429 4535 1691 4620 quidcgoiacram
1706 4547 1794 4618 vanae
1824 4611 1830 4627 ι

140 4611 639 4767 νοῖῃὲἲιῗιιιιρῖὲῖῗυᾞᾞῗῑῗῗῗυέιω
654 4678 708 4750 (av.
724 4677 787 4735 edd·
804 4680 924 4752 msam),
1055 4609 1627 4752 ῗῑῗῗέὧυιῗξῖἑῗῑῖἷῖᾙῖἶυῖἰθὶῗιῗιἒξ
1638 4607 1830 4736 {ffatim

177 4770 281 4828 raprne
297 4755 435 4828 pauperia
450 4754 481 4812 iu
497 4754 585 4811 domo
599 4756 707 4808 vestra.
1127 4769 1204 4809 uem.

140 4825 236 4892 Quare
250 4828 375 4884 atteritis
388 4826 529 4900 populum
546 4839 656 4888 meum,
756 4893 762 4905 ·
1019 4825 1055 4882 ut
1069 4841 1175 4896 ponam
1191 4838 1255 4878 eam
1272 4824 1440 4880 desertam:

176 4903 204 4956 et
219 4899 309 4957 iacies
323 4914 486 4972 pauperum
503 4894 691 4966 commolitis,
707 4891 778 4950 dicit
791 4893 935 4951 Dominus
1056 4912 1113 4953 non
1130 4895 1294 4969 putabitur,
1310 4900 1340 4952 et
1355 4912 1413 4952 non
1429 4892 1580 4952 fodietur:

213 4974 289 5029 Deus
304 4969 507 5027 exercituum?
1056 4973 1085 5024 et
1098 4969 1257 5025 ascendant
1270 4983 1373 5040 vepres
1387 4972 1417 5024 et
1428 4966 1537 5038 spinea3

138 5046 177 5100 Bt
191 5042 266 5099 dixit
281 5042 424 5099 Dominus
438 5059 446 5097 ι
1056 5044 1086 5097 et
1101 5040 1232 5097 nubibus
1247 5039 1404 5109 mandabo,
1420 5054 1457 5094 ne
1471 5037 1576 5110 pluant
1590 5051 1683 5109 super
1699 5051 1766 5092 eam
1788 5033 1831 5089 in·

17 5184 23 5193 ι
140 5114 245 5171 Proeo
282 5115 339 5170 uod
355 5114 473 5170 elevatae
487 5113 559 5168 sunt
571 5108 639 5166 tiliae
653 5108 734 5177 Sion,
1127 5111 1219 5168 brem.

175 5190 206 5245 et
219 5202 267 5243 am
292 5185 448 5243 ulavnrunt
459 5185 578 5241 extento
592 5180 677 5251 coilo,
687 5185 717 5237 et
732 5178 854 5237 nutibus
868 5178 966 5237 oculo·
1020 5182 1109 5238 Vince
1125 5182 1204 5240 enim
1222 5179 1336 5237 Domini
1351 5179 1545 5248 exercituum,
1560 5178 1671 5234 domus
1686 5177 1777 5237 lsrael
1788 5174 1832 5232 ert·

212 5275 278 5315 rum
294 5257 388 5321 liunt.
400 5261 430 5315 ct
444 5254 625 5330 plaudebant
640 5269 647 5308 ε
1056 5257 1086 5310 et
1100 5255 1146 5309 vir
1158 5254 1248 5323 luda,
1264 5267 1384 5325 germen
1400 5249 1572 5308 delectabile
1586 5249 1653 5322 ejus
1667 5264 1676 5306 t

174 5329 410 5396 ambulabant,st
423 5330 453 5385 in
469 5327 596 5403 pedibus
611 5324 675 5382 suis
689 5321 858 5396 ,composito
873 5321 966 5398 meda
1056 5329 1086 5380 et
1100 5323 1288 5398 exspectavit,
1304 5329 1337 5380 ut
1352 5323 1460 5381 iaceret
1470 5321 1630 5394 iudicium,

210 5401 411 5460 incedebant:
796 5464 802 5477 ‚
1056 5400 1086 5453 et
1100 5413 1167 5454 ecce
1182 5396 1323 5469 iniquitas
1339 5412 1347 5452 z

141 5473 310 5530 Decnlvabit
323 5472 466 5531 Dominus
481 5468 619 5526 verticem
632 5465 760 5522 tiliarum
773 5465 854 5537 Sion,
1057 5473 1087 5525 at
1096 5469 1258 5542 justitiam,

173 5547 204 5600 et
217 5545 361 5605 muninus
384 5545 438 5619 (tl.
463 5552 519 5600 tac.
545 5537 701 5611 Dominus)
725 5537 838 5595 crinem
864 5552 967 5596 earam
1057 5545 1086 5597 et
1100 5557 1167 5599 ecce
1181 5540 1302 5598 clamor.

211 5616 347 5677 nudabit.
1022 5609 1072 5668 Vas
1084 5612 1136 5686 qui
1151 5609 1331 5686 conjungitis
1344 5608 1466 5667 domum
1481 5606 1520 5666 ad
1534 5605 1671 5676 demum,

106 5757 522 5898 mialsssstrssmmecbnm
539 5757 731 5822 transtulisse
746 5758 862 5820 electam
876 5757 1011 5820 tradite.
1025 5757 1153 5849 Peterin
1169 5761 1346 5826 comment,
1363 5754 1414 5814 nbi
1438 5759 1468 5813 ct
1491 5754 1627 5831 prolerre
1649 5754 1718 5853 ipse
1736 5752 1837 5813 videa
