3870 6120
107 210 162 269 aee
622 178 1292 274 s.aianoaru1n1v1uaamarurnaca.
1407 196 1413 201 '
1761 216 1810 275 esi

108 336 192 395 Nunc
207 352 397 410 consurgam,
413 336 485 393 dicit
498 337 662 396 Dominus:
945 340 973 407 A
987 338 1061 404 Quis
1072 336 1233 410 indignatio
1249 335 1364 395 Domini
1379 354 1469 412 super
1483 354 1590 397 onines
1603 343 1722 413 gentes,

146 425 225 465 nunc
238 407 396 474 exaltabor,
408 425 485 465 nunc
496 411 681 469 sublevabor.
1023 415 1052 467 et
1066 410 1147 466 lurcr
1169 426 1259 482 super
1275 411 1442 468 universam
1459 411 1601 469 mititiam
1617 427 1742 470 eornm:

145 480 324 552 Concipietis
339 483 485 552 ardorem,
1022 481 1169 539 interiecit
1183 498 1245 550 eos,
1259 486 1289 539 et
1301 482 1382 540 dedit
1396 499 1447 541 eos
1461 484 1518 555 (ct.
1536 488 1610 542 tacet
1617 485 1720 556 eos)in
1735 484 1805 544 neei-

146 552 267 626 parietis
282 552 422 624 stipulam
435 571 442 609 :
1056 555 1180 610 sionem.

110 625 765 770 stellattitulatitulitin,
986 624 1583 756 ¹¹¹tlttitttttdtttitmaa
1598 699 1705 758 aava„

145 768 236 839 spinae
252 785 304 823 con
317 775 433 841 ’regulae
450 771 510 839 igni
527 771 746 829 comburentur.
984 771 1146 828 Taheaceut
1161 774 1275 824 montes
1290 786 1370 825 asan
1396 768 1463 825 uine
1479 786 1595 829 eorum.

109 841 225 906 Audite,
242 842 292 911 qui
308 786 493 922 iongeestis,
509 858 572 912 quaa
590 842 720 909 fecerim,
1021 844 1056 900 nt
1071 841 1202 897 tabescet
1216 841 1314 896 omnis
1327 785 1597 908 miiitiacoelorum,

143 915 171 966 et
186 912 364 983 cognoscite,
380 913 478 977 vicini,
495 914 697 971 lhrtitudiuem
716 931 822 972 meam.
1020 915 1056 971 luc
1070 912 1327 985 complicabuntur
1341 914 1418 970 sicut
1434 913 1508 970 liber
1523 914 1611 971 emti:

107 983 262 1042 Conterriti
278 989 349 1040 suut
365 984 393 1039 iu
410 985 478 1041 Sion
497 992 672 1055 peccatores,
1020 992 1049 1043 et
1063 986 1161 1041 omnis
1178 984 1291 1041 malitia
1305 999 1407 1041 eorum
1424 984 1542 1056 defluet,

144 1055 274 1129 possedit
290 1062 402 1112 tremor
419 1056 595 1129 hypocritas.
1021 1059 1098 1114 sicut
1113 1056 1215 1112 delluit
1232 1054 1333 1112 lolium
1351 1059 1387 1114 de
1402 1057 1487 1114 vinea
1501 1063 1530 1114 et
1542 1058 1578 1114 de
1594 1057 1663 1114 ileu.

107 1128 179 1193 Quis
196 1127 302 1199 poterit
315 1127 448 1184 hahitare
463 1130 499 1183 do
514 1129 596 1185 vobis
612 1146 679 1186 cum
697 1132 763 1202 igue
774 1132 931 1190 devorante
1020 1129 1165 1197 Quoniam
1177 1128 1340 1184 inebriatus
1356 1133 1401 1185 eat
1415 1128 1444 1185 in
1460 1129 1533 1187 coelo
1561 1129 1682 1204 gladius
1708 1144 1788 1188 meua:

147 1200 212 1270 quis
227 1198 373 1256 habitabit
385 1216 420 1255 ex
432 1199 515 1256 vohis
530 1218 596 1257 cum
613 1202 768 1261 ardoribus
779 1204 932 1277 sempiter·
986 1208 1056 1258 Ecca
1071 1217 1161 1273 anper
1176 1199 1335 1265 Idumaeam
1351 1200 1520 1269 descendat,

182 1270 252 1326 nia‘l
1021 1271 1293 1344 etsuperpopulum
1305 1272 1606 1344 interiectionismeae,
1618 1273 1784 1345 adjudicium

109 1341 162 1410 Qui
179 1340 312 1397 auihulst
328 1342 356 1396 iu
369 1341 507 1413 justitiis,
986 1345 1107 1404 (dindina
1124 1342 1237 1400 Domini
1254 1341 1440 1416 repletusest
1454 1345 1612 1419 sanguine,
1628 1346 1783 1405 incrassatus

145 1417 174 1469 et
190 1414 321 1486 loquitur
336 1415 499 1481 veritatem,
1021 1423 1065 1475 est
1079 1416 1174 1487 adipe.

109 1486 163 1551 Qui
180 1485 295 1558 projicit
308 1487 462 1542 avaritiam
477 1504 513 1543 en
527 1488 686 1558 calunioia,
986 1492 1027 1548 lle
1040 1488 1184 1560 sanguiue
1197 1501 1340 1559 agnorum
1355 1491 1385 1544 et
1399 1485 1562 1558 hircorum,

144 1563 172 1612 et
187 1557 297 1615 excutit
311 1574 416 1613 uranus
432 1574 501 1614 suaa
517 1561 554 1617 ah
569 1562 650 1617 oruni
667 1577 798 1634 minnere,
1021 1563 1057 1618 de
1071 1558 1215 1631 sunguine
1231 1558 1458 1615 medullatorum
1474 1560 1598 1617 arietum
1615 1575 1622 1615 :

9 1648 13 1665 ·
108 1629 162 1694 Qui
179 1631 297 1686 obturat
307 1646 393 1686 aures
409 1646 478 1685 suas
490 1649 526 1688 ne
541 1634 641 1689 audiat
657 1634 843 1706 sauguinem,
985 1633 1109 1691 Victima
1123 1630 1200 1686 enim
1217 1628 1333 1686 Domini
1348 1631 1377 1685 in
1393 1631 1494 1695 Bnara.

145 1707 173 1757 et
188 1702 299 1759 claudit
313 1702 413 1758 oculos
429 1719 499 1759 euos
514 1722 549 1760 ne
566 1706 662 1762 videat
677 1707 798 1764 naulum.
943 1721 967 1784 Β
1016 1713 1045 1762 et
1059 1703 1219 1759 interiectio
1231 1717 1338 1774 magna
1352 1703 1381 1757 iu
1397 1709 1475 1759 terra
1489 1704 1594 1761 adom.

108 1772 167 1830 lete
182 1775 211 1829 in
228 1772 351 1830 excelsis
367 1774 520 1844 habitabit,
982 1784 1016 1840 Et
1030 1775 1207 1833 descendent
1220 1774 1377 1830 unicornes
1387 1789 1455 1831 cum
1466 1775 1520 1841 eis,

146 1846 327 1901 munimenta
344 1864 482 1903 saxorum
498 1848 668 1906 sublimitas
683 1851 768 1922 ejus:
1017 1855 1047 1907 ct
1061 1847 1137 1905 tauri
1153 1861 1219 1901 curu
1237 1846 1425 1917 potentibus:

110 1918 234 1975 Panisci
252 1919 337 1973 (¹¹¹¹ssss
353 1923 408 1986 0⁸¹,
983 1919 1180 1983 inebriabitur
1194 1921 1273 1973 terra
1286 1933 1389 1974 eorum
1404 1917 1560 1990 sauguine,

146 2006 227 2060 sque
243 1992 307 2062 ejus
324 1990 424 2045 ildelea
440 1994 520 2047 suut.
1019 2000 1047 2053 et
1060 1993 1171 2049 bumue
1182 2005 1283 2045 eorum
1300 1989 1384 2062 adipe
1394 1990 1552 2074 pingnium
1568 2005 1576 2046 :

110 2066 217 2134 Regem
233 2062 263 2117 iu
278 2063 381 2117 decore
393 2078 446 2117 suo
461 2061 602 2118 videbunt
616 2062 692 2120 oculi
708 2064 783 2137 eiua,
983 2069 1057 2137 Quia
1071 2064 1135 2119 dies
1151 2059 1271 2116 ultionis
1288 2061 1415 2130 homini,

145 2139 266 2190 cernent
281 2140 389 2188 terrum
406 2133 441 2187 de
457 2132 554 2206 louge·
1019 2152 1115 2197 eunus
1130 2133 1357 2190 retributionum
1369 2131 1475 2204 judicii
1490 2131 1572 2191 Sicu.

144 2208 200 2261 cor
215 2211 296 2260 tuum
315 2204 508 2260 meditabitur
523 2207 677 2262 timorem:
981 2214 1017 2269 Et
1031 2210 1235 2267 convertentur
1250 2208 1395 2262 torrentes
1411 2205 1441 2261 in
1458 2203 1564 2277 picem,

110 2274 162 2332 Ubi
175 2280 218 2332 est
234 2276 381 2331 litteratus
398 2276 451 2347 [At.
468 2276 603 2347 Scriba]t
1019 2287 1048 2339 et
1063 2280 1173 2337 humus
1187 2277 1218 2331 in
1233 2275 1377 2349 sulphur:
1751 2342 1757 2355 ι

147 2348 196 2403 uhi
210 2346 284 2417 legis
300 2347 388 2402 verba
400 2347 566 2419 ponderans
581 2350 595 2404 t
983 2360 1017 2412 itt
1029 2353 1085 2411 erit
1098 2356 1175 2406 terra
1189 2349 1255 2418 ejus
1270 2348 1299 2404 iu
1318 2350 1409 2420 picem
1427 2347 1579 2403 ardentem
1597 2349 1680 2404 nocte
1697 2348 1722 2403 et
1736 2343 1777 2412 die,

139 2419 195 2474 nbi
212 2419 313 2475 doctor
328 2419 539 2490 parvulorum?
1020 2442 1077 2483 uon
1093 2421 1297 2491 exstinguetur
1312 2421 1342 2476 in
1359 2420 1595 2492 sempiternum:

111 2490 256 2564 Populum
273 2492 473 2575 impudentem
491 2491 500 2527 ¹
517 2508 575 2548 uon
591 2491 715 2558 videbis,
983 2496 1130 2556 ascendet
1148 2492 1362 2575 lamustejuaa
1378 2492 1568 2564 generatione
1595 2489 1626 2547 in
1649 2486 1781 2563 generatio·

146 2561 290 2692 itiiiilicii
298 2562 815 2708 [iiisiaeiffiiiti2s'radisertitudinem
826 2635 933 2710 lingue
1020 2563 1318 2699 igiluriteiiiiiiiii
1331 2562 1487 2707 zraeraaeaffls
1503 2560 1687 2719 muloti&

146 2709 222 2779 ojus,
988 2715 1022 2772 Et
1037 2729 1072 2785 po
1095 2708 1234 2765 sidebant
1248 2706 1330 2764 illam
1345 2705 1532 2763 onocrotalus
1546 2709 1577 2763 et
1590 2720 1711 2762 ericius:

145 2779 175 2835 iu
192 2795 250 2851 quo
266 2777 347 2834 nulla
362 2782 406 2835 eat
420 2779 576 2852 sapientia.
1022 2789 1052 2842 at
1070 2782 1127 2837 ibis
1141 2782 1169 2835 et
1184 2795 1289 2837 corvus
1305 2779 1481 2835 habitabunt
1494 2777 1525 2835 iu
1540 2794 1593 2835 ea:

113 2852 249 2923 Respice,
264 2850 345 2917 Sion,
362 2850 509 2908 civitatem
526 2850 723 2908 solemnitatis
738 2856 844 2909 nostra
990 2862 1025 2914 Bt
1039 2852 1213 2913 extendetur
1228 2868 1317 2923 super
1331 2867 1395 2907 eam
1406 2866 1557 2918 mensura,
1569 2853 1602 2906 ut
1615 2839 1783 2922 redigaturud

150 2923 225 2980 ocuti
240 2923 282 2978 lui
294 2922 627 2994 videbuntterusalam,
638 2922 849 2981 habitationem
861 2940 936 2996 opu·
1063 2924 1201 2993 nihilum,

186 2995 307 3064 lentam,
989 3004 1019 3058 et
1056 2992 1280 3070 erpaudioulum
1295 2992 1325 3048 in
1341 2991 1562 3051 desolationem.

114 3066 352 3132 tabernaculum,
370 3066 803 3150 quodnequaquamtransierri
819 3066 935 3141 poterit:
952 3089 974 3158 C
992 3015 1112 3130 Noiiles
1124 3068 1189 3138 ejus
1206 3082 1263 3122 nou
1279 3070 1367 3121 eruut
1381 3065 1441 3121 ibi:

151 3155 202 3194 occ
218 3137 387 3193 auferentur
401 3138 472 3192 clavi
484 3142 549 3210 ejus
560 3155 588 3193 iri
601 3138 825 3211 aeaupiternnm,
1029 3157 1125 3215 regem
1144 3138 1242 3211 potius
1257 3137 1446 3203 invocabunt,

148 3214 176 3265 et
191 3224 294 3265 omnes
310 3208 431 3263 funiculi
447 3211 511 3280 ejus
527 3227 583 3265 uon
596 3216 788 3281 ruritpeutur:
1023 3219 1164 3272 atomuee
1175 3210 1323 3283 principes
1335 3210 1403 3281 ejus
1414 3207 1541 3264 enuntia
1553 3205 1690 3263 nihilum.

112 3280 186 3346 Quia
200 3279 385 3336 solummodo
397 3280 437 3336 ibi
453 3282 628 3355 magnificus
648 3282 792 3341 Dominus
813 3287 931 3341 noster:
988 3290 1023 3346 itt
1038 3286 1171 3343 orientur
1185 3282 1215 3338 in
1230 3281 1369 3338 dumibus
1384 3281 1439 3352 (Aa.
1456 3280 1555 3352 domo)
1570 3280 1636 3352 ejus
1662 3278 1755 3353 apina,
1771 3267 1801 3324 0¹

148 3351 229 3407 locus
245 3350 399 3408 iluviurum
1024 3355 1147 3421 urticas

184 3423 238 3479 viri
251 3423 387 3478 latissimi
401 3425 431 3478 0¹
445 3427 595 3495 patentes:
1024 3435 1053 3487 et
1067 3428 1201 3500 paliurus
1217 3424 1245 3480 iu
1263 3421 1481 3480 munitionibus
1491 3423 1575 3493 ejus:

111 3493 173 3550 Non
190 3495 331 3551 transibit
346 3510 397 3567 per
412 3510 476 3551 aum
492 3494 574 3552 navis
590 3495 745 3566 remigum,
988 3508 1023 3560 lit
1038 3503 1093 3558 erit
1109 3498 1206 3556 cubile
1220 3497 1395 3563 dracanum,

114 3566 354 3695 Doiaiiriiiatiiiii
360 3582 454 3706 iiiiii1
459 3571 571 3695 ariirrsiiir8
573 3567 726 3639 &odietur
740 3584 818 3627 eum·
1024 3578 1054 3702 ii
1067 3567 1394 3701 iiiiiieiiriiiiiiiiiiaiain
1392 3581 1600 3695 onocentauris
1614 3636 1625 3672 ¹

148 3710 291 3767 Dominus
308 3710 409 3781 legifer
425 3715 533 3782 noster,
570 3684 577 3706 ⁹
1024 3722 1054 3774 et
1070 3715 1181 3789 pilosus
1197 3710 1337 3768 clamabit
1350 3710 1425 3767 alter
1440 3710 1475 3766 ad
1490 3708 1616 3765 altarum
1627 3678 1642 3764 ἐ

149 3783 292 3840 Dominus
310 3800 359 3840 tex
375 3787 493 3839 notter:
989 3789 1032 3847 lbi
1048 3785 1166 3844 cubavit
1180 3784 1235 3857 (Al.
1251 3782 1381 3855 cubabit)
1396 3781 1495 3845 lamia,

150 3856 212 3926 ipse
228 3854 354 3913 salvabit
369 3869 432 3911 noa.
1025 3864 1054 3917 at
1067 3857 1177 3915 invenit
1194 3856 1248 3922 tat.
1263 3854 1402 3924 inveniet)
1419 3853 1478 3911 sibi
1492 3851 1635 3925 requiam.

115 3926 215 3985 Luxuli
231 3931 301 3984 tuni
316 3925 439 3983 funiculi
451 3925 506 3991 ¹⁰5.
990 3933 1032 3990 tbi
1049 3930 1154 3987 hebuit
1168 3927 1280 3984 ioream
1298 3926 1418 3997 ericius,

150 4000 200 4056 sed
218 4016 275 4056 uon
288 3999 506 4072 prevalebunt:
1025 4009 1054 4060 et
1069 3999 1209 4059 enutrivit
1222 3999 1347 4068 catulos,

114 4071 167 4128 Sic
175 4072 232 4128 erlt
247 4070 343 4128 malus
358 4075 428 4127 tuus
443 4070 454 4105 ¹
1025 4079 1054 4133 et
1069 4071 1268 4139 circumfodit,
1283 4074 1313 4127 et
1328 4069 1397 4127 levit
1414 4067 1442 4123 in
1459 4066 1565 4125 umbra
1579 4064 1643 4138 ejus
1660 4080 1668 4122 τ

153 4148 184 4199 ut
199 4142 322 4200 dilatare
336 4143 452 4215 signum
470 4157 527 4198 uon
544 4158 645 4215 quens.
991 4148 1063 4205 illuc
1079 4162 1132 4202 con
1156 4159 1185 4199 re
1207 4143 1248 4199 ati
1262 4147 1333 4200 eunt
1347 4140 1440 4206 milvi,

116 4213 665 4288 Tuncdividenturspoliepraedarum
679 4215 859 4273 multarum:
1026 4159 1307 4275 alteraieiterum.
1343 4285 1349 4296 Ι
1410 4283 1414 4293 Ι
1576 4278 1616 4294 ..
1767 4279 1773 4293 Ι

153 4286 565 4371 claudidiripieutrapiunm.
991 4285 1313 4361 Requiritediligenter
1342 4281 1472 4367 inlihro
1499 4280 1628 4347 Domini,
1657 4284 1688 4336 et
1718 4271 1844 4353 legit&

116 4358 174 4417 Neo
189 4361 266 4415 dicet
281 4359 393 4416 vicinus
405 4376 411 4415 :
423 4358 563 4425 atanasi:
1027 4376 1119 4418 unum
1136 4358 1222 4415 exeis
1237 4374 1295 4415 nun
1307 4356 1411 4419 aaron.

154 4429 572 4504 populusquihabitatinee,
953 4468 976 4532 D
1025 4425 1473 4500 alteralterumnouquaesivit,
1509 4493 1515 4508 ·
1557 4493 1563 4507 Ι
1750 4493 1757 4507 ι

189 4502 337 4558 nutaretur
352 4502 388 4558 ab
404 4518 436 4558 eu
451 4500 601 4576 iniquitas.
1028 4505 1102 4570 Quia
1115 4503 1192 4576 quod
1207 4518 1243 4559 ex
1256 4517 1306 4557 ure
1320 4515 1385 4556 meo
1401 4495 1540 4579 procedit.
1555 4492 1607 4550 illa
1622 4493 1781 4566 mandavit,

117 4575 199 4647 (top.
216 4573 352 4639 XXXIV.)
368 4573 512 4630 accedito.
525 4578 638 4647 gentes,
649 4573 797 4644 etaudile,
1030 4582 1059 4634 et
1069 4574 1192 4647 spiritus
1206 4575 1271 4644 ejns
1286 4573 1349 4644 ipse
1363 4571 1550 4640 congregavit
1563 4582 1608 4624 as.

156 4650 185 4700 et
200 4644 311 4717 populi,
326 4645 485 4701 attendite:
993 4649 1029 4705 Et
1042 4648 1106 4722 ipae
1120 4647 1201 4704 misit
1215 4646 1258 4702 eis
1273 4649 1382 4701 sortem

118 4716 227 4773 audiat
241 4722 318 4774 terra
333 4722 362 4773 et
378 4716 528 4789 plenitudo
543 4717 608 4787 ejus
623 4732 630 4773 :
1029 4726 1059 4777 et
1074 4735 1180 4775 manus
1195 4719 1260 4790 ejus
1276 4715 1373 4772 divisit
1390 4727 1455 4770 eam
1473 4709 1532 4766 illis
1547 4709 1577 4765 in
1590 4722 1781 4767 mensnram:

154 4789 246 4859 orbis,
257 4793 286 4845 et
301 4805 387 4845 omne
402 4805 521 4861 germen
538 4790 616 4860 ejus.
995 4791 1094 4866 Usque
1109 4791 1137 4847 ia
1153 4795 1294 4848 aternum
1308 4784 1502 4860 possidebunt
1515 4797 1591 4851 mm,

155 4936 164 4971 ¹
182 4931 375 5003 Manuscripti
391 4931 505 4988 codices
520 4930 635 5002 aliquot
649 4945 716 4988 cum
737 4928 854 4987 Cauune
868 4933 941 4987 San·
1031 4935 1117 4991 ¹Nou
1133 4933 1208 4990 bene
1223 4930 1361 4988 dividunt
1375 4930 1486 4984 veteres
1499 4921 1613 5006 librarii
1628 4920 1712 5006 hunc
1727 4921 1821 4977 venir

120 5003 311 5064 Germanenai
327 5004 430 5075 legunt
451 5002 583 5074 poputum
597 5003 822 5075 imprudentem
839 5003 889 5057 sed
908 5018 943 5060 ex
995 5007 1095 5064 culum
1110 5022 1117 5062 :
1132 5021 1202 5062 nam
1216 5003 1245 5059 in
1275 5018 1349 5058 mse.
1375 4997 1525 5055 codicibus
1553 4999 1594 5078 its
1621 4991 1757 5066 legitur:
1784 4977 1844 5073 t:

119 5073 343 5134 Commentariis
359 5074 528 5146 Hieronymi
540 5078 652 5131 certum
668 5079 763 5132 exstat
783 5073 942 5146 legendum
995 5082 1142 5136 occurrent
1155 5075 1305 5142 demente·
1317 5075 1518 5129 onocentaurus
1527 5070 1555 5121 et
1560 5065 1669 5137 pilosus
1685 5064 1805 5147 clamaba

120 5166 185 5207 esse
199 5147 396 5221 impudentem,
409 5162 496 5230 quern
523 5146 665 5218 populum
690 5146 770 5215 dicit,
801 5143 943 5217 populum
995 5151 1071 5206 atter
1085 5148 1119 5203 cd
1133 5150 1266 5204 alterum.
1280 5150 1387 5228 veram
1400 5137 1629 5265 issi¹⁰FV¹¹¹2³⁸⁸
1639 5142 1743 5194 nostra
1750 5141 1834 5192 rear

118 5218 617 5291 Judoeorum‚eivephilosophorum
631 5222 817 5274 otoratorum
827 5217 944 5288 muudi,
995 5220 1043 5277 nsi
1059 5220 1225 5285 lectionem,
1242 5222 1276 5274 ut
1291 5218 1543 5295 manifestissime·
1570 5208 1713 5293 ,celarent
1736 5208 1844 5290 verb!

120 5294 170 5367 qui
187 5291 371 5365 applaudunt
399 5291 455 5347 sihi
478 5290 507 5346 iu
536 5289 701 5345 eruditione
717 5293 747 5345 et
775 5288 944 5362 eloquentia
997 5291 1098 5349 isthaec
1122 5292 1285 5349 Commeat.
1314 5290 1342 5346 S.
1376 5286 1545 5368 Hieronymi
1569 5298 1599 5337 aa
1628 5280 1712 5364 hanc
1742 5281 1844 5369 lsai?

120 5364 371 5423 secularillann.
449 5369 456 5381 ‘
995 5363 1118 5421 locum:
1146 5365 1209 5420 «Et
1238 5365 1393 5418 occurrent
1421 5356 1477 5413 sibi
1503 5370 1533 5409 in
1559 5369 1605 5438 qu.
1626 5357 1713 5423 luth
1739 5351 1844 5408 thha

120 5431 669 5507 -Palataliiquamsscumnohis,
696 5436 759 5488 tum
784 5433 869 5490 Mart.
896 5433 943 5489 in·
996 5436 1112 5493 diversa
1128 5436 1293 5491 damonum
1313 5433 1529 5506 phantasmata.
1551 5441 1624 5493 aive,
1655 5430 1688 5481 ut
1716 5430 1835 5479 omnes

121 5509 439 5636 5⁹¹¹¹i251¹l¹¹¹¹0¹¹t¹¹²
465 5506 599 5562 Diximus
615 5504 651 5561 de
667 5504 721 5561 hac
735 5503 860 5561 lectione
884 5504 943 5576 pri·
998 5509 1047 5565 atii
1060 5508 1144 5626 jui'i'ta
1159 5498 1657 5632 &waitzii-iana&iiiiiintcinii
1661 5496 1832 5640 [155Ψᾶΰῖ

259 5589 270 5633 2
1229 5594 1278 5632 oc

143 5598 463 5710 emflgbrffignessmon
489 5649 578 5706 habet
603 5657 698 5714 nain,
724 5646 753 5703 id
782 5656 826 5704 est
852 5648 945 5704 mulus
996 5579 1818 5721 ”iiiiiuiiiaiilfaevpoetaruningm'entaoeaaai’bunt.»

115 5736 216 5849 50qu
228 5741 236 5792 ;
249 5724 300 5779 sed
316 5726 440 5782 tortasse
457 5720 846 5793 tuusmaluitS.Paterjuata
857 5718 942 5791 tait,
1029 5740 1095 5781 aar.

159 5813 192 5848 Π
208 5813 223 5856 ς’
238 5812 298 5852 σου.
