3878 6150
514 218 623 274 LIBER
640 219 855 276 szsctsssats
872 220 1081 276 suorttssvm.
1597 228 1651 284 ssi

83 338 159 423 acies
188 338 302 394 Domini
330 337 431 394 divisit
459 355 519 407 eos,
540 356 598 397 non
627 341 713 398 addat
739 345 772 399 ut
785 344 1651 423 Aliquemnostrampscuniabibimus:lignanostrnpre-

88 413 157 468 icrat
172 427 222 466 eos
240 425 247 467 :
898 416 938 470 tio
954 415 1200 488 comparavimus.

86 483 273 541 sacerdotum
291 498 350 565 uon
366 482 561 555 erubuerunt,
826 485 993 543 cervicibus
1009 487 1118 544 uostris
1134 489 1333 560 minabamur,
1349 489 1437 548 lassis
1452 509 1509 549 non
1524 494 1652 551 dabatur

91 570 195 612 senum
212 555 325 609 miserti
341 563 419 610 sunt.
897 557 1024 631 requies.

84 643 122 683 vm
138 626 494 707 adbuc'subsisteremus,
510 625 680 683 deiecerunt
694 626 771 683 oculi
827 631 948 703 AEgypto
964 630 1099 687 dedimus
1115 646 1248 703 manum,
1263 636 1293 688 et
1313 634 1442 706 Assyriis
1458 639 1491 691 ut
1504 640 1650 693 saturare·

84 698 112 754 ri
125 698 162 754 ad
177 697 321 753 auxilium
339 703 473 753 nostrum
489 714 610 769 vanum,
899 718 966 757 mur
979 718 1064 773 pane.

84 769 278 842 aspiceremus
293 772 396 825 attenti
411 770 446 825 ad
460 774 589 842 gentem,
828 773 928 829 Patres
943 774 1035 830 nostri
1051 780 1253 845 peccaverunt,
1265 780 1294 831 et
1310 793 1367 833 non
1382 784 1462 842 sunt,
1480 782 1509 835 et
1523 795 1577 836 nos
1591 778 1650 836 ini-

84 841 175 899 alvare
190 858 248 897 non
265 845 387 914 poterat.
898 844 1026 917 quitatss
1041 861 1142 901 eorum
1158 847 1347 918 portavimus.

84 913 309 971 lubricaverunt
332 912 455 984 vestigia
482 917 581 970 nostro
610 913 639 968 in
668 912 773 969 itincre
826 916 904 972 Servi
921 916 1063 973 dominati
1080 922 1150 972 sunt
1165 918 1341 976 nostriznon
1357 921 1413 977 luit
1428 921 1478 993 qui
1495 921 1653 980 redimeret

84 990 380 1053 aerumnostrarum,
830 986 833 992 ’
899 989 1164 1044 demnnueorum.

84 1056 226 1129 ›inquavit
240 1057 309 1112 finis
324 1060 438 1123 nostem
828 1062 859 1116 ln
876 1060 1033 1117 animabus
1058 1060 1168 1115 nostris
1192 1061 1387 1120 offerebamus
1400 1080 1505 1136 panem
1522 1066 1620 1133 nobis,
1638 1081 1655 1121 s

84 1128 118 1185 eti
134 1132 203 1184 sunt
219 1129 281 1185 dies
297 1127 475 1198 nostri‚quia
486 1127 564 1183 venit
579 1126 647 1183 linis
664 1132 771 1183 noster.
900 1131 971 1187 l'ncie
987 1130 1075 1205 gladii
1091 1132 1119 1186 in
1136 1131 1262 1199 deserto,

89 1199 255 1257 velociores
293 1201 411 1256 luerunt
445 1205 646 1270 persecutores
679 1199 773 1256 nostri
829 1203 915 1260 Pollis
931 1203 1139 1274 nostra‚quasi
1154 1203 1290 1260 clibanus
1305 1208 1656 1265 exustacstalecielem·

84 1271 127 1329 ilis
141 1271 205 1328 coeli
222 1289 229 1327 ι
900 1279 1046 1345 pestutum
1061 1275 1161 1330 lamis.

87 1347 202 1400 montes
219 1341 363 1412 persecuti
380 1344 528 1424 suntnos,
828 1346 967 1404 Mulieres
982 1345 1012 1401 in
1027 1345 1095 1402 Sion
1111 1346 1353 1420 humiliaverunt,
1367 1354 1397 1406 et
1411 1350 1539 1423 virgines
1560 1350 1590 1407 in
1615 1350 1657 1408 ci·

84 1420 145 1472 erto
158 1413 291 1470 insidiati
307 1421 376 1469 sunt
392 1413 488 1470 nobis.
898 1417 1042 1474 vitatibus
1056 1418 1143 1474 luda.

84 1487 177 1543 »tritus
193 1488 253 1542 oris
269 1485 363 1541 nostri
378 1483 510 1540 Christus
527 1483 667 1541 Dominus
830 1489 981 1562 Principes
995 1505 1086 1545 manu
1102 1488 1239 1562 suspensi
1255 1494 1326 1547 sunt
1342 1509 1349 1549 :
1372 1493 1461 1550 iacies
1478 1509 1582 1551 senum
1596 1510 1655 1551 non

84 1562 148 1615 rest
163 1559 193 1614 iu
211 1557 339 1631 peccatis
354 1556 462 1612 nostris
480 1572 487 1612 ε
900 1562 1094 1617 erubuerunt.

84 1630 230 1686 rimuszln
249 1629 353 1685 umbra
369 1632 418 1683 tua
433 1628 566 1685 vivemus
581 1628 610 1684 in
626 1625 773 1700 gentibus.
829 1631 1072 1689 Adulescentibus
1094 1633 1244 1704 impudice
1268 1635 1353 1692 abusi
1377 1640 1458 1704 sunt,
1475 1640 1505 1692 et
1527 1636 1610 1709 pueri
1626 1637 1656 1693 in

84 1703 160 1767 iude,
175 1707 204 1757 et
218 1701 328 1770 latare,
345 1698 405 1754 filia
418 1699 522 1770 Edem,
536 1716 599 1772 quc
612 1699 730 1756 habitas
745 1701 774 1754 in
789 1724 814 1790 B
902 1703 980 1777 ligno
995 1709 1179 1761 corruerunt.

84 1773 172 1830 aHua
188 1791 195 1830 ι
829 1776 919 1832 Senes
935 1776 971 1832 de
987 1775 1079 1846 portis
1095 1776 1406 1850 deiecerunt,J'uvenes
1422 1779 1458 1834 de
1472 1779 1561 1836 choro
1575 1779 1656 1852 psal·

84 1861 195 1929 suoque
211 1843 359 1916 perveniet
374 1840 458 1908 calix,
900 1847 1036 1904 lentium.

84 1918 188 1983 abens,
205 1921 292 1987 atque
307 1914 477 1970 nudaberis.
829 1918 940 1976 Deiecit
954 1917 1096 1992 gaudium
1113 1919 1209 1976 cordis
1220 1920 1490 1979 nostrizversusost
1501 1921 1530 1977 in
1542 1921 1656 1979 luctum

84 1987 282 2061 templetaest
298 1986 440 2058 iniquitas
458 1993 519 2058 tun,
536 1984 596 2042 silio
621 1985 700 2052 Sion,
718 2001 775 2041 non
901 1991 1009 2047 chorus
1029 1995 1139 2046 noster.

91 2059 168 2116 ultra
185 2063 217 2114 ut
231 2061 423 2129 transmigret
436 2064 465 2113 tc
483 2073 489 2111 :
829 2062 938 2119 Cecidit
953 2078 1060 2118 corona
1075 2061 1181 2134 cepitis
1196 2063 1311 2119 nostri:
1338 2080 1379 2119 vae
1395 2064 1490 2135 nobis,
1506 2064 1575 2137 quia
1589 2080 1658 2138 pac·

84 2132 115 2187 vit
127 2130 314 2203 iniquitatem
329 2134 422 2197 tuam,
438 2129 498 2185 sitin
511 2128 614 2198 Edem,
900 2135 1041 2190 cavimus.

87 2202 185 2276 paruit
199 2206 319 2276 peccata
333 2205 393 2258 tua.
830 2209 986 2279 Propterea
1000 2210 1138 2260 moestum
1155 2204 1264 2261 lactum
1286 2210 1331 2262 est
1355 2222 1405 2262 cor
1427 2211 1574 2276 nostrum,
1591 2206 1657 2264 ideo

902 2275 1102 2333 contenebrati
1119 2276 1280 2333 suntoculi
1295 2277 1399 2334 nostri.

314 2343 419 2383 fflcll'll
830 2350 951 2422 Propter
965 2350 1094 2405 montem
1110 2347 1191 2416 sion,
1201 2349 1271 2420 quia
1285 2348 1540 2421 disperiit,vulpes
1555 2351 1657 2406 ambu-

194 2426 328 2484 culmo
344 2429 352 2462 ¹
374 2424 538 2482 tanatum
901 2420 1037 2477 laverunt
1051 2419 1080 2474 in
1096 2434 1141 2474 eo.

262 2524 469 2581 ponimns.
831 2492 874 2547 o.
891 2490 1655 2634 titt’liutticitt.ttti.tttttt=.t⁰¹³⁰¹¹²

88 2633 284 2706 illeoordara,
299 2630 431 2701 Domine,
448 2628 517 2701 quid
534 2626 671 2684 acciderit
831 2637 925 2700 Quare
936 2635 965 2689 in
976 2638 1150 2706 perpetuum
1162 2632 1343 2690 oblivisceris
1351 2634 1459 2690 nostrii
1471 2634 1657 2706 derelinques

84 2751 86 2767 ‚
103 2707 226 2770 intuere,
242 2710 270 2760 et
285 2704 397 2775 respice
411 2700 601 2775 opprobrium
631 2702 776 2756 nostrum.
902 2721 956 2762 nos
970 2705 1001 2761 in
1016 2704 1200 2776 longitudine
1214 2704 1354 2760 dierum?

84 2793 112 2833 1³
123 2782 224 2833 notit&
234 2793 317 2832 verflss
327 2775 416 2831 etlad
429 2772 660 2840 alienos,domus
671 2777 776 2828 ¹¹08er
831 2777 1029 2847 Comminus,
1049 2776 1182 2842 Domine,
1199 2776 1234 2831 ad
1251 2781 1289 2845 te,
1305 2781 1334 2831 et
1348 2780 1575 2832 convertemur:
1606 2775 1654 2831 in·

84 2856 238 2905 extraneos.
903 2864 977 2905 nova
991 2848 1054 2904 dies
1069 2851 1195 2911 nostros,
1212 2848 1289 2903 sicut
1303 2863 1319 2902 a
1334 2846 1488 2919 principio.

90 2921 170 3048 lactid
189 2935 293 2976 sumus
312 2919 423 2989 absquo
438 2920 531 2989 patre,
546 2918 654 2972 mulces
670 2918 777 2971 11⁰8er
831 2921 886 2977 Sed
903 2919 1061 3047 prgjiciens
1085 2917 1219 3024 appulisti
1236 2934 1300 2988 nos,
1314 2917 1408 2975 iratus
1423 2934 1455 2974 as
1471 2922 1574 2974 contre
1600 2933 1654 2974 nos

85 2993 151 3049 sivi
174 3010 226 3049 un.
902 3007 935 3048 ve
959 2995 1091 3047 amanter
1117 3030 1124 3045 .

84 3132 160 3190 ionis
181 3131 315 3189 ieremias
340 3130 475 3214 meminit
488 3130 518 3186 S.
534 3130 730 3201 Hieronymus
745 3128 775 3184 in
790 3097 813 3165 C
833 3149 891 3205 quo
906 3137 935 3190 et
949 3131 1386 3203 Lamentatinnaszquamquam
1401 3132 1464 3188 isto
1475 3132 1504 3187 id
1519 3134 1657 3201 praterea

91 3205 320 3276 scripturorum,
337 3203 421 3258 libris
436 3202 548 3274 Regum
561 3201 689 3327 profixo,
706 3216 777 3273 pro·
833 3205 971 3272 babeant,
987 3205 1065 3330 (pund
1077 3205 1162 3274 juxta
1177 3202 1342 3260 litterarum
1365 3203 1471 3260 seriem
1487 3202 1531 3259 vel
1546 3202 1656 3286 singuli

84 3276 146 3347 ginti
160 3281 189 3332 et
203 3277 277 3331 duas
293 3275 406 3330 litteras
421 3290 486 3329 esse
501 3289 557 3344 apu
593 3272 730 3327 Hebraeos
744 3286 780 3326 ex
833 3277 955 3349 quique,
965 3291 999 3331 ve
1026 3275 1086 3331 bini
1100 3291 1201 3331 versus
1216 3275 1253 3330 ab
1267 3291 1368 3331 earum
1383 3291 1441 3330 una
1455 3290 1489 3330 ex
1501 3274 1604 3331 ordine
1614 3290 1658 3329 vn·

84 3349 188 3405 luabus
198 3347 470 3417 incisionibus,qoae
482 3343 780 3416 supputanturinhac
834 3350 988 3404 obeantur.
997 3346 1108 3418 Nempe
1119 3346 1148 3402 id
1160 3345 1217 3401 sibi
1232 3362 1326 3402 unum
1342 3351 1533 3418 proposuerat
1546 3362 1580 3403 ao
1594 3344 1659 3402 loco
1766 3344 1771 3355 “

84 3422 212 3476 tratione.
224 3419 311 3474 Porro
322 3417 438 3473 numeri
448 3416 538 3471 Greci
549 3415 658 3485 quibus
669 3414 781 3470 utimur
834 3419 999 3489 ostendere,
1009 3418 1112 3490 viginti
1124 3419 1199 3475 duas
1208 3434 1274 3475 esse
1285 3418 1442 3474 Hebraicas
1452 3417 1658 3489 litteras,qood

84 3490 409 3557 entieditioue,c0dem
425 3486 780 3560 modoreperlunturde·
835 3496 899 3548 tum
914 3490 980 3546 aliia
995 3488 1147 3562 exemplis,
1163 3493 1227 3544 tum
1242 3489 1296 3545 hoc
1310 3488 1375 3562 ipso
1403 3489 1659 3546 lamentationum
1770 3482 1780 3495 “

84 3561 324 3634 nexempleribus
339 3560 464 3615 Cononis
479 3559 626 3614 Hebraico
637 3557 779 3614 veritatis.
835 3567 924 3634 atque
939 3561 1079 3618 orationis
1093 3560 1226 3617 deremiae
1251 3561 1324 3616 satis
1348 3577 1414 3617 vere
1435 3566 1524 3632 atque
1547 3560 1660 3617 erudite

836 3633 1058 3690 demonstravit.
1084 3632 1225 3688 Ceterum
1242 3632 1314 3689 adeo
1329 3637 1511 3701 certumst,
1528 3649 1585 3689 non
1602 3631 1659 3687 nisi

84 3722 125 3761 vus
138 3709 183 3762 est
195 3704 290 3761 doctis
309 3702 380 3758 viris
394 3706 422 3756 S.
438 3701 521 3756 Pater
544 3701 574 3756 in
598 3699 720 3773 Prologo
744 3701 780 3755 ud
836 3705 1073 3761 Lamentationes
1089 3702 1254 3760 acrosticho
1268 3703 1319 3760 illo
1334 3703 1458 3760 artilicio
1481 3702 1660 3775 compositas

84 3778 190 3849 Regum
208 3776 282 3832 banc
299 3791 414 3846 quoquc
428 3773 535 3828 dixisse
550 3771 682 3829 deremiae
711 3770 782 3827 Ora·
836 3776 976 3844 sensisse,
991 3780 1024 3831 ut
1038 3775 1153 3846 quoties
1168 3773 1238 3829 alibi
1253 3790 1350 3830 sermo
1365 3783 1407 3830 ast
1423 3773 1464 3829 illi
1480 3775 1535 3830 hac
1556 3775 1593 3829 de
1618 3789 1660 3843 re,

84 3848 248 3905 acrosticho
260 3846 409 3910 ordine,ad
426 3845 677 3900 Lamentationum
689 3842 783 3899 instar
837 3847 1014 3918 quadruplex
1023 3843 1663 3916 tantumlaudetJeremiaeolpbobetumdioer.

84 3936 124 3976 im
149 3935 224 3987 esso,
241 3919 291 3974 ubi
314 3917 452 3985 Jcrcmiae,
468 3915 576 3987 inquit,
592 3916 782 3970 Lamentatio-
836 3918 876 3974 sis
902 3919 1011 3986 matris,
1026 3933 1082 3988 quo
1110 3916 1227 3971 nomine
1242 3920 1368 3987 quatuor
1382 3916 1523 3970 duntaxat
1539 3915 1661 3970 lamen-

86 3995 158 4047 rotio
182 3990 305 4058 ciusdem
333 3989 442 4043 reusneri
469 3993 603 4043 testantur
629 3986 781 4054 otplvobctc.
837 3990 984 4045 tatianum
999 3987 1097 4060 capita
1112 3989 1177 4054 ejus
1191 4003 1257 4042 ease
1269 3986 1437 4058 scriptionis
1452 3986 1599 4058 designat.
1616 3983 1659 4043 vi·

84 4080 115 4119 ro
146 4064 203 4117 haec
232 4061 327 4123 aliter.
345 4061 373 4115 id
389 4064 443 4124 esi,
459 4059 540 4114 1111110
569 4059 605 4113 ud
634 4056 782 4129 alphabeti
837 4058 1659 4132 desisepist.53adPoulinum,et30odPoulnm,num.

84 4151 91 4190 ι
108 4137 241 4206 respectu
257 4132 369 4197 habito,
382 4131 470 4185 luerit
481 4131 516 4185 ab
528 4133 783 4190 auctoreexnrata.
838 4133 864 4188 3.
879 4132 966 4187 Porro
974 4130 1073 4187 Graeca
1081 4128 1224 4186 elementa
1238 4129 1364 4201 singulis
1378 4129 1512 4185 versibus
1527 4127 1662 4201 apposita

84 4206 111 4262 S.
127 4210 280 4261 Ductorem
297 4202 480 4258 insimulant.
498 4202 602 4257 Verum
618 4216 675 4256 non
693 4205 725 4255 ut
739 4199 783 4254 illi
838 4220 873 4259 ex
889 4202 1009 4275 antiquo
1024 4218 1079 4257 ms.
1098 4207 1165 4273 post
1179 4201 1379 4257 llartianoum
1393 4199 1660 4282 retinuimus,quod

84 4281 125 4344 nt,
143 4278 179 4332 ab
200 4274 349 4347 alphabeti
378 4272 531 4329 elementis
560 4288 595 4328 aa
622 4271 735 4339 ordine,
752 4275 784 4326 ut
839 4290 996 4330 numerum
1012 4273 1176 4346 designent,
1189 4289 1246 4329 non
1259 4272 1404 4329 initialem
1420 4271 1568 4345 srcbetypi
1582 4269 1661 4326 litte·

84 4345 447 4418 ationumcnpita,ipsam
475 4360 593 4416 qunque
622 4344 782 4399 orationem
839 4362 913 4402 ram.

84 4419 246 4476 itS.Pater:
260 4417 311 4473 sed
323 4416 424 4488 viginti
435 4415 626 4471 duobusenm
640 4414 782 4470 contineri
800 4451 823 4517 D
874 4417 931 4473 ’ln
947 4414 1078 4473 Palatino
1095 4431 1150 4470 ms.
1166 4415 1247 4471 addit
1263 4414 1465 4488 antiquarium
1483 4413 1662 4472 :Hieremias

84 4508 103 4560 s,
119 4494 192 4562 quot
217 4505 340 4545 numero
355 4491 426 4543 sunt
439 4486 543 4542 littera
559 4486 588 4542 in
605 4486 758 4559 alphabeto
775 4501 782 4540 :
838 4488 918 4545 tolet
931 4503 1026 4545 vorsus
1043 4488 1102 4544 llll.
1120 4485 1234 4544 dcccl..

84 4566 130 4633 est,
145 4560 265 4634 quedem
279 4559 390 4617 numeri
404 4559 549 4632 otptobeto
564 4556 784 4630 comprehendi,

594 4703 716 4776 Explicit
729 4705 864 4762 ieremias
878 4703 1023 4777 propbeta.

188 5024 509 5122 PRAEFATIO
544 5023 900 5120 HIERONYMI
934 5024 999 5121 IN
1032 5022 1432 5121 EZECHIELEM

84 5412 126 5469 iel
142 5412 284 5485 propheta
298 5428 365 5468 cum
380 5411 504 5469 Jcochin
520 5426 587 5483 rege
601 5410 616 5466 J
622 5410 680 5467 uda
696 5409 786 5482 capti·
839 5409 894 5467 bns
910 5410 986 5482 quod
998 5412 1035 5468 od
1054 5412 1186 5469 Jeremie
1201 5411 1373 5469 vaticinium
1386 5427 1418 5469 se
1431 5409 1509 5468 ultra
1524 5409 1660 5466 adversa·

85 5506 135 5559 tus
145 5506 190 5559 est
200 5501 230 5556 in
239 5501 416 5574 Babylonem
429 5518 435 5556 :
450 5500 550 5573 ibique
559 5499 597 5556 iis
607 5499 657 5571 qui
667 5516 734 5556 cum
751 5517 785 5557 eo
839 5499 891 5556 riis
906 5499 1107 5572 tradidissent,
1122 5506 1152 5558 et
1171 5501 1303 5558 viderent
1318 5500 1414 5556 adbuc
1428 5500 1531 5556 urbem
1545 5499 1662 5556 Jerusa-

86 5592 105 5647 t.
121 5590 240 5663 captivi)
261 5591 389 5657 fuerant,
405 5587 600 5662 prophetavit,
615 5588 784 5661 poenitenti·
838 5588 947 5662 lymam
963 5592 1042 5647 stare
1052 5591 1073 5660 ¹,
1085 5606 1174 5662 quam
1188 5591 1237 5647 ille
1251 5606 1386 5647 casuram
1402 5604 1467 5645 esse
1480 5587 1667 5661 predixerat.

84 5772 142 5829 rior
155 5787 262 5828 manus
277 5771 308 5827 in
320 5769 419 5827 codice
437 5768 570 5826 Palatino
586 5768 675 5828 erasit
689 5770 808 5828 verbum
823 5769 879 5827 hoc
891 5774 976 5829 sture.
