3870 6120
75 287 136 344 2⁴9
797 287 903 344 LIBER
922 288 1085 346 GENBSIS.
1625 334 1628 339 .
1737 285 1793 344 25⁰

78 432 150 474 cum
166 432 212 488 eo,
226 420 257 473 st
270 420 334 473 erat
345 415 390 472 vir
408 414 438 471 in
459 415 572 473 cunctis
589 428 726 488 prospere
737 429 846 487 agens:
863 413 917 469 ha·
929 415 957 483 Α
973 414 1077 486 ribus),
1094 419 1122 471 et
1136 416 1218 473 misit
1232 433 1281 474 eos
1296 416 1326 473 in
1352 433 1479 473 carerem
1496 415 1637 490 principis
1662 414 1789 471 militum

80 506 248 578 hitavitqus
259 505 289 561 in
302 506 389 562 domo
404 505 514 562 domini
527 505 585 575 sui,
602 505 649 577 qui
665 503 776 576 optimc
792 508 912 559 noverat
967 505 996 560 in
1012 522 1069 577 quo
1085 513 1146 562 erat
1161 508 1276 562 vinctus
1291 512 1320 563 et
1339 506 1459 579 loseph.
1485 511 1522 562 at
1545 510 1645 563 custos
1666 505 1792 561 carceris

79 611 148 653 esse
162 595 323 652 Dominum
346 610 414 651 oum
436 611 481 662 eo,
498 594 641 662 etnmnia,
658 610 721 666 quse
736 598 859 666 gereret,
875 594 912 648 ab
965 595 1087 651 tradidit
1100 613 1149 653 eos
1163 596 1336 669 ioseph,qui
1346 602 1374 652 et
1384 595 1571 652 ministrabat
1581 597 1633 652 eis.
1649 595 1792 667 Aliquan-

80 703 115 744 co
132 684 222 759 dirigi
239 685 269 740 in
286 701 377 741 manu
394 683 774 756 illiuslovenitqusJosepb
787 684 912 755 gratiam
966 688 1030 739 tum
1047 686 1186 757 temporis
1204 686 1335 754 duxerat,
1353 691 1380 741 et
1394 685 1437 740 illi
1454 686 1483 741 in
1500 685 1635 741 custodia
1651 684 1793 741 teneban-

80 792 182 832 coram
200 777 321 832 domino
347 791 411 843 suo,
428 779 456 831 et
482 773 669 831 ministrabat
684 774 721 840 ei,
738 790 754 829 a
769 791 825 844 quo
840 790 913 846 prae·
968 778 1025 829 tur.
1042 775 1243 847 videruntque
1267 776 1353 831 ambo
1378 775 1525 831 somnium
1544 782 1697 831 nocteuna
1708 774 1794 846 juxte

80 865 199 938 positus
214 863 354 921 omnibus
366 864 550 937 gubernabat
565 863 705 919 creditam
714 861 912 930 sihidomum,
970 863 1241 936 interpretationem
1256 881 1416 938 congruam
1434 865 1501 932 eibi,
1517 865 1553 920 ad
1570 880 1646 936 quos
1664 879 1731 918 cum
1752 863 1794 918 in·

79 960 109 1011 et
125 955 267 1010 universa
283 971 348 1027 quae
364 953 390 1009 ei
407 954 514 1010 tradita
544 953 658 1009 luerent
675 970 682 1008 :
708 951 914 1024 benedixitque
969 954 1087 1011 troisset
1097 954 1206 1027 loseph
1217 971 1312 1024 mane,
1325 961 1352 1010 et
1364 954 1485 1010 vidisset
1500 971 1550 1010 eos
1565 953 1675 1020 tristes,
1691 952 1793 1008 scisci·

80 1044 229 1100 Dominus
244 1043 346 1099 domui
362 1042 487 1117 AEgyptii
503 1047 621 1115 propter
635 1041 755 1114 loseph,
771 1047 800 1099 et
814 1041 913 1097 multi·
969 1047 1046 1099 tatus
1061 1050 1106 1100 est
1120 1045 1235 1100 dicens:
1257 1044 1315 1100 Cur
1326 1044 1439 1099 tristior
1454 1047 1498 1099 cst
1508 1043 1595 1099 hodie
1606 1042 1690 1099 solito
1703 1042 1791 1097 iacies

80 1133 205 1207 plicavit
228 1140 291 1190 tam
315 1133 345 1189 in
370 1133 493 1198 edibus,
508 1148 598 1204 quam
616 1132 645 1187 in
671 1132 761 1204 agria,
777 1138 913 1187 cunctam
969 1133 1086 1189 vestra?
1105 1133 1159 1197 Qui
1183 1134 1397 1205 responderunt
1413 1130 1585 1188 :somnium
1609 1130 1746 1199 vidimus,
1762 1133 1793 1184 et

79 1225 145 1295 ejus
161 1222 383 1279 substantiam:
396 1222 619 1294 necquidquam
632 1221 914 1288 aliudnoverat,nisi
968 1239 1025 1278 non
1042 1228 1088 1279 est
1103 1223 1153 1296 qui
1168 1223 1377 1295 interpretetur
1401 1222 1496 1278 nobie.
1522 1220 1654 1291 dixitque
1683 1220 1720 1275 cd
1741 1233 1791 1275 eos

80 1328 191 1386 panem
209 1328 268 1385 quo
282 1312 465 1368 vescebatur.
476 1315 542 1366 Erat
556 1317 654 1367 autem
668 1310 776 1382 Joseph
792 1311 915 1382 pulchra
968 1312 1077 1384 loseph
1095 1330 1102 1367 :
1118 1313 1257 1385 Nunquid
1272 1329 1329 1369 uon
1348 1312 1396 1369 Dei
1413 1316 1457 1368 est
1468 1309 1680 1383 interpretatio?
1691 1308 1795 1364 referte

81 1401 353 1470 lacis,ctdecorus
378 1406 509 1474 aspectu.
526 1405 596 1457 Post
612 1399 723 1455 multos
738 1399 836 1471 itaque
852 1399 914 1455 dics
971 1402 1043 1457 mibi
1074 1403 1145 1474 quid
1169 1403 1309 1458 videritis.
1340 1400 1473 1458 Narravit
1502 1400 1593 1472 prior,
1620 1395 1795 1470 praepositus

80 1491 186 1562 iniecit
197 1490 319 1546 domina
329 1490 429 1547 oculos
440 1506 510 1546 suos
526 1491 555 1545 in
568 1489 688 1561 loseph,
700 1493 728 1544 et
739 1488 798 1544 ait:
816 1489 914 1544 Dormi
970 1490 1186 1563 pincernarum,
1198 1492 1347 1548 somnium
1359 1507 1446 1546 suum
1460 1506 1467 1545 ε
1481 1488 1620 1544 Videbam
1637 1502 1735 1544 coram
1747 1501 1795 1542 me

80 1579 474 1651 mecum.Quinequsquam
492 1578 680 1652 acquiescens
694 1578 773 1650 operi
791 1577 914 1646 nefario,
973 1581 1074 1645 vitem,
1091 1581 1120 1635 in
1135 1597 1192 1652 qua
1206 1586 1289 1637 erant
1303 1586 1362 1636 tres
1373 1578 1561 1652 propagines,
1577 1591 1707 1633 crescere
1722 1592 1793 1648 pau·

78 1668 155 1723 dixit
173 1669 211 1723 ad
226 1684 291 1724 eam
309 1684 316 1722 :
337 1668 407 1723 lices
422 1668 559 1724 dominus
574 1684 669 1738 meus,
685 1667 824 1723 omnibus
840 1667 912 1723 mihi
970 1669 1050 1725 latim
1067 1670 1097 1725 in
1113 1685 1256 1741 gemmas,
1273 1674 1301 1725 et
1314 1675 1379 1742 post
1390 1669 1476 1724 llores
1490 1684 1562 1723 uvas
1579 1673 1794 1722 maturescere:

76 1758 215 1826 traditis,
231 1759 348 1830 ignorat
367 1755 438 1833 quid
463 1757 570 1814 habeat
594 1757 624 1813 in
649 1758 736 1813 domo
760 1774 833 1826 sue;
860 1774 912 1815 nec
927 1781 951 1847 Β
968 1758 1146 1830 calicemque
1157 1758 1315 1815 Pharaonis
1326 1758 1357 1814 in
1369 1774 1457 1813 manu
1471 1774 1544 1825 moa;
1553 1754 1618 1811 tulli
1630 1770 1699 1827 ergo
1710 1771 1794 1818 uvas.

76 1847 251 1918 quidquam
264 1848 400 1920 estquod
426 1848 528 1904 nonin
546 1863 609 1903 mea
633 1847 673 1902 sit
697 1847 912 1919 potestate,ch
967 1854 995 1904 et
1012 1848 1141 1921 expressi
1157 1848 1186 1904 in
1203 1848 1323 1904 calicem
1353 1864 1439 1919 quem
1468 1847 1617 1914 tenebam,
1633 1850 1663 1901 et
1686 1843 1795 1900 tradidi

75 1936 314 1992 contradiderit
338 1936 422 2005 mibi,
440 1941 543 2008 preter
556 1941 596 2004 tc,
612 1953 674 2006 quoe
694 1952 767 1991 uxor
781 1937 844 2008 ejus
860 1952 910 2006 ca;
967 1937 1105 2011 poculum
1121 1937 1275 1993 Pharaoni.
1292 1937 1451 2007 Respondit
1464 1935 1569 2006 loseph
1587 1951 1594 1990 :
1610 1938 1677 1989 Hac
1691 1937 1736 1989 est
1747 1933 1792 1988 in·

73 2027 458 2098 quomodeergopossum
475 2025 585 2082 malum
602 2025 776 2091 hoctacere,
793 2031 822 2082 et
845 2042 909 2098 peo-
966 2028 1137 2100 terpretstio
1153 2026 1260 2084 somnii
1277 2044 1283 2083 :
1300 2027 1373 2083 Tres
1392 2025 1579 2098 propagines,
1607 2027 1668 2078 tres
1697 2022 1793 2078 adhuc

71 2131 147 2170 care
164 2115 196 2170 in
217 2114 310 2170 Deum
336 2115 426 2187 [Vulq.
453 2115 518 2170 cdd.
531 2114 682 2189 'meumlt
699 2114 911 2186 Huiuscemodi
966 2116 1028 2172 dies
1044 2120 1125 2187 sunt,
1138 2121 1204 2188 post
1215 2133 1289 2187 quos
1300 2114 1501 2172 recordabitur
1512 2113 1622 2169 Pharao
1632 2111 1791 2168 ministerii

70 2203 182 2259 verbis
207 2221 259 2275 per
279 2203 413 2275 singulos
439 2205 510 2273 dies,
527 2209 556 2259 ct
581 2203 687 2260 mulier
710 2204 835 2261 molesta
849 2207 911 2261 erat
966 2207 1009 2261 tui
1034 2208 1062 2262 et
1080 2205 1215 2262 restituet
1228 2209 1256 2261 te
1271 2206 1299 2260 in
1313 2205 1438 2277 gradum
1455 2203 1612 2276 pristinum
1628 2201 1792 2271 :dabisque

69 2291 274 2360 adolescenti,
286 2298 314 2349 et
330 2292 379 2350 ills
395 2294 549 2350 recusabat
564 2296 712 2366 stuprum.
729 2293 841 2350 Accidit
856 2311 909 2350 au·
964 2294 990 2350 ei
1006 2294 1124 2351 calicem
1144 2296 1230 2366 justa
1245 2294 1374 2350 officium
1391 2298 1487 2362 tuum,
1503 2293 1580 2350 sicut
1606 2292 1700 2348 iacere
1723 2294 1792 2346 anto
1890 2356 1894 2369 Ι

69 2388 141 2436 tem
169 2383 299 2453 quadam
322 2382 380 2448 die,
397 2386 429 2437 ut
456 2382 578 2439 intraret
598 2382 706 2454 loseph
731 2383 865 2448 domum,
882 2388 911 2438 ct
964 2399 1167 2440 consueveras.
1183 2383 1311 2439 'lantum
1326 2386 1474 2439 memento
1490 2381 1558 2448 mei,
1570 2396 1636 2435 cum
1653 2378 1704 2435 tibi
1716 2378 1792 2434 bene

68 2473 182 2540 operis
203 2471 355 2543 quidpiam
375 2472 486 2543 absque
508 2472 626 2529 arbitris
648 2473 775 2540 faceret3
797 2477 826 2528 et
848 2471 908 2540 illa,
964 2472 1060 2541 tuerit,
1072 2478 1100 2528 et
1111 2473 1200 2528 iacias
1212 2489 1326 2528 mecum
1339 2470 1568 2528 misericordiam
1582 2489 1589 2537 ;
1601 2474 1633 2526 ut
1648 2482 1790 2540 suggeras

66 2559 269 2633 apprehensa
283 2560 390 2617 lacinia
404 2560 570 2617 vestimenti
586 2561 779 2632 ejus,dicsret
790 2579 799 2617 :
811 2564 909 2619 Dormi
963 2559 1118 2630 Pharaoni,
1135 2565 1163 2617 st
1178 2561 1267 2632 [Vutp.
1285 2563 1327 2630 ut]
1343 2560 1449 2616 educat
1464 2576 1511 2615 me
1527 2560 1561 2613 de
1580 2559 1636 2613 isto
1652 2571 1788 2626 carcere;
1901 2570 1904 2577 ’

67 2664 212 2705 mecum.
226 2649 292 2715 Oui,
308 2650 409 2706 relicto
421 2649 451 2706 in
468 2666 557 2706 manu
573 2650 655 2707 illius
669 2649 767 2722 pallio,
780 2652 866 2723 fugit,
881 2657 910 2708 et
962 2648 1032 2722 quia
1043 2650 1120 2705 lurto
1129 2648 1264 2705 sublatus
1275 2666 1341 2705 aum
1353 2649 1388 2703 de
1399 2654 1476 2705 terra
1488 2648 1682 2715 liebraeorum,
1698 2650 1728 2701 et
1742 2643 1790 2700 bio

62 2755 223 2811 egressus
233 2744 278 2795 est
288 2739 639 2811 torastlumquevidisset
649 2739 869 2797 muliervestem
879 2741 908 2797 in
963 2739 1103 2795 innocens
1119 2740 1148 2794 in
1172 2738 1267 2795 lacum
1285 2739 1395 2794 missus
1420 2754 1497 2793 sum.
1523 2735 1628 2792 Videas
1644 2735 1788 2805 pistorum

61 2827 220 2884 manibus
230 2827 303 2896 suis,
314 2832 343 2883 et
353 2845 383 2884 se
394 2844 458 2884 esse
467 2835 677 2900 contemptam,
688 2829 801 2884 vocavit
810 2829 908 2901 [Pulc.
963 2828 1104 2900 magister
1114 2829 1190 2899 quod
1199 2829 1357 2899 prudenter
1367 2826 1514 2882 somnium
1524 2821 1717 2891 dissolvisset,
1725 2822 1765 2877 ait
1779 2837 1787 2876 τ

60 2916 143 2973 add.
157 2917 196 2971 ad
211 2920 253 2987 se]
268 2916 405 2973 homines
419 2918 526 2973 domus
540 2935 612 2984 suae,
623 2922 652 2974 et
667 2917 707 2973 ait
722 2919 756 2974 ad
774 2934 843 2974 eos:
870 2923 908 2973 ttn
963 2921 996 2971 st
1012 2932 1064 2988 ego
1075 2916 1134 2971 vidi
1146 2916 1294 2971 somnium
1309 2932 1315 2971 ε
1328 2914 1410 2981 Quod
1421 2914 1558 2970 haberem
1578 2911 1636 2967 tria
1658 2910 1789 2966 canistra

62 3005 247 3063 introduxit
256 3006 352 3062 virum
367 3005 536 3071 Hebraeum,
548 3010 580 3062 ut
596 3006 732 3064 illuderet
746 3006 850 3075 nobis3
867 3006 910 3063 in·
964 3007 1065 3061 larinre
1076 3023 1164 3076 super
1175 3010 1263 3077 caput
1279 3020 1390 3074 menm;
1407 3008 1436 3061 st
1451 3004 1480 3058 in
1496 3018 1555 3058 uno
1570 3000 1697 3057 canistro
1709 2997 1787 3071 quod

61 3109 205 3169 grossus
218 3098 263 3150 sat
277 3094 312 3149 ad
331 3110 388 3159 me,
405 3099 437 3150 ut
452 3094 542 3151 coiret
566 3111 692 3164 mecum,
707 3111 833 3168 cumque
856 3112 908 3166 ego
964 3100 1026 3151 erat
1040 3096 1195 3161 excelsius,
1211 3099 1326 3167 portura
1350 3110 1398 3150 me
1422 3109 1524 3151 omnes
1547 3091 1628 3148 eibos
1643 3089 1692 3162 qui
1714 3090 1789 3145 dunt

64 3182 324 3250 succlamassem,
341 3194 367 3240 et
390 3184 521 3240 audisset
543 3201 641 3241 vocem
666 3201 775 3250 meniu,
791 3184 910 3256 reliquit
965 3191 1025 3242 arte
1041 3185 1174 3257 pistoria,
1191 3201 1317 3257 avesque
1333 3185 1485 3241 comedere
1509 3198 1545 3238 ex
1559 3198 1602 3238 eo.
1615 3179 1788 3252 Respondit,

65 3272 207 3346 pallium
219 3273 295 3342 quod
312 3272 458 3341 tenebam,
474 3278 503 3329 et
516 3273 591 3345 iugit
603 3274 690 3329 toras.
707 3277 738 3330 ln
755 3289 909 3346 argumen·
962 3274 1070 3346 loseph
1082 3271 1639 3347 :Haecestinterpretatiosomnii:Tria
1661 3268 1790 3325 canistra
1891 3282 1896 3297 ¹

66 3368 144 3419 tum
159 3377 231 3433 ergo
247 3361 314 3417 tidei
334 3366 478 3417 retentum
502 3361 624 3435 pallium
649 3363 778 3419 ostendit
802 3364 908 3419 marito
962 3368 1023 3419 tres
1035 3365 1130 3421 adhuc
1142 3364 1294 3431 dissecat,
1307 3367 1374 3437 post
1393 3379 1468 3435 quos
1485 3362 1597 3419 aulerci
1612 3360 1724 3415 Pharao
1739 3373 1787 3414 ca·

69 3450 239 3507 revertenti
252 3451 281 3506 in
293 3451 412 3506 domum
429 3467 513 3507 suam
530 3452 622 3523 [Vulq.
632 3456 703 3507 lucet
713 3451 743 3507 in
758 3456 785 3508 ct
799 3453 907 3524 suaml,
963 3459 1016 3525 put
1030 3457 1113 3509 tuum
1131 3453 1330 3525 acsuspendet
1340 3451 1405 3508 tsin
1417 3449 1788 3518 cruce,etlacerabuntvo·

69 3546 105 3597 et
121 3539 184 3595 sit:
202 3543 353 3610 lngrcssua
368 3545 414 3595 est
427 3540 464 3595 ad
481 3556 526 3595 me
541 3556 644 3597 servus
667 3540 804 3597 Hebraeus
819 3556 907 3614 quem
964 3542 1058 3599 lucres
1069 3560 1171 3599 carnes
1186 3548 1263 3599 tuas.
1285 3543 1357 3599 llxin
1372 3542 1436 3598 dies
1452 3542 1555 3597 tertius
1578 3538 1681 3594 natalis
1696 3537 1785 3609 [l'utq.

69 3627 229 3685 adduxisti
254 3637 285 3683 ut
309 3627 445 3685 illuderet
468 3628 557 3697 mibi;
575 3645 700 3702 cumque
716 3631 847 3686 audisset
861 3646 909 3686 me
962 3631 1124 3702 natalitius]
1137 3632 1293 3688 Pharaonis
1305 3636 1386 3688 crat:
1403 3631 1452 3703 qui
1471 3629 1579 3686 iaciens
1596 3627 1788 3700 grandecou·

73 3716 211 3774 clamare
230 3718 251 3784 ¹,
266 3716 386 3789 reliquit
402 3716 523 3789 pallium
547 3719 638 3790 [Valq.
654 3719 716 3774 artd.
733 3720 810 3790 quod
826 3723 908 3775 tene·
961 3719 1069 3776 vicium
1081 3721 1262 3793 puerissuis,
1278 3721 1447 3777 recordatus
1459 3725 1503 3775 est
1518 3721 1595 3775 inter
1608 3716 1709 3789 epulas
1723 3731 1785 3771 ma·

73 3806 173 3877 hamt,
188 3811 218 3862 et
234 3805 311 3879 lugit
329 3808 417 3863 iores.
433 3806 485 3862 llis
510 3808 619 3863 auditis
643 3808 793 3875 dominus,
809 3814 838 3864 et
861 3808 907 3863 ni·
961 3810 1045 3883 gistri
1062 3810 1312 3882 pincernarum,et
1322 3810 1466 3882 pistorum
1478 3804 1785 3880 principis-Restituit·

78 3897 176 3951 mium
200 3894 341 3951 credulus
353 3896 449 3952 verbis
473 3898 619 3967 coniugis,
637 3897 731 3953 iratus
745 3902 790 3953 est
804 3897 906 3965 valdc;
963 3900 1158 3971 quealterum
1184 3900 1329 3956 inlocum
1356 3916 1456 3966 suum,
1482 3902 1515 3953 ut
1540 3895 1701 3969 porrigeret
1725 3892 1786 3965 regi

76 3984 263 4056 tradiditque
285 3983 395 4056 loseph
417 3985 446 4041 in
470 4000 627 4056 carcerem,
644 3986 693 4042 ubi
718 3986 805 4041 vincti
830 3988 907 4058 regis
962 3989 1055 4061 [Vutq.
1071 3989 1108 4063 ei]
1134 3988 1270 4060 poculum
1288 4007 1295 4045 τ
1312 3987 1437 4044 alterum
1466 3984 1620 4058 suspendit
1644 3983 1674 4038 in
1700 3997 1786 4038 cruce

79 4074 334 4140 custodiebantur,
352 4079 381 4129 ct
401 4078 463 4130 erat
487 4075 528 4131 ibi
557 4074 685 4131 clausus.
712 4075 780 4131 Fuit
807 4081 906 4131 autem
963 4077 1459 4151 [l'ulp.patibrrlnl‚'utconjectoris
1483 4075 1590 4130 veritas
1612 4074 1787 4146 probaretur
1898 4144 1904 4151 Ι

80 4161 226 4217 Dominus
240 4178 308 4218 cum
323 4161 444 4234 ioseph,
459 4168 488 4219 et
504 4163 642 4220 misertus
670 4163 750 4219 illius
777 4164 857 4220 dedit
881 4164 907 4220 ei
962 4170 995 4223 llt
1012 4174 1108 4223 tamen
1119 4167 1345 4223 succedentibus
1357 4165 1514 4239 prosperis,
1527 4163 1702 4237 prepositus
1718 4160 1785 4234 pin·

81 4250 205 4321 gratiam
221 4250 252 4307 in
267 4257 426 4324 conspectu
442 4251 583 4325 principis
594 4256 729 4320 carceris,
746 4253 796 4325 qui
814 4255 907 4309 tradi·
961 4272 1115 4336 cernarum
1132 4256 1241 4312 oblitus
1256 4261 1301 4312 est
1315 4253 1483 4326 interpretis
1499 4253 1556 4309 sui.

84 4339 164 4393 ditio
181 4356 272 4395 manu
288 4340 382 4412 ipsius
398 4341 549 4398 universos
564 4342 678 4399 vinctos
694 4343 744 4413 qui
760 4344 789 4398 in
806 4347 906 4400 custo·
997 4347 1035 4418 [C.
1067 4345 1163 4417 Llllll,
1193 4345 1257 4418 Cap.
1287 4344 1370 4416 itit]
1387 4345 1454 4400 Post
1481 4342 1556 4398 duos
1591 4357 1684 4398 annos
1712 4341 1787 4397 vidit

86 4427 131 4480 dia
146 4430 340 4494 tenebantur;
366 4433 394 4483 et
409 4429 554 4500 quidquid
571 4429 668 4498 fiebat,
684 4431 739 4486 sub
754 4431 818 4502 ipso
833 4435 905 4488 erat.
961 4434 1072 4491 Pharao
1088 4436 1246 4491 somnium.
1273 4436 1395 4490 Putabat
1411 4451 1441 4490 se
1455 4438 1534 4490 stare
1549 4449 1638 4505 super
1652 4430 1785 4497 lluvium,
1873 4442 1876 4447 ·

91 4513 143 4571 Nec
158 4521 278 4572 noverat
296 4516 405 4588 aliquid
423 4517 537 4574 cunctis
554 4518 579 4573 ei
595 4519 738 4575 creditis:
765 4519 998 4587 Dominuste
1028 4541 1086 4596 quo
1114 4524 1313 4580 ascendebant
1336 4529 1447 4596 septem
1476 4523 1573 4590 hoves,
1600 4520 1729 4593 pulchrae
1758 4522 1788 4575 et

92 4605 164 4660 enim
184 4612 247 4661 crat
271 4621 337 4662 cum
362 4605 422 4675 illo,
438 4611 468 4662 et
491 4608 590 4663 omnia
603 4624 691 4680 opera
714 4610 778 4680 ejus
803 4609 908 4681 dirige·
963 4628 1066 4669 crassae
1092 4613 1181 4669 nimis
1198 4631 1204 4669 :
1223 4614 1418 4686 poscebantur
1442 4612 1471 4666 in
1496 4611 1568 4667 locis
1592 4608 1785 4684 palustribus.
1898 4612 1902 4617 '

95 4694 148 4747 bu·
962 4701 1030 4757 Atiae
1047 4719 1164 4776 quoque
1179 4708 1290 4776 septem
1305 4703 1493 4775 emergebant
1507 4702 1543 4757 da
1559 4699 1691 4767 llumine,
1702 4699 1784 4754 loedae

126 4781 168 4851 [Τ.
179 4782 297 4850 lllllllV,
314 4782 345 4838 C.
363 4782 446 4848 Lxx,
461 4783 525 4856 Cup.
539 4784 607 4856 XL.]
625 4786 676 4842 llis
692 4786 790 4857 itaque
805 4787 906 4857 gestis,
962 4791 1158 4864 coniectaeque
1184 4792 1276 4848 macie
1299 4796 1328 4847 ot
1352 4791 1547 4864 pascebantur
1563 4791 1592 4845 in
1608 4790 1673 4861 ipsa
1689 4788 1785 4845 amnis

99 4872 190 4926 accidit
205 4877 236 4928 ut
250 4878 404 4943 peccarent
419 4873 476 4929 duo
492 4875 630 4941 eunuchi,
648 4875 908 4948 pincerna²regis
963 4883 1027 4953 ripa
1050 4882 1077 4937 in
1108 4881 1179 4937 locis
1203 4881 1366 4937 virentibus
1395 4896 1402 4936 ε
1433 4882 1701 4950 devoraveruntque
1733 4893 1784 4934 eas

102 4956 212 5031 AEgypti,
227 4966 256 5016 et
273 4962 377 5033 pistor,
394 4961 512 5017 domino
537 4979 602 5019 suo.
619 4966 773 5037 iratusque
797 4965 907 5022 Pharao
962 4985 1088 5042 quarum
1106 4971 1178 5025 mira
1194 4970 1307 5042 specics
1323 4975 1352 5026 et
1380 4969 1523 5027 hebitudo
1538 4985 1692 5042 corporum
1710 4973 1782 5025 erat.

103 5054 187 5103 contra
201 5065 249 5105 eos
265 5050 344 5119 (uam
355 5049 429 5106 alter
439 5049 585 5122 pincernis
596 5055 805 5124 presentatur
815 5057 908 5128 pisto·
962 5059 1190 5133 llxpergclactus
1207 5060 1330 5128 Pharao,
1347 5077 1465 5117 rursum
1488 5059 1636 5131 dormivit,
1663 5065 1691 5115 et
1710 5056 1784 5114 vidit

136 5230 325 5286 'Alitermss
343 5231 460 5286 codices
481 5238 508 5288 et
532 5250 624 5289 canon
648 5236 738 5291 Hebr.
755 5235 837 5292 verit.
857 5238 906 5308 qui
962 5239 1222 5301 esseltascc,illud
1253 5241 1374 5294 verbum
1403 5240 1480 5310 quod
1505 5239 1536 5295 in
1565 5237 1682 5294 nomine
1707 5238 1783 5294 servi

107 5296 214 5385 legante
232 5302 356 5374 Cumque
376 5303 485 5386 uidisset
499 5321 542 5360 mc
553 5306 673 5361 clamore
683 5326 692 5372 ,-
705 5308 755 5363 sed
772 5309 849 5365 idem
864 5315 908 5366 est
962 5313 1108 5371 Abraham
1126 5328 1215 5383 supra
1231 5312 1347 5381 legitur.
1365 5311 1456 5367 llodic
1483 5316 1581 5367 tamen
1609 5309 1638 5364 in
1664 5309 1783 5368 llebraso

106 5384 193 5429 musca
207 5391 235 5429 in
252 5380 375 5447 utraque
389 5374 524 5431 lectione.
541 5376 636 5433 Mser.
963 5383 1035 5440 illud
1047 5384 1172 5449 ¹verbum
1190 5383 1323 5439 nonnihil
1339 5381 1427 5439 habet
1442 5380 1629 5448 diversitatis,
1647 5381 1716 5453 quia
1731 5397 1783 5451 pro

133 5462 264 5520 -Nostri
275 5469 387 5536 etquoa
399 5463 686 5522 llurtianconsuluit
698 5483 781 5535 mss,
794 5471 908 5528 cittisset
962 5471 1045 5512 ΕΘΠΟ
1061 5455 1207 5512 Abraham
1224 5472 1322 5527 supra,
1339 5471 1403 5526 οΙΨ·
1417 5471 1461 5519 xv,
1477 5454 1504 5518 2·
1525 5453 1681 5523 Siliffifflll
1706 5464 1783 5541 ΡΜ

104 5546 145 5602 Pl⁰
157 5534 282 5591 “Mimi-
961 5561 1075 5601 masec:
1092 5545 1137 5602 hie
1152 5561 1218 5601 vero
1234 5557 1329 5606 uben
1339 5560 1435 5599 mucce.
1453 5542 1563 5600 Nomen
1580 5547 1679 5600 autem
1694 5560 1785 5603 orasse

131 5622 233 5682 ’aeut
246 5626 367 5685 sanctus
376 5623 571 5698 hieronymus
585 5626 615 5683 iu
631 5626 750 5686 Hebrao
763 5629 907 5703 scriptum
961 5650 1043 5693 more
1052 5634 1130 5707 vulgi
1142 5634 1305 5708 pincernam
1317 5635 1400 5689 voest
1414 5630 1618 5702 Hieronymus.
1632 5632 1728 5695 Mans.
