<?xml version="1.0" encoding="UTF-8"?>
<!DOCTYPE html PUBLIC "-//W3C//DTD XHTML 1.0 Transitional//EN"
    "http://www.w3.org/TR/xhtml1/DTD/xhtml1-transitional.dtd">
<html xmlns="http://www.w3.org/1999/xhtml" xml:lang="en" lang="en">
 <head>
  <title>
</title>
<meta http-equiv="Content-Type" content="text/html;charset=utf-8" />
  <meta name='ocr-system' content='tesseract 3.04.00' />
  <meta name='ocr-capabilities' content='ocr_page ocr_carea ocr_par ocr_line ocrx_word'/>
</head>
<body>
  <div class='ocr_page' id='page_1' title='image "./patrologiaecurs13goog_0450.png"; bbox 0 0 3878 6150; ppageno 0'>
   <div class='ocr_carea' id='block_1_1' title="bbox 90 295 923 1518">
    <p class='ocr_par' dir='ltr' id='par_1_1' title="bbox 90 295 923 1518">
     <span class='ocr_line' id='line_1_1' title="bbox 90 295 817 374; baseline 0.003 -17"><span class='ocrx_word' id='word_1_1' title='bbox 90 299 148 374; x_wconf 74' lang='lat' dir='ltr'><strong>(At.</strong></span> <span class='ocrx_word' id='word_1_2' title='bbox 163 296 230 355; x_wconf 79' lang='lat' dir='ltr'><strong>edd.</strong></span> <span class='ocrx_word' id='word_1_3' title='bbox 239 296 333 368; x_wconf 66' lang='lat' dir='ltr'><strong>iunci</strong></span> <span class='ocrx_word' id='word_1_4' title='bbox 347 295 487 354; x_wconf 84' lang='lat' dir='ltr'><strong>Orientur</strong></span> <span class='ocrx_word' id='word_1_5' title='bbox 500 295 532 353; x_wconf 93' lang='lat' dir='ltr'><strong>in</strong></span> <span class='ocrx_word' id='word_1_6' title='bbox 545 296 676 355; x_wconf 88' lang='lat' dir='ltr'><strong>tenebris</strong></span> <span class='ocrx_word' id='word_1_7' title='bbox 690 298 741 357; x_wconf 84' lang='lat' dir='ltr'><strong>lux</strong></span> <span class='ocrx_word' id='word_1_8' title='bbox 756 305 817 373; x_wconf 89' lang='lat' dir='ltr'><strong>tua,</strong></span> 
     </span>
     <span class='ocr_line' id='line_1_2' title="bbox 128 369 726 429; baseline 0.003 -2"><span class='ocrx_word' id='word_1_9' title='bbox 128 376 158 427; x_wconf 91' lang='lat' dir='ltr'><strong>et</strong></span> <span class='ocrx_word' id='word_1_10' title='bbox 173 370 300 427; x_wconf 80' lang='lat' dir='ltr'><strong>tenebris</strong></span> <span class='ocrx_word' id='word_1_11' title='bbox 316 375 372 425; x_wconf 77' lang='lat' dir='ltr'><strong>tus</strong></span> <span class='ocrx_word' id='word_1_12' title='bbox 386 373 474 425; x_wconf 88' lang='lat' dir='ltr'><strong>erunt</strong></span> <span class='ocrx_word' id='word_1_13' title='bbox 488 369 562 425; x_wconf 86' lang='lat' dir='ltr'><strong>sicut</strong></span> <span class='ocrx_word' id='word_1_14' title='bbox 579 370 726 429; x_wconf 89' lang='lat' dir='ltr'><strong>meridies.</strong></span> 
     </span>
     <span class='ocr_line' id='line_1_3' title="bbox 91 440 744 516; baseline 0 -16"><span class='ocrx_word' id='word_1_15' title='bbox 91 444 129 500; x_wconf 76' lang='lat' dir='ltr'><strong>Et</strong></span> <span class='ocrx_word' id='word_1_16' title='bbox 139 442 270 515; x_wconf 89' lang='lat' dir='ltr'><strong>requiem</strong></span> <span class='ocrx_word' id='word_1_17' title='bbox 286 440 339 497; x_wconf 93' lang='lat' dir='ltr'><strong>tibi</strong></span> <span class='ocrx_word' id='word_1_18' title='bbox 355 441 439 496; x_wconf 89' lang='lat' dir='ltr'><strong>dabit</strong></span> <span class='ocrx_word' id='word_1_19' title='bbox 456 441 596 497; x_wconf 76' lang='lat' dir='ltr'>Dominus</span> <span class='ocrx_word' id='word_1_20' title='bbox 612 458 744 516; x_wconf 88' lang='lat' dir='ltr'><strong>semper,</strong></span> 
     </span>
     <span class='ocr_line' id='line_1_4' title="bbox 130 511 781 586; baseline 0.003 -15"><span class='ocrx_word' id='word_1_21' title='bbox 130 521 161 571; x_wconf 90' lang='lat' dir='ltr'><strong>st</strong></span> <span class='ocrx_word' id='word_1_22' title='bbox 175 512 311 586; x_wconf 80' lang='lat' dir='ltr'><strong>implebit</strong></span> <span class='ocrx_word' id='word_1_23' title='bbox 324 511 532 583; x_wconf 78' lang='lat' dir='ltr'><strong>splendoribus</strong></span> <span class='ocrx_word' id='word_1_24' title='bbox 542 513 672 571; x_wconf 89' lang='lat' dir='ltr'><strong>animam</strong></span> <span class='ocrx_word' id='word_1_25' title='bbox 688 521 781 583; x_wconf 90' lang='lat' dir='ltr'><strong>tuam,</strong></span> 
     </span>
     <span class='ocr_line' id='line_1_5' title="bbox 130 583 472 649; baseline -0.015 -6"><span class='ocrx_word' id='word_1_26' title='bbox 130 590 162 643; x_wconf 88' lang='lat' dir='ltr'><strong>et</strong></span> <span class='ocrx_word' id='word_1_27' title='bbox 175 603 245 642; x_wconf 88' lang='lat' dir='ltr'><strong>ossii</strong></span> <span class='ocrx_word' id='word_1_28' title='bbox 260 589 312 640; x_wconf 89' lang='lat' dir='ltr'><strong>tua</strong></span> <span class='ocrx_word' id='word_1_29' title='bbox 326 583 472 649; x_wconf 85' lang='lat' dir='ltr'><strong>liberabit,</strong></span> 
     </span>
     <span class='ocr_line' id='line_1_6' title="bbox 96 654 584 728; baseline -0.006 -13"><span class='ocrx_word' id='word_1_30' title='bbox 96 662 131 714; x_wconf 82' lang='lat' dir='ltr'><strong>st</strong></span> <span class='ocrx_word' id='word_1_31' title='bbox 144 657 205 715; x_wconf 91' lang='lat' dir='ltr'><strong>eris</strong></span> <span class='ocrx_word' id='word_1_32' title='bbox 222 656 307 727; x_wconf 89' lang='lat' dir='ltr'><strong>quasi</strong></span> <span class='ocrx_word' id='word_1_33' title='bbox 323 655 428 712; x_wconf 91' lang='lat' dir='ltr'><strong>bertus</strong></span> <span class='ocrx_word' id='word_1_34' title='bbox 442 654 584 728; x_wconf 86' lang='lat' dir='ltr'><strong>irriguus,</strong></span> 
     </span>
     <span class='ocr_line' id='line_1_7' title="bbox 130 728 923 810; baseline 0.005 -24"><span class='ocrx_word' id='word_1_35' title='bbox 130 734 161 786; x_wconf 89' lang='lat' dir='ltr'><strong>et</strong></span> <span class='ocrx_word' id='word_1_36' title='bbox 175 730 255 785; x_wconf 91' lang='lat' dir='ltr'><strong>sicut</strong></span> <span class='ocrx_word' id='word_1_37' title='bbox 270 728 336 784; x_wconf 89' lang='lat' dir='ltr'><strong>lons</strong></span> <span class='ocrx_word' id='word_1_38' title='bbox 351 743 508 810; x_wconf 83' lang='lat' dir='ltr'><strong>equarum,</strong></span> <span class='ocrx_word' id='word_1_39' title='bbox 520 729 671 799; x_wconf 90' lang='lat' dir='ltr'><strong>cujusnon</strong></span> <span class='ocrx_word' id='word_1_40' title='bbox 685 728 821 788; x_wconf 84' lang='lat' dir='ltr'><strong>deficient</strong></span> <span class='ocrx_word' id='word_1_41' title='bbox 830 746 923 803; x_wconf 77' lang='lat' dir='ltr'><strong>aquae.</strong></span> 
     </span>
     <span class='ocr_line' id='line_1_8' title="bbox 95 799 798 860; baseline 0.003 -2"><span class='ocrx_word' id='word_1_42' title='bbox 95 802 131 859; x_wconf 76' lang='lat' dir='ltr'><strong>Et</strong></span> <span class='ocrx_word' id='word_1_43' title='bbox 145 799 370 856; x_wconf 72' lang='lat' dir='ltr'><strong>aedificabuntur</strong></span> <span class='ocrx_word' id='word_1_44' title='bbox 381 815 411 854; x_wconf 93' lang='lat' dir='ltr'><strong>iu</strong></span> <span class='ocrx_word' id='word_1_45' title='bbox 428 803 456 854; x_wconf 90' lang='lat' dir='ltr'><strong>te</strong></span> <span class='ocrx_word' id='word_1_46' title='bbox 471 800 587 856; x_wconf 88' lang='lat' dir='ltr'><strong>deserta</strong></span> <span class='ocrx_word' id='word_1_47' title='bbox 603 800 798 860; x_wconf 79' lang='lat' dir='ltr'><strong>seculorum:</strong></span> 
     </span>
     <span class='ocr_line' id='line_1_9' title="bbox 129 871 923 1000; baseline 0.001 -71"><span class='ocrx_word' id='word_1_48' title='bbox 129 873 326 1000; x_wconf 49' lang='lat' dir='ltr'><strong>iuiLdamenta</strong></span> <span class='ocrx_word' id='word_1_49' title='bbox 337 871 534 942; x_wconf 78' lang='lat' dir='ltr'><strong>generationis</strong></span> <span class='ocrx_word' id='word_1_50' title='bbox 542 877 571 928; x_wconf 87' lang='lat' dir='ltr'><strong>iit</strong></span> <span class='ocrx_word' id='word_1_51' title='bbox 585 873 784 946; x_wconf 79' lang='lat' dir='ltr'><strong>generationis</strong></span> <span class='ocrx_word' id='word_1_52' title='bbox 797 873 923 932; x_wconf 87' lang='lat' dir='ltr'><strong>suscita·</strong></span> 
     </span>
     <span class='ocr_line' id='line_1_10' title="bbox 195 959 233 998; baseline 0 0"><span class='ocrx_word' id='word_1_53' title='bbox 195 959 233 998; x_wconf 91' lang='lat' dir='ltr'><strong>is.</strong></span> 
     </span>
     <span class='ocr_line' id='line_1_11' title="bbox 130 1012 658 1087; baseline -0.006 -14"><span class='ocrx_word' id='word_1_54' title='bbox 130 1019 161 1073; x_wconf 89' lang='lat' dir='ltr'><strong>et</strong></span> <span class='ocrx_word' id='word_1_55' title='bbox 175 1012 344 1072; x_wconf 88' lang='lat' dir='ltr'><strong>vocaberis¹</strong></span> <span class='ocrx_word' id='word_1_56' title='bbox 363 1012 520 1070; x_wconf 75' lang='lat' dir='ltr'><strong>edificatur</strong></span> <span class='ocrx_word' id='word_1_57' title='bbox 531 1015 658 1087; x_wconf 89' lang='lat' dir='ltr'><strong>sepium,</strong></span> 
     </span>
     <span class='ocr_line' id='line_1_12' title="bbox 129 1085 869 1161; baseline 0.003 -18"><span class='ocrx_word' id='word_1_58' title='bbox 129 1091 268 1143; x_wconf 87' lang='lat' dir='ltr'><strong>avertens</strong></span> <span class='ocrx_word' id='word_1_59' title='bbox 281 1085 334 1157; x_wconf 77' lang='lat' dir='ltr'><strong>(At.</strong></span> <span class='ocrx_word' id='word_1_60' title='bbox 350 1085 534 1156; x_wconf 83' lang='lat' dir='ltr'><strong>convertens)</strong></span> <span class='ocrx_word' id='word_1_61' title='bbox 549 1087 668 1144; x_wconf 87' lang='lat' dir='ltr'><strong>semitas</strong></span> <span class='ocrx_word' id='word_1_62' title='bbox 682 1086 713 1144; x_wconf 90' lang='lat' dir='ltr'><strong>in</strong></span> <span class='ocrx_word' id='word_1_63' title='bbox 729 1088 869 1161; x_wconf 83' lang='lat' dir='ltr'><strong>quietem.</strong></span> 
     </span>
     <span class='ocr_line' id='line_1_13' title="bbox 92 1157 688 1230; baseline -0.003 -14"><span class='ocrx_word' id='word_1_64' title='bbox 92 1159 123 1216; x_wconf 88' lang='lat' dir='ltr'><strong>Si</strong></span> <span class='ocrx_word' id='word_1_65' title='bbox 140 1157 285 1215; x_wconf 90' lang='lat' dir='ltr'><strong>averteris</strong></span> <span class='ocrx_word' id='word_1_66' title='bbox 299 1175 316 1212; x_wconf 90' lang='lat' dir='ltr'><strong>a</strong></span> <span class='ocrx_word' id='word_1_67' title='bbox 331 1157 456 1214; x_wconf 80' lang='lat' dir='ltr'><strong>sabbato</strong></span> <span class='ocrx_word' id='word_1_68' title='bbox 471 1158 576 1229; x_wconf 90' lang='lat' dir='ltr'><strong>pedem</strong></span> <span class='ocrx_word' id='word_1_69' title='bbox 592 1162 688 1230; x_wconf 89' lang='lat' dir='ltr'><strong>tuum,</strong></span> 
     </span>
     <span class='ocr_line' id='line_1_14' title="bbox 100 1228 834 1289; baseline 0.001 -4"><span class='ocrx_word' id='word_1_70' title='bbox 100 1231 227 1287; x_wconf 74' lang='lat' dir='ltr'><strong>‘iecere</strong></span> <span class='ocrx_word' id='word_1_71' title='bbox 239 1228 420 1285; x_wconf 86' lang='lat' dir='ltr'><strong>voluntatem</strong></span> <span class='ocrx_word' id='word_1_72' title='bbox 435 1233 518 1285; x_wconf 90' lang='lat' dir='ltr'><strong>tuam</strong></span> <span class='ocrx_word' id='word_1_73' title='bbox 534 1229 564 1286; x_wconf 94' lang='lat' dir='ltr'><strong>in</strong></span> <span class='ocrx_word' id='word_1_74' title='bbox 579 1230 626 1286; x_wconf 88' lang='lat' dir='ltr'><strong>die</strong></span> <span class='ocrx_word' id='word_1_75' title='bbox 641 1235 743 1289; x_wconf 88' lang='lat' dir='ltr'><strong>sancto</strong></span> <span class='ocrx_word' id='word_1_76' title='bbox 758 1247 834 1288; x_wconf 91' lang='lat' dir='ltr'><strong>meo.</strong></span> 
     </span>
     <span class='ocr_line' id='line_1_15' title="bbox 94 1300 649 1371; baseline -0.002 -12"><span class='ocrx_word' id='word_1_77' title='bbox 94 1303 131 1359; x_wconf 79' lang='lat' dir='ltr'><strong>lit</strong></span> <span class='ocrx_word' id='word_1_78' title='bbox 144 1301 295 1359; x_wconf 90' lang='lat' dir='ltr'><strong>vocaveris</strong></span> <span class='ocrx_word' id='word_1_79' title='bbox 309 1300 469 1357; x_wconf 79' lang='lat' dir='ltr'><strong>Sabbatum</strong></span> <span class='ocrx_word' id='word_1_80' title='bbox 478 1300 649 1371; x_wconf 91' lang='lat' dir='ltr'><strong>delicatum,</strong></span> 
     </span>
     <span class='ocr_line' id='line_1_16' title="bbox 130 1371 643 1444; baseline 0.002 -15"><span class='ocrx_word' id='word_1_81' title='bbox 130 1380 162 1430; x_wconf 91' lang='lat' dir='ltr'><strong>et</strong></span> <span class='ocrx_word' id='word_1_82' title='bbox 177 1377 314 1429; x_wconf 89' lang='lat' dir='ltr'><strong>sanctum</strong></span> <span class='ocrx_word' id='word_1_83' title='bbox 330 1371 448 1429; x_wconf 86' lang='lat' dir='ltr'><strong>Domini</strong></span> <span class='ocrx_word' id='word_1_84' title='bbox 461 1371 643 1444; x_wconf 89' lang='lat' dir='ltr'><strong>gloriosum:</strong></span> 
     </span>
     <span class='ocr_line' id='line_1_17' title="bbox 93 1444 869 1518; baseline 0.004 -17"><span class='ocrx_word' id='word_1_85' title='bbox 93 1450 129 1501; x_wconf 84' lang='lat' dir='ltr'><strong>sst</strong></span> <span class='ocrx_word' id='word_1_86' title='bbox 143 1444 354 1518; x_wconf 80' lang='lat' dir='ltr'><strong>glorificaveris</strong></span> <span class='ocrx_word' id='word_1_87' title='bbox 369 1460 448 1510; x_wconf 90' lang='lat' dir='ltr'><strong>eum,</strong></span> <span class='ocrx_word' id='word_1_88' title='bbox 465 1444 536 1502; x_wconf 92' lang='lat' dir='ltr'><strong>dum</strong></span> <span class='ocrx_word' id='word_1_89' title='bbox 552 1462 610 1502; x_wconf 92' lang='lat' dir='ltr'><strong>non</strong></span> <span class='ocrx_word' id='word_1_90' title='bbox 627 1445 699 1503; x_wconf 89' lang='lat' dir='ltr'><strong>lacis</strong></span> <span class='ocrx_word' id='word_1_91' title='bbox 714 1445 777 1503; x_wconf 90' lang='lat' dir='ltr'><strong>vias</strong></span> <span class='ocrx_word' id='word_1_92' title='bbox 792 1450 869 1517; x_wconf 87' lang='lat' dir='ltr'><strong>tuas,</strong></span> 
     </span>
    </p>
   </div>
   <div class='ocr_carea' id='block_1_2' title="bbox 724 174 1443 374">
    <p class='ocr_par' dir='ltr' id='par_1_2' title="bbox 724 174 1443 374">
     <span class='ocr_line' id='line_1_18' title="bbox 724 174 1185 235; baseline -0.009 -2"><span class='ocrx_word' id='word_1_93' title='bbox 724 176 833 233; x_wconf 66' lang='grc' dir='ltr'><strong>ΗΕΒ</strong></span> <span class='ocrx_word' id='word_1_94' title='bbox 849 177 955 235; x_wconf 73' lang='lat' dir='ltr'><strong>istim</strong></span> <span class='ocrx_word' id='word_1_95' title='bbox 972 174 1185 233; x_wconf 73' lang='lat' dir='ltr'><strong>ssorum.</strong></span> 
     </span>
     <span class='ocr_line' id='line_1_19' title="bbox 937 297 1443 374; baseline -0.004 -17"><span class='ocrx_word' id='word_1_96' title='bbox 937 305 965 374; x_wconf 70' lang='lat' dir='ltr'>A</span> <span class='ocrx_word' id='word_1_97' title='bbox 980 299 1141 373; x_wconf 85' lang='lat' dir='ltr'><strong>llugiemus</strong></span> <span class='ocrx_word' id='word_1_98' title='bbox 1156 297 1241 372; x_wconf 85' lang='lat' dir='ltr'><strong>quasi</strong></span> <span class='ocrx_word' id='word_1_99' title='bbox 1256 297 1317 355; x_wconf 85' lang='lat' dir='ltr'><strong>ursi</strong></span> <span class='ocrx_word' id='word_1_100' title='bbox 1328 312 1443 356; x_wconf 87' lang='lat' dir='ltr'><strong>omnes.</strong></span> 
     </span>
    </p>
   </div>
   <div class='ocr_carea' id='block_1_3' title="bbox 978 370 1863 1520">
    <p class='ocr_par' dir='ltr' id='par_1_3' title="bbox 978 370 1863 1520">
     <span class='ocr_line' id='line_1_20' title="bbox 1015 370 1666 444; baseline -0.005 -16"><span class='ocrx_word' id='word_1_101' title='bbox 1015 379 1043 428; x_wconf 89' lang='lat' dir='ltr'><strong>ei</strong></span> <span class='ocrx_word' id='word_1_102' title='bbox 1056 371 1140 444; x_wconf 84' lang='lat' dir='ltr'><strong>quasi</strong></span> <span class='ocrx_word' id='word_1_103' title='bbox 1155 370 1299 426; x_wconf 83' lang='lat' dir='ltr'><strong>columba</strong></span> <span class='ocrx_word' id='word_1_104' title='bbox 1308 370 1485 428; x_wconf 73' lang='lat' dir='ltr'><strong>meditantes</strong></span> <span class='ocrx_word' id='word_1_105' title='bbox 1499 383 1666 443; x_wconf 89' lang='lat' dir='ltr'><strong>gememus.</strong></span> 
     </span>
     <span class='ocr_line' id='line_1_21' title="bbox 979 438 1724 514; baseline -0.005 -14"><span class='ocrx_word' id='word_1_106' title='bbox 979 443 1217 514; x_wconf 79' lang='lat' dir='ltr'><strong>Exspeciavimus</strong></span> <span class='ocrx_word' id='word_1_107' title='bbox 1228 440 1384 512; x_wconf 76' lang='lat' dir='ltr'><strong>iudicium,</strong></span> <span class='ocrx_word' id='word_1_108' title='bbox 1399 445 1430 499; x_wconf 88' lang='lat' dir='ltr'><strong>et</strong></span> <span class='ocrx_word' id='word_1_109' title='bbox 1443 457 1501 498; x_wconf 93' lang='lat' dir='ltr'><strong>non</strong></span> <span class='ocrx_word' id='word_1_110' title='bbox 1517 440 1626 514; x_wconf 81' lang='lat' dir='ltr'><strong>est(Al.</strong></span> <span class='ocrx_word' id='word_1_111' title='bbox 1637 438 1724 514; x_wconf 84' lang='lat' dir='ltr'><strong>erit);</strong></span> 
     </span>
     <span class='ocr_line' id='line_1_22' title="bbox 1014 512 1554 585; baseline -0.002 -15"><span class='ocrx_word' id='word_1_112' title='bbox 1014 515 1151 584; x_wconf 86' lang='lat' dir='ltr'><strong>salutem,</strong></span> <span class='ocrx_word' id='word_1_113' title='bbox 1167 519 1196 570; x_wconf 91' lang='lat' dir='ltr'><strong>et</strong></span> <span class='ocrx_word' id='word_1_114' title='bbox 1208 513 1342 585; x_wconf 87' lang='lat' dir='ltr'><strong>elongata</strong></span> <span class='ocrx_word' id='word_1_115' title='bbox 1355 519 1401 571; x_wconf 88' lang='lat' dir='ltr'><strong>est</strong></span> <span class='ocrx_word' id='word_1_116' title='bbox 1415 530 1433 571; x_wconf 87' lang='lat' dir='ltr'><strong>ii</strong></span> <span class='ocrx_word' id='word_1_117' title='bbox 1447 512 1532 571; x_wconf 88' lang='lat' dir='ltr'><strong>nobis</strong></span> <span class='ocrx_word' id='word_1_118' title='bbox 1546 529 1554 569; x_wconf 92' lang='lat'>:</span> 
     </span>
     <span class='ocr_line' id='line_1_23' title="bbox 978 584 1804 660; baseline -0.006 -15"><span class='ocrx_word' id='word_1_119' title='bbox 978 586 1177 660; x_wconf 68' lang='lat' dir='ltr'><strong>nultiplicata</strong></span> <span class='ocrx_word' id='word_1_120' title='bbox 1188 584 1527 659; x_wconf 84' lang='lat' dir='ltr'><strong>sunteniminiquitates</strong></span> <span class='ocrx_word' id='word_1_121' title='bbox 1538 588 1644 641; x_wconf 83' lang='lat' dir='ltr'><strong>nostru</strong></span> <span class='ocrx_word' id='word_1_122' title='bbox 1655 599 1751 641; x_wconf 88' lang='lat' dir='ltr'><strong>coram</strong></span> <span class='ocrx_word' id='word_1_123' title='bbox 1762 586 1804 651; x_wconf 86' lang='lat' dir='ltr'><strong>ie,</strong></span> 
     </span>
     <span class='ocr_line' id='line_1_24' title="bbox 1013 655 1629 731; baseline -0.006 -16"><span class='ocrx_word' id='word_1_124' title='bbox 1013 663 1043 715; x_wconf 89' lang='lat' dir='ltr'><strong>st</strong></span> <span class='ocrx_word' id='word_1_125' title='bbox 1058 662 1177 731; x_wconf 90' lang='lat' dir='ltr'><strong>peccata</strong></span> <span class='ocrx_word' id='word_1_126' title='bbox 1192 661 1291 713; x_wconf 88' lang='lat' dir='ltr'><strong>nostra</strong></span> <span class='ocrx_word' id='word_1_127' title='bbox 1303 657 1520 729; x_wconf 87' lang='lat' dir='ltr'><strong>responderunt</strong></span> <span class='ocrx_word' id='word_1_128' title='bbox 1534 655 1629 714; x_wconf 87' lang='lat' dir='ltr'><strong>nobis.</strong></span> 
     </span>
     <span class='ocr_line' id='line_1_25' title="bbox 979 729 1353 797; baseline -0.003 -10"><span class='ocrx_word' id='word_1_129' title='bbox 979 730 1051 797; x_wconf 84' lang='lat' dir='ltr'><strong>Ouia</strong></span> <span class='ocrx_word' id='word_1_130' title='bbox 1065 730 1175 787; x_wconf 87' lang='lat' dir='ltr'><strong>scelera</strong></span> <span class='ocrx_word' id='word_1_131' title='bbox 1188 729 1353 797; x_wconf 88' lang='lat' dir='ltr'><strong>nobiscum,</strong></span> 
     </span>
     <span class='ocr_line' id='line_1_26' title="bbox 1014 799 1576 873; baseline -0.005 -14"><span class='ocrx_word' id='word_1_132' title='bbox 1014 806 1043 859; x_wconf 87' lang='lat' dir='ltr'><strong>et</strong></span> <span class='ocrx_word' id='word_1_133' title='bbox 1057 799 1229 872; x_wconf 84' lang='lat' dir='ltr'><strong>iniquitates</strong></span> <span class='ocrx_word' id='word_1_134' title='bbox 1245 804 1361 857; x_wconf 88' lang='lat' dir='ltr'><strong>nostras</strong></span> <span class='ocrx_word' id='word_1_135' title='bbox 1375 799 1576 873; x_wconf 88' lang='lat' dir='ltr'><strong>oagnovimus,</strong></span> 
     </span>
     <span class='ocr_line' id='line_1_27' title="bbox 1015 870 1614 949; baseline -0.005 -19"><span class='ocrx_word' id='word_1_136' title='bbox 1015 889 1134 949; x_wconf 87' lang='lat' dir='ltr'><strong>peceare</strong></span> <span class='ocrx_word' id='word_1_137' title='bbox 1148 878 1177 928; x_wconf 88' lang='lat' dir='ltr'><strong>et</strong></span> <span class='ocrx_word' id='word_1_138' title='bbox 1192 870 1308 929; x_wconf 88' lang='lat' dir='ltr'><strong>mentiri</strong></span> <span class='ocrx_word' id='word_1_139' title='bbox 1322 877 1423 930; x_wconf 89' lang='lat' dir='ltr'><strong>contra</strong></span> <span class='ocrx_word' id='word_1_140' title='bbox 1438 872 1614 928; x_wconf 90' lang='lat' dir='ltr'><strong>Dominum:</strong></span> 
     </span>
     <span class='ocr_line' id='line_1_28' title="bbox 978 940 1863 1017; baseline -0.002 -15"><span class='ocrx_word' id='word_1_141' title='bbox 978 945 1013 1002; x_wconf 87' lang='lat' dir='ltr'><strong>iti</strong></span> <span class='ocrx_word' id='word_1_142' title='bbox 1027 944 1121 1004; x_wconf 90' lang='lat' dir='ltr'><strong>aversi</strong></span> <span class='ocrx_word' id='word_1_143' title='bbox 1136 960 1252 1011; x_wconf 91' lang='lat' dir='ltr'><strong>sumus,</strong></span> <span class='ocrx_word' id='word_1_144' title='bbox 1268 945 1426 1002; x_wconf 81' lang='lat' dir='ltr'><strong>sciremus</strong></span> <span class='ocrx_word' id='word_1_145' title='bbox 1446 948 1512 1017; x_wconf 89' lang='lat' dir='ltr'><strong>post</strong></span> <span class='ocrx_word' id='word_1_146' title='bbox 1527 947 1641 1017; x_wconf 89' lang='lat' dir='ltr'><strong>tergum</strong></span> <span class='ocrx_word' id='word_1_147' title='bbox 1660 940 1717 1000; x_wconf 75' lang='lat' dir='ltr'><strong>⁴Dei</strong></span> <span class='ocrx_word' id='word_1_148' title='bbox 1745 941 1802 1016; x_wconf 76' lang='lat' dir='ltr'><strong>(At.</strong></span> <span class='ocrx_word' id='word_1_149' title='bbox 1856 966 1863 993; x_wconf 82' lang='lat' dir='ltr'><strong>i</strong></span> 
     </span>
     <span class='ocr_line' id='line_1_29' title="bbox 1052 1015 1296 1088; baseline -0.016 -15"><span class='ocrx_word' id='word_1_150' title='bbox 1052 1016 1177 1088; x_wconf 86' lang='lat' dir='ltr'><strong>Domini)</strong></span> <span class='ocrx_word' id='word_1_151' title='bbox 1192 1015 1296 1083; x_wconf 86' lang='lat' dir='ltr'><strong>nostri,</strong></span> 
     </span>
     <span class='ocr_line' id='line_1_30' title="bbox 1014 1084 1802 1171; baseline -0.004 -25"><span class='ocrx_word' id='word_1_152' title='bbox 1014 1095 1046 1146; x_wconf 91' lang='lat' dir='ltr'><strong>nt</strong></span> <span class='ocrx_word' id='word_1_153' title='bbox 1061 1087 1250 1171; x_wconf 79' lang='lat' dir='ltr'><strong>loqueremur</strong></span> <span class='ocrx_word' id='word_1_154' title='bbox 1271 1086 1462 1157; x_wconf 76' lang='lat' dir='ltr'><strong>calumniam,</strong></span> <span class='ocrx_word' id='word_1_155' title='bbox 1479 1088 1509 1143; x_wconf 86' lang='lat' dir='ltr'><strong>et</strong></span> <span class='ocrx_word' id='word_1_156' title='bbox 1536 1084 1802 1160; x_wconf 71' lang='lat' dir='ltr'><strong>transgressionem</strong></span> 
     </span>
     <span class='ocr_line' id='line_1_31' title="bbox 1050 1176 1248 1231; baseline -0.005 -14"><span class='ocrx_word' id='word_1_157' title='bbox 1050 1176 1248 1231; x_wconf 86' lang='lat' dir='ltr'><strong>concepimus,</strong></span> 
     </span>
     <span class='ocr_line' id='line_1_32' title="bbox 1014 1227 1687 1289; baseline -0.004 -1"><span class='ocrx_word' id='word_1_158' title='bbox 1014 1235 1044 1288; x_wconf 89' lang='lat' dir='ltr'><strong>et</strong></span> <span class='ocrx_word' id='word_1_159' title='bbox 1054 1232 1143 1289; x_wconf 86' lang='lat' dir='ltr'><strong>locuti</strong></span> <span class='ocrx_word' id='word_1_160' title='bbox 1160 1247 1265 1288; x_wconf 87' lang='lat' dir='ltr'><strong>sumus</strong></span> <span class='ocrx_word' id='word_1_161' title='bbox 1279 1229 1315 1288; x_wconf 90' lang='lat' dir='ltr'><strong>ds</strong></span> <span class='ocrx_word' id='word_1_162' title='bbox 1327 1228 1415 1287; x_wconf 91' lang='lat' dir='ltr'><strong>corde</strong></span> <span class='ocrx_word' id='word_1_163' title='bbox 1428 1229 1518 1288; x_wconf 87' lang='lat' dir='ltr'><strong>verba</strong></span> <span class='ocrx_word' id='word_1_164' title='bbox 1531 1227 1687 1287; x_wconf 87' lang='lat' dir='ltr'><strong>mendacii.</strong></span> 
     </span>
     <span class='ocr_line' id='line_1_33' title="bbox 978 1300 1606 1374; baseline 0 -16"><span class='ocrx_word' id='word_1_165' title='bbox 978 1306 1013 1359; x_wconf 83' lang='lat' dir='ltr'><strong>et</strong></span> <span class='ocrx_word' id='word_1_166' title='bbox 1025 1319 1200 1362; x_wconf 90' lang='lat' dir='ltr'><strong>conversum</strong></span> <span class='ocrx_word' id='word_1_167' title='bbox 1213 1307 1258 1361; x_wconf 92' lang='lat' dir='ltr'><strong>est</strong></span> <span class='ocrx_word' id='word_1_168' title='bbox 1273 1305 1435 1359; x_wconf 83' lang='lat' dir='ltr'><strong>retrorsum</strong></span> <span class='ocrx_word' id='word_1_169' title='bbox 1445 1300 1606 1374; x_wconf 75' lang='lat' dir='ltr'><strong>iudicium,</strong></span> 
     </span>
     <span class='ocr_line' id='line_1_34' title="bbox 1013 1372 1417 1448; baseline -0.005 -17"><span class='ocrx_word' id='word_1_170' title='bbox 1013 1378 1043 1431; x_wconf 89' lang='lat' dir='ltr'><strong>et</strong></span> <span class='ocrx_word' id='word_1_171' title='bbox 1053 1376 1201 1448; x_wconf 75' lang='lat' dir='ltr'><strong>iustitiam</strong></span> <span class='ocrx_word' id='word_1_172' title='bbox 1216 1375 1302 1447; x_wconf 89' lang='lat' dir='ltr'><strong>lenge</strong></span> <span class='ocrx_word' id='word_1_173' title='bbox 1317 1372 1417 1431; x_wconf 89' lang='lat' dir='ltr'><strong>stetit:</strong></span> 
     </span>
     <span class='ocr_line' id='line_1_35' title="bbox 978 1446 1463 1520; baseline -0.002 -18"><span class='ocrx_word' id='word_1_174' title='bbox 978 1446 1053 1514; x_wconf 81' lang='lat' dir='ltr'><strong>Quia</strong></span> <span class='ocrx_word' id='word_1_175' title='bbox 1067 1450 1177 1505; x_wconf 90' lang='lat' dir='ltr'><strong>corruit</strong></span> <span class='ocrx_word' id='word_1_176' title='bbox 1191 1448 1220 1503; x_wconf 92' lang='lat' dir='ltr'><strong>in</strong></span> <span class='ocrx_word' id='word_1_177' title='bbox 1237 1446 1333 1520; x_wconf 85' lang='lat' dir='ltr'><strong>platea</strong></span> <span class='ocrx_word' id='word_1_178' title='bbox 1346 1448 1463 1512; x_wconf 86' lang='lat' dir='ltr'><strong>veritas,</strong></span> 
     </span>
    </p>
   </div>
   <div class='ocr_carea' id='block_1_4' title="bbox 131 1515 1491 1592">
    <p class='ocr_par' dir='ltr' id='par_1_4' title="bbox 131 1515 1491 1592">
     <span class='ocr_line' id='line_1_36' title="bbox 131 1515 1491 1592; baseline -0.003 -18"><span class='ocrx_word' id='word_1_179' title='bbox 131 1524 161 1574; x_wconf 90' lang='lat' dir='ltr'><strong>et</strong></span> <span class='ocrx_word' id='word_1_180' title='bbox 176 1534 235 1572; x_wconf 91' lang='lat' dir='ltr'><strong>non</strong></span> <span class='ocrx_word' id='word_1_181' title='bbox 251 1515 462 1585; x_wconf 61' lang='lat' dir='ltr'><strong>inveniturul.</strong></span> <span class='ocrx_word' id='word_1_182' title='bbox 480 1515 653 1590; x_wconf 89' lang='lat' dir='ltr'><strong>invenietur)</strong></span> <span class='ocrx_word' id='word_1_183' title='bbox 670 1519 805 1576; x_wconf 90' lang='lat' dir='ltr'><strong>voluntas</strong></span> <span class='ocrx_word' id='word_1_184' title='bbox 821 1523 880 1589; x_wconf 85' lang='lat' dir='ltr'><strong>tua,</strong></span> <span class='ocrx_word' id='word_1_185' title='bbox 893 1522 926 1574; x_wconf 92' lang='lat' dir='ltr'><strong>ut</strong></span> <span class='ocrx_word' id='word_1_186' title='bbox 1013 1525 1041 1574; x_wconf 92' lang='lat' dir='ltr'><strong>et</strong></span> <span class='ocrx_word' id='word_1_187' title='bbox 1055 1522 1177 1592; x_wconf 75' lang='lat' dir='ltr'><strong>equitas</strong></span> <span class='ocrx_word' id='word_1_188' title='bbox 1187 1535 1245 1575; x_wconf 92' lang='lat' dir='ltr'><strong>non</strong></span> <span class='ocrx_word' id='word_1_189' title='bbox 1256 1516 1352 1590; x_wconf 88' lang='lat' dir='ltr'><strong>potuit</strong></span> <span class='ocrx_word' id='word_1_190' title='bbox 1366 1515 1491 1590; x_wconf 84' lang='lat' dir='ltr'><strong>ingredi.</strong></span> 
     </span>
    </p>
   </div>
   <div class='ocr_carea' id='block_1_5' title="bbox 95 1589 784 1932">
    <p class='ocr_par' dir='ltr' id='par_1_5' title="bbox 95 1589 784 1932">
     <span class='ocr_line' id='line_1_37' title="bbox 169 1589 505 1659; baseline 0.003 -16"><span class='ocrx_word' id='word_1_191' title='bbox 169 1589 302 1659; x_wconf 90' lang='lat' dir='ltr'><strong>loquaris</strong></span> <span class='ocrx_word' id='word_1_192' title='bbox 318 1603 483 1643; x_wconf 87' lang='lat' dir='ltr'><strong>sermonem</strong></span> <span class='ocrx_word' id='word_1_193' title='bbox 498 1604 505 1644; x_wconf 91' lang='lat'><strong>:</strong></span> 
     </span>
     <span class='ocr_line' id='line_1_38' title="bbox 95 1659 640 1729; baseline -0.004 -11"><span class='ocrx_word' id='word_1_194' title='bbox 95 1661 182 1718; x_wconf 84' lang='lat' dir='ltr'><strong>Tunc</strong></span> <span class='ocrx_word' id='word_1_195' title='bbox 197 1659 389 1716; x_wconf 75' lang='lat' dir='ltr'><strong>delectaberis</strong></span> <span class='ocrx_word' id='word_1_196' title='bbox 403 1676 493 1728; x_wconf 89' lang='lat' dir='ltr'><strong>super</strong></span> <span class='ocrx_word' id='word_1_197' title='bbox 507 1659 640 1729; x_wconf 84' lang='lat' dir='ltr'><strong>Domino,</strong></span> 
     </span>
     <span class='ocr_line' id='line_1_39' title="bbox 134 1731 776 1814; baseline 0.002 -26"><span class='ocrx_word' id='word_1_198' title='bbox 134 1738 163 1788; x_wconf 90' lang='lat' dir='ltr'><strong>et</strong></span> <span class='ocrx_word' id='word_1_199' title='bbox 179 1731 335 1788; x_wconf 80' lang='lat' dir='ltr'><strong>sustollam</strong></span> <span class='ocrx_word' id='word_1_200' title='bbox 353 1734 381 1786; x_wconf 91' lang='lat' dir='ltr'><strong>te</strong></span> <span class='ocrx_word' id='word_1_201' title='bbox 395 1746 484 1814; x_wconf 84' lang='lat' dir='ltr'><strong>super</strong></span> <span class='ocrx_word' id='word_1_202' title='bbox 496 1731 666 1789; x_wconf 87' lang='lat' dir='ltr'><strong>altitudines</strong></span> <span class='ocrx_word' id='word_1_203' title='bbox 682 1737 776 1802; x_wconf 78' lang='lat' dir='ltr'><strong>terra,</strong></span> 
     </span>
     <span class='ocr_line' id='line_1_40' title="bbox 133 1801 784 1876; baseline 0.002 -16"><span class='ocrx_word' id='word_1_204' title='bbox 133 1809 164 1860; x_wconf 90' lang='lat' dir='ltr'><strong>et</strong></span> <span class='ocrx_word' id='word_1_205' title='bbox 179 1804 283 1859; x_wconf 89' lang='lat' dir='ltr'><strong>cibabo</strong></span> <span class='ocrx_word' id='word_1_206' title='bbox 298 1807 326 1858; x_wconf 93' lang='lat' dir='ltr'><strong>te</strong></span> <span class='ocrx_word' id='word_1_207' title='bbox 336 1801 505 1859; x_wconf 79' lang='lat' dir='ltr'><strong>hereditate</strong></span> <span class='ocrx_word' id='word_1_208' title='bbox 517 1803 607 1859; x_wconf 84' lang='lat' dir='ltr'><strong>Jacob</strong></span> <span class='ocrx_word' id='word_1_209' title='bbox 623 1804 716 1876; x_wconf 89' lang='lat' dir='ltr'><strong>patris</strong></span> <span class='ocrx_word' id='word_1_210' title='bbox 730 1804 784 1861; x_wconf 91' lang='lat' dir='ltr'><strong>tui.</strong></span> 
     </span>
     <span class='ocr_line' id='line_1_41' title="bbox 133 1873 623 1932; baseline -0.004 0"><span class='ocrx_word' id='word_1_211' title='bbox 133 1876 175 1932; x_wconf 89' lang='lat' dir='ltr'><strong>Ds</strong></span> <span class='ocrx_word' id='word_1_212' title='bbox 192 1876 271 1931; x_wconf 88' lang='lat' dir='ltr'><strong>enini</strong></span> <span class='ocrx_word' id='word_1_213' title='bbox 288 1874 402 1929; x_wconf 90' lang='lat' dir='ltr'><strong>Domini</strong></span> <span class='ocrx_word' id='word_1_214' title='bbox 419 1873 552 1932; x_wconf 87' lang='lat' dir='ltr'><strong>locutum</strong></span> <span class='ocrx_word' id='word_1_215' title='bbox 568 1879 623 1932; x_wconf 87' lang='lat' dir='ltr'><strong>est.</strong></span> 
     </span>
    </p>
   </div>
   <div class='ocr_carea' id='block_1_6' title="bbox 98 1946 926 2021">
    <p class='ocr_par' dir='ltr' id='par_1_6' title="bbox 98 1946 926 2021">
     <span class='ocr_line' id='line_1_42' title="bbox 98 1946 926 2021; baseline 0 -18"><span class='ocrx_word' id='word_1_216' title='bbox 98 1947 178 2021; x_wconf 88' lang='lat' dir='ltr'><strong>(Cup.</strong></span> <span class='ocrx_word' id='word_1_217' title='bbox 197 1946 281 2017; x_wconf 79' lang='lat' dir='ltr'><strong>bix.)</strong></span> <span class='ocrx_word' id='word_1_218' title='bbox 296 1951 370 2003; x_wconf 81' lang='lat' dir='ltr'><strong>Dece</strong></span> <span class='ocrx_word' id='word_1_219' title='bbox 381 1962 438 2002; x_wconf 90' lang='lat' dir='ltr'><strong>non</strong></span> <span class='ocrx_word' id='word_1_220' title='bbox 449 1950 495 2003; x_wconf 89' lang='lat' dir='ltr'><strong>est</strong></span> <span class='ocrx_word' id='word_1_221' title='bbox 504 1946 671 2004; x_wconf 88' lang='lat' dir='ltr'><strong>abbreviata</strong></span> <span class='ocrx_word' id='word_1_222' title='bbox 682 1963 788 2005; x_wconf 91' lang='lat' dir='ltr'><strong>maniis</strong></span> <span class='ocrx_word' id='word_1_223' title='bbox 798 1947 926 2019; x_wconf 87' lang='lat' dir='ltr'><strong>Domini,</strong></span> 
     </span>
    </p>
   </div>
   <div class='ocr_carea' id='block_1_7' title="bbox 134 2020 924 2163">
    <p class='ocr_par' dir='ltr' id='par_1_7' title="bbox 134 2020 924 2163">
     <span class='ocr_line' id='line_1_43' title="bbox 173 2020 484 2090; baseline 0 -16"><span class='ocrx_word' id='word_1_224' title='bbox 173 2027 207 2074; x_wconf 92' lang='lat' dir='ltr'><strong>ut</strong></span> <span class='ocrx_word' id='word_1_225' title='bbox 221 2020 334 2076; x_wconf 73' lang='lat' dir='ltr'><strong>salvare</strong></span> <span class='ocrx_word' id='word_1_226' title='bbox 349 2024 484 2090; x_wconf 86' lang='lat' dir='ltr'><strong>nequeat,</strong></span> 
     </span>
     <span class='ocr_line' id='line_1_44' title="bbox 134 2089 924 2163; baseline 0.001 -18"><span class='ocrx_word' id='word_1_227' title='bbox 134 2107 232 2162; x_wconf 87' lang='lat' dir='ltr'><strong>neque</strong></span> <span class='ocrx_word' id='word_1_228' title='bbox 247 2095 402 2163; x_wconf 75' lang='lat' dir='ltr'><strong>aggravatis</strong></span> <span class='ocrx_word' id='word_1_229' title='bbox 416 2095 462 2146; x_wconf 90' lang='lat' dir='ltr'><strong>est</strong></span> <span class='ocrx_word' id='word_1_230' title='bbox 477 2089 557 2145; x_wconf 88' lang='lat' dir='ltr'><strong>auris</strong></span> <span class='ocrx_word' id='word_1_231' title='bbox 572 2091 646 2162; x_wconf 81' lang='lat' dir='ltr'><strong>ejus,</strong></span> <span class='ocrx_word' id='word_1_232' title='bbox 663 2093 762 2148; x_wconf 91' lang='lat' dir='ltr'><strong>utnon</strong></span> <span class='ocrx_word' id='word_1_233' title='bbox 777 2091 924 2148; x_wconf 81' lang='lat' dir='ltr'><strong>exaudiat:</strong></span> 
     </span>
    </p>
   </div>
   <div class='ocr_carea' id='block_1_8' title="bbox 979 1587 1612 1735">
    <p class='ocr_par' dir='ltr' id='par_1_8' title="bbox 979 1587 1612 1735">
     <span class='ocr_line' id='line_1_45' title="bbox 979 1587 1519 1648; baseline -0.006 -1"><span class='ocrx_word' id='word_1_234' title='bbox 979 1590 1012 1647; x_wconf 79' lang='lat' dir='ltr'><strong>iti</strong></span> <span class='ocrx_word' id='word_1_235' title='bbox 1024 1589 1101 1648; x_wconf 87' lang='lat' dir='ltr'><strong>lactu</strong></span> <span class='ocrx_word' id='word_1_236' title='bbox 1115 1595 1160 1648; x_wconf 91' lang='lat' dir='ltr'><strong>est</strong></span> <span class='ocrx_word' id='word_1_237' title='bbox 1172 1591 1280 1648; x_wconf 90' lang='lat' dir='ltr'><strong>veritas</strong></span> <span class='ocrx_word' id='word_1_238' title='bbox 1296 1589 1326 1646; x_wconf 92' lang='lat' dir='ltr'><strong>in</strong></span> <span class='ocrx_word' id='word_1_239' title='bbox 1342 1587 1519 1646; x_wconf 89' lang='lat' dir='ltr'><strong>oblivionem</strong></span> 
     </span>
     <span class='ocr_line' id='line_1_46' title="bbox 1014 1659 1612 1735; baseline 0 -18"><span class='ocrx_word' id='word_1_240' title='bbox 1014 1667 1043 1717; x_wconf 88' lang='lat' dir='ltr'><strong>et</strong></span> <span class='ocrx_word' id='word_1_241' title='bbox 1059 1662 1108 1735; x_wconf 91' lang='lat' dir='ltr'><strong>qui</strong></span> <span class='ocrx_word' id='word_1_242' title='bbox 1122 1661 1242 1719; x_wconf 78' lang='lat' dir='ltr'><strong>recessit</strong></span> <span class='ocrx_word' id='word_1_243' title='bbox 1252 1679 1269 1719; x_wconf 93' lang='lat' dir='ltr'><strong>a</strong></span> <span class='ocrx_word' id='word_1_244' title='bbox 1279 1660 1367 1730; x_wconf 92' lang='lat' dir='ltr'><strong>malo,</strong></span> <span class='ocrx_word' id='word_1_245' title='bbox 1381 1661 1484 1735; x_wconf 82' lang='lat' dir='ltr'><strong>preda</strong></span> <span class='ocrx_word' id='word_1_246' title='bbox 1498 1659 1612 1734; x_wconf 85' lang='lat' dir='ltr'><strong>patuit:</strong></span> 
     </span>
    </p>
   </div>
   <div class='ocr_carea' id='block_1_9' title="bbox 940 1689 1266 1800">
    <p class='ocr_par' dir='ltr' id='par_1_9' title="bbox 940 1689 1266 1800">
     <span class='ocr_line' id='line_1_47' title="bbox 940 1689 1266 1800; baseline 0 -10"><span class='ocrx_word' id='word_1_247' title='bbox 940 1689 965 1755; x_wconf 75' lang='lat' dir='ltr'>B</span> <span class='ocrx_word' id='word_1_248' title='bbox 979 1731 1013 1790; x_wconf 82' lang='lat' dir='ltr'><strong>Et</strong></span> <span class='ocrx_word' id='word_1_249' title='bbox 1025 1735 1097 1791; x_wconf 89' lang='lat' dir='ltr'><strong>vidit</strong></span> <span class='ocrx_word' id='word_1_250' title='bbox 1111 1735 1266 1800; x_wconf 85' lang='lat' dir='ltr'><strong>Dominus,</strong></span> 
     </span>
    </p>
   </div>
   <div class='ocr_carea' id='block_1_10' title="bbox 978 1802 1563 2220">
    <p class='ocr_par' dir='ltr' id='par_1_10' title="bbox 978 1802 1563 2220">
     <span class='ocr_line' id='line_1_48' title="bbox 1014 1802 1563 1878; baseline -0.005 -16"><span class='ocrx_word' id='word_1_251' title='bbox 1014 1812 1043 1862; x_wconf 89' lang='lat' dir='ltr'><strong>et</strong></span> <span class='ocrx_word' id='word_1_252' title='bbox 1058 1808 1169 1863; x_wconf 90' lang='lat' dir='ltr'><strong>maium</strong></span> <span class='ocrx_word' id='word_1_253' title='bbox 1184 1802 1320 1878; x_wconf 88' lang='lat' dir='ltr'><strong>apparuit</strong></span> <span class='ocrx_word' id='word_1_254' title='bbox 1332 1804 1362 1860; x_wconf 91' lang='lat' dir='ltr'><strong>in</strong></span> <span class='ocrx_word' id='word_1_255' title='bbox 1377 1802 1472 1861; x_wconf 90' lang='lat' dir='ltr'><strong>oculis</strong></span> <span class='ocrx_word' id='word_1_256' title='bbox 1486 1802 1563 1875; x_wconf 76' lang='lat' dir='ltr'><strong>eliis,</strong></span> 
     </span>
     <span class='ocr_line' id='line_1_49' title="bbox 1014 1875 1380 1950; baseline -0.005 -17"><span class='ocrx_word' id='word_1_257' title='bbox 1014 1877 1151 1949; x_wconf 92' lang='lat' dir='ltr'><strong>quianon</strong></span> <span class='ocrx_word' id='word_1_258' title='bbox 1164 1875 1380 1950; x_wconf 91' lang='lat' dir='ltr'><strong>estjudicium,</strong></span> 
     </span>
     <span class='ocr_line' id='line_1_50' title="bbox 978 1949 1401 2032; baseline -0.002 -26"><span class='ocrx_word' id='word_1_259' title='bbox 978 1949 1101 2006; x_wconf 77' lang='lat' dir='ltr'><strong>ervisii</strong></span> <span class='ocrx_word' id='word_1_260' title='bbox 1115 1950 1185 2032; x_wconf 86' lang='lat' dir='ltr'><strong>quia</strong></span> <span class='ocrx_word' id='word_1_261' title='bbox 1200 1966 1258 2007; x_wconf 92' lang='lat' dir='ltr'><strong>non</strong></span> <span class='ocrx_word' id='word_1_262' title='bbox 1274 1953 1320 2006; x_wconf 87' lang='lat' dir='ltr'><strong>cst</strong></span> <span class='ocrx_word' id='word_1_263' title='bbox 1333 1949 1378 2004; x_wconf 91' lang='lat' dir='ltr'><strong>vir</strong></span> <span class='ocrx_word' id='word_1_264' title='bbox 1393 1962 1401 2005; x_wconf 73' lang='grc' dir='ltr'>ι</span> 
     </span>
     <span class='ocr_line' id='line_1_51' title="bbox 1013 2026 1283 2095; baseline -0.004 -18"><span class='ocrx_word' id='word_1_265' title='bbox 1013 2027 1042 2077; x_wconf 85' lang='lat' dir='ltr'><strong>et</strong></span> <span class='ocrx_word' id='word_1_266' title='bbox 1055 2026 1205 2095; x_wconf 79' lang='lat' dir='ltr'><strong>aporiatus</strong></span> <span class='ocrx_word' id='word_1_267' title='bbox 1219 2027 1283 2078; x_wconf 91' lang='lat' dir='ltr'><strong>est:</strong></span> 
     </span>
     <span class='ocr_line' id='line_1_52' title="bbox 1014 2092 1452 2220; baseline -0.007 -72"><span class='ocrx_word' id='word_1_268' title='bbox 1014 2093 1157 2166; x_wconf 88' lang='lat' dir='ltr'><strong>quianon</strong></span> <span class='ocrx_word' id='word_1_269' title='bbox 1174 2098 1219 2149; x_wconf 89' lang='lat' dir='ltr'><strong>est</strong></span> <span class='ocrx_word' id='word_1_270' title='bbox 1233 2092 1283 2220; x_wconf 49' lang='lat' dir='ltr'><strong>zui</strong></span> <span class='ocrx_word' id='word_1_271' title='bbox 1299 2093 1452 2148; x_wconf 87' lang='lat' dir='ltr'><strong>occurrat:</strong></span> 
     </span>
    </p>
   </div>
   <div class='ocr_carea' id='block_1_11' title="bbox 97 2161 1434 2234">
    <p class='ocr_par' dir='ltr' id='par_1_11' title="bbox 97 2161 1434 2234">
     <span class='ocr_line' id='line_1_53' title="bbox 97 2161 1434 2234; baseline -0.001 -15"><span class='ocrx_word' id='word_1_272' title='bbox 97 2163 149 2219; x_wconf 83' lang='lat' dir='ltr'><strong>Sed</strong></span> <span class='ocrx_word' id='word_1_273' title='bbox 167 2162 339 2234; x_wconf 84' lang='lat' dir='ltr'><strong>iniquitates</strong></span> <span class='ocrx_word' id='word_1_274' title='bbox 353 2165 454 2218; x_wconf 84' lang='lat' dir='ltr'><strong>vestra</strong></span> <span class='ocrx_word' id='word_1_275' title='bbox 470 2161 634 2219; x_wconf 88' lang='lat' dir='ltr'><strong>diviserunt</strong></span> <span class='ocrx_word' id='word_1_276' title='bbox 645 2162 722 2219; x_wconf 88' lang='lat' dir='ltr'><strong>inter</strong></span> <span class='ocrx_word' id='word_1_277' title='bbox 743 2179 795 2220; x_wconf 91' lang='lat' dir='ltr'><strong>vos</strong></span> <span class='ocrx_word' id='word_1_278' title='bbox 810 2169 839 2220; x_wconf 90' lang='lat' dir='ltr'><strong>et</strong></span> <span class='ocrx_word' id='word_1_279' title='bbox 850 2166 928 2219; x_wconf 88' lang='lat' dir='ltr'><strong>inter</strong></span> <span class='ocrx_word' id='word_1_280' title='bbox 979 2163 1013 2220; x_wconf 85' lang='lat' dir='ltr'><strong>Et</strong></span> <span class='ocrx_word' id='word_1_281' title='bbox 1027 2164 1153 2222; x_wconf 75' lang='lat' dir='ltr'><strong>salvabit</strong></span> <span class='ocrx_word' id='word_1_282' title='bbox 1167 2166 1236 2221; x_wconf 84' lang='lat' dir='ltr'><strong>brac</strong></span> <span class='ocrx_word' id='word_1_283' title='bbox 1261 2164 1321 2219; x_wconf 88' lang='lat' dir='ltr'><strong>iuni</strong></span> <span class='ocrx_word' id='word_1_284' title='bbox 1334 2177 1434 2231; x_wconf 88' lang='lat' dir='ltr'><strong>suum,</strong></span> 
     </span>
    </p>
   </div>
   <div class='ocr_carea' id='block_1_12' title="bbox 171 2238 419 2299">
    <p class='ocr_par' dir='ltr' id='par_1_12' title="bbox 171 2238 419 2299">
     <span class='ocr_line' id='line_1_54' title="bbox 171 2238 419 2299; baseline -0.008 -10"><span class='ocrx_word' id='word_1_285' title='bbox 171 2239 262 2289; x_wconf 86' lang='lat' dir='ltr'><strong>Deum</strong></span> <span class='ocrx_word' id='word_1_286' title='bbox 278 2238 419 2299; x_wconf 90' lang='lat' dir='ltr'><strong>vestrum,</strong></span> 
     </span>
    </p>
   </div>
   <div class='ocr_carea' id='block_1_13' title="bbox 1013 2231 1619 2309">
    <p class='ocr_par' dir='ltr' id='par_1_13' title="bbox 1013 2231 1619 2309">
     <span class='ocr_line' id='line_1_55' title="bbox 1013 2231 1619 2309; baseline -0.003 -17"><span class='ocrx_word' id='word_1_287' title='bbox 1013 2242 1043 2292; x_wconf 90' lang='lat' dir='ltr'><strong>et</strong></span> <span class='ocrx_word' id='word_1_288' title='bbox 1057 2237 1172 2309; x_wconf 74' lang='lat' dir='ltr'><strong>lustitia</strong></span> <span class='ocrx_word' id='word_1_289' title='bbox 1185 2238 1250 2308; x_wconf 87' lang='lat' dir='ltr'><strong>ejiis</strong></span> <span class='ocrx_word' id='word_1_290' title='bbox 1263 2235 1327 2309; x_wconf 84' lang='lat' dir='ltr'><strong>ipsa</strong></span> <span class='ocrx_word' id='word_1_291' title='bbox 1341 2231 1525 2290; x_wconf 80' lang='lat' dir='ltr'><strong>confirmavit</strong></span> <span class='ocrx_word' id='word_1_292' title='bbox 1539 2247 1619 2290; x_wconf 85' lang='lat' dir='ltr'><strong>euni.</strong></span> 
     </span>
    </p>
   </div>
   <div class='ocr_carea' id='block_1_14' title="bbox 133 2303 1447 2379">
    <p class='ocr_par' dir='ltr' id='par_1_14' title="bbox 133 2303 1447 2379">
     <span class='ocr_line' id='line_1_56' title="bbox 133 2303 1447 2379; baseline 0 -18"><span class='ocrx_word' id='word_1_293' title='bbox 133 2309 163 2362; x_wconf 90' lang='lat' dir='ltr'><strong>st</strong></span> <span class='ocrx_word' id='word_1_294' title='bbox 188 2310 308 2378; x_wconf 87' lang='lat' dir='ltr'><strong>peecata</strong></span> <span class='ocrx_word' id='word_1_295' title='bbox 330 2310 427 2361; x_wconf 86' lang='lat' dir='ltr'><strong>vestra</strong></span> <span class='ocrx_word' id='word_1_296' title='bbox 451 2303 669 2362; x_wconf 90' lang='lat' dir='ltr'><strong>absconderunt</strong></span> <span class='ocrx_word' id='word_1_297' title='bbox 698 2306 801 2363; x_wconf 90' lang='lat' dir='ltr'><strong>laciem</strong></span> <span class='ocrx_word' id='word_1_298' title='bbox 827 2307 928 2378; x_wconf 86' lang='lat' dir='ltr'><strong>ejusa</strong></span> <span class='ocrx_word' id='word_1_299' title='bbox 978 2307 1103 2366; x_wconf 89' lang='lat' dir='ltr'><strong>ludutus</strong></span> <span class='ocrx_word' id='word_1_300' title='bbox 1119 2305 1447 2379; x_wconf 88' lang='lat' dir='ltr'><strong>ssijustitiautlorica‚</strong></span> 
     </span>
    </p>
   </div>
   <div class='ocr_carea' id='block_1_15' title="bbox 95 2377 923 4891">
    <p class='ocr_par' dir='ltr' id='par_1_15' title="bbox 95 2377 923 4891">
     <span class='ocr_line' id='line_1_57' title="bbox 169 2377 493 2444; baseline -0.003 -12"><span class='ocrx_word' id='word_1_301' title='bbox 169 2379 266 2444; x_wconf 89' lang='lat' dir='ltr'><strong>vobis,</strong></span> <span class='ocrx_word' id='word_1_302' title='bbox 283 2393 319 2434; x_wconf 88' lang='lat' dir='ltr'><strong>nc</strong></span> <span class='ocrx_word' id='word_1_303' title='bbox 333 2377 493 2433; x_wconf 85' lang='lat' dir='ltr'><strong>exaudiret.</strong></span> 
     </span>
     <span class='ocr_line' id='line_1_58' title="bbox 100 2448 805 2523; baseline 0.003 -19"><span class='ocrx_word' id='word_1_304' title='bbox 100 2448 207 2505; x_wconf 82' lang='lat' dir='ltr'><strong>idanus</strong></span> <span class='ocrx_word' id='word_1_305' title='bbox 222 2450 301 2505; x_wconf 90' lang='lat' dir='ltr'><strong>enim</strong></span> <span class='ocrx_word' id='word_1_306' title='bbox 316 2455 420 2505; x_wconf 76' lang='lat' dir='ltr'><strong>vestrcs</strong></span> <span class='ocrx_word' id='word_1_307' title='bbox 436 2448 555 2520; x_wconf 75' lang='lat' dir='ltr'><strong>polluis</strong></span> <span class='ocrx_word' id='word_1_308' title='bbox 569 2449 805 2523; x_wconf 87' lang='lat' dir='ltr'><strong>suntsanguine,</strong></span> 
     </span>
     <span class='ocr_line' id='line_1_59' title="bbox 135 2519 552 2594; baseline 0 -18"><span class='ocrx_word' id='word_1_309' title='bbox 135 2521 171 2576; x_wconf 78' lang='lat' dir='ltr'><strong>lit</strong></span> <span class='ocrx_word' id='word_1_310' title='bbox 186 2521 270 2594; x_wconf 81' lang='lat' dir='ltr'><strong>digiti</strong></span> <span class='ocrx_word' id='word_1_311' title='bbox 283 2521 370 2577; x_wconf 89' lang='lat' dir='ltr'><strong>vestri</strong></span> <span class='ocrx_word' id='word_1_312' title='bbox 381 2519 552 2593; x_wconf 80' lang='lat' dir='ltr'><strong>iniquitat03</strong></span> 
     </span>
     <span class='ocr_line' id='line_1_60' title="bbox 100 2590 708 2661; baseline 0.002 -13"><span class='ocrx_word' id='word_1_313' title='bbox 100 2592 190 2649; x_wconf 82' lang='lat' dir='ltr'><strong>babis</strong></span> <span class='ocrx_word' id='word_1_314' title='bbox 204 2598 301 2649; x_wconf 85' lang='lat' dir='ltr'><strong>vestre</strong></span> <span class='ocrx_word' id='word_1_315' title='bbox 315 2590 413 2649; x_wconf 87' lang='lat' dir='ltr'><strong>locuta</strong></span> <span class='ocrx_word' id='word_1_316' title='bbox 427 2598 496 2648; x_wconf 90' lang='lat' dir='ltr'><strong>sunt</strong></span> <span class='ocrx_word' id='word_1_317' title='bbox 511 2592 708 2661; x_wconf 81' lang='lat' dir='ltr'><strong>mendesium,</strong></span> 
     </span>
     <span class='ocr_line' id='line_1_61' title="bbox 135 2663 690 2739; baseline 0.004 -20"><span class='ocrx_word' id='word_1_318' title='bbox 135 2669 165 2719; x_wconf 90' lang='lat' dir='ltr'><strong>et</strong></span> <span class='ocrx_word' id='word_1_319' title='bbox 179 2663 280 2739; x_wconf 87' lang='lat' dir='ltr'><strong>lingua</strong></span> <span class='ocrx_word' id='word_1_320' title='bbox 294 2671 389 2722; x_wconf 85' lang='lat' dir='ltr'><strong>vestre</strong></span> <span class='ocrx_word' id='word_1_321' title='bbox 403 2663 587 2736; x_wconf 88' lang='lat' dir='ltr'><strong>iniquitatem</strong></span> <span class='ocrx_word' id='word_1_322' title='bbox 602 2665 690 2721; x_wconf 83' lang='lat' dir='ltr'><strong>latur.</strong></span> 
     </span>
     <span class='ocr_line' id='line_1_62' title="bbox 100 2734 586 2818; baseline 0.002 -27"><span class='ocrx_word' id='word_1_323' title='bbox 100 2734 164 2792; x_wconf 92' lang='lat' dir='ltr'><strong>Non</strong></span> <span class='ocrx_word' id='word_1_324' title='bbox 179 2744 226 2793; x_wconf 93' lang='lat' dir='ltr'><strong>est</strong></span> <span class='ocrx_word' id='word_1_325' title='bbox 239 2735 289 2808; x_wconf 93' lang='lat' dir='ltr'><strong>qui</strong></span> <span class='ocrx_word' id='word_1_326' title='bbox 301 2736 415 2792; x_wconf 81' lang='lat' dir='ltr'><strong>invocet</strong></span> <span class='ocrx_word' id='word_1_327' title='bbox 426 2735 586 2818; x_wconf 80' lang='lat' dir='ltr'><strong>justitiam,</strong></span> 
     </span>
     <span class='ocr_line' id='line_1_63' title="bbox 135 2808 581 2879; baseline 0.004 -16"><span class='ocrx_word' id='word_1_328' title='bbox 135 2823 231 2876; x_wconf 86' lang='lat' dir='ltr'><strong>neque</strong></span> <span class='ocrx_word' id='word_1_329' title='bbox 246 2813 291 2864; x_wconf 90' lang='lat' dir='ltr'><strong>est</strong></span> <span class='ocrx_word' id='word_1_330' title='bbox 307 2808 357 2879; x_wconf 91' lang='lat' dir='ltr'><strong>qui</strong></span> <span class='ocrx_word' id='word_1_331' title='bbox 368 2808 483 2878; x_wconf 77' lang='lat' dir='ltr'><strong>Judicst</strong></span> <span class='ocrx_word' id='word_1_332' title='bbox 497 2823 581 2865; x_wconf 87' lang='lat' dir='ltr'><strong>vere:</strong></span> 
     </span>
     <span class='ocr_line' id='line_1_64' title="bbox 137 2877 522 2947; baseline 0.003 -13"><span class='ocrx_word' id='word_1_333' title='bbox 137 2880 188 2935; x_wconf 88' lang='lat' dir='ltr'><strong>sed</strong></span> <span class='ocrx_word' id='word_1_334' title='bbox 205 2879 401 2936; x_wconf 82' lang='lat' dir='ltr'><strong>confidentia</strong></span> <span class='ocrx_word' id='word_1_335' title='bbox 418 2877 522 2947; x_wconf 90' lang='lat' dir='ltr'><strong>nihilo,</strong></span> 
     </span>
     <span class='ocr_line' id='line_1_65' title="bbox 134 2950 515 3024; baseline 0.003 -17"><span class='ocrx_word' id='word_1_336' title='bbox 134 2956 164 3007; x_wconf 91' lang='lat' dir='ltr'><strong>et</strong></span> <span class='ocrx_word' id='word_1_337' title='bbox 180 2950 343 3024; x_wconf 89' lang='lat' dir='ltr'><strong>loquuntur</strong></span> <span class='ocrx_word' id='word_1_338' title='bbox 354 2950 515 3019; x_wconf 87' lang='lat' dir='ltr'><strong>vanitates;</strong></span> 
     </span>
     <span class='ocr_line' id='line_1_66' title="bbox 96 3024 456 3093; baseline -0.008 -13"><span class='ocrx_word' id='word_1_339' title='bbox 96 3025 303 3093; x_wconf 86' lang='lat' dir='ltr'><strong>Conceperunt</strong></span> <span class='ocrx_word' id='word_1_340' title='bbox 319 3024 456 3090; x_wconf 87' lang='lat' dir='ltr'><strong>laborem,</strong></span> 
     </span>
     <span class='ocr_line' id='line_1_67' title="bbox 132 3093 569 3167; baseline 0.002 -18"><span class='ocrx_word' id='word_1_341' title='bbox 132 3100 162 3150; x_wconf 89' lang='lat' dir='ltr'><strong>et</strong></span> <span class='ocrx_word' id='word_1_342' title='bbox 178 3100 357 3167; x_wconf 89' lang='lat' dir='ltr'><strong>pepererunt</strong></span> <span class='ocrx_word' id='word_1_343' title='bbox 370 3093 569 3166; x_wconf 86' lang='lat' dir='ltr'><strong>iniquitatem.</strong></span> 
     </span>
     <span class='ocr_line' id='line_1_68' title="bbox 99 3164 485 3240; baseline 0.003 -19"><span class='ocrx_word' id='word_1_344' title='bbox 99 3164 158 3222; x_wconf 92' lang='lat' dir='ltr'><strong>Ova</strong></span> <span class='ocrx_word' id='word_1_345' title='bbox 174 3184 208 3224; x_wconf 90' lang='lat' dir='ltr'><strong>as</strong></span> <span class='ocrx_word' id='word_1_346' title='bbox 231 3168 313 3223; x_wconf 93' lang='lat' dir='ltr'><strong>idum</strong></span> <span class='ocrx_word' id='word_1_347' title='bbox 330 3171 485 3240; x_wconf 84' lang='lat' dir='ltr'><strong>ruperunt,</strong></span> 
     </span>
     <span class='ocr_line' id='line_1_69' title="bbox 132 3184 670 3319; baseline -0.007 -24"><span class='ocrx_word' id='word_1_348' title='bbox 132 3244 162 3295; x_wconf 89' lang='lat' dir='ltr'><strong>et</strong></span> <span class='ocrx_word' id='word_1_349' title='bbox 177 3184 257 3296; x_wconf 59' lang='lat' dir='ltr'><strong>tofus</strong></span> <span class='ocrx_word' id='word_1_350' title='bbox 271 3254 384 3296; x_wconf 78' lang='lat' dir='ltr'><strong>aranee</strong></span> <span class='ocrx_word' id='word_1_351' title='bbox 398 3239 556 3295; x_wconf 82' lang='lat' dir='ltr'><strong>texuerunt</strong></span> <span class='ocrx_word' id='word_1_352' title='bbox 571 3251 579 3292; x_wconf 91' lang='lat'>:</span> <span class='ocrx_word' id='word_1_353' title='bbox 664 3307 670 3319; x_wconf 92' lang='lat'><strong>.</strong></span> 
     </span>
     <span class='ocr_line' id='line_1_70' title="bbox 99 3309 757 3379; baseline -0.006 -12"><span class='ocrx_word' id='word_1_354' title='bbox 99 3311 150 3378; x_wconf 79' lang='lat' dir='ltr'><strong>oni</strong></span> <span class='ocrx_word' id='word_1_355' title='bbox 167 3312 330 3368; x_wconf 89' lang='lat' dir='ltr'><strong>comederit</strong></span> <span class='ocrx_word' id='word_1_356' title='bbox 344 3310 380 3367; x_wconf 92' lang='lat' dir='ltr'><strong>de</strong></span> <span class='ocrx_word' id='word_1_357' title='bbox 394 3309 456 3366; x_wconf 90' lang='lat' dir='ltr'><strong>ovis</strong></span> <span class='ocrx_word' id='word_1_358' title='bbox 468 3324 581 3379; x_wconf 84' lang='lat' dir='ltr'><strong>eorum,</strong></span> <span class='ocrx_word' id='word_1_359' title='bbox 597 3310 757 3365; x_wconf 91' lang='lat' dir='ltr'><strong>morietur:</strong></span> 
     </span>
     <span class='ocr_line' id='line_1_71' title="bbox 131 3378 837 3455; baseline -0.004 -18"><span class='ocrx_word' id='word_1_360' title='bbox 131 3387 161 3438; x_wconf 91' lang='lat' dir='ltr'><strong>et</strong></span> <span class='ocrx_word' id='word_1_361' title='bbox 176 3383 254 3455; x_wconf 90' lang='lat' dir='ltr'><strong>quod</strong></span> <span class='ocrx_word' id='word_1_362' title='bbox 270 3385 418 3439; x_wconf 85' lang='lat' dir='ltr'><strong>conlatum</strong></span> <span class='ocrx_word' id='word_1_363' title='bbox 430 3387 484 3448; x_wconf 91' lang='lat' dir='ltr'><strong>est,</strong></span> <span class='ocrx_word' id='word_1_364' title='bbox 498 3383 632 3452; x_wconf 88' lang='lat' dir='ltr'><strong>erumpet</strong></span> <span class='ocrx_word' id='word_1_365' title='bbox 646 3380 676 3435; x_wconf 91' lang='lat' dir='ltr'><strong>in</strong></span> <span class='ocrx_word' id='word_1_366' title='bbox 692 3378 837 3452; x_wconf 90' lang='lat' dir='ltr'><strong>regulum,</strong></span> 
     </span>
     <span class='ocr_line' id='line_1_72' title="bbox 101 3453 743 3521; baseline -0.003 -11"><span class='ocrx_word' id='word_1_367' title='bbox 101 3453 176 3510; x_wconf 77' lang='lat' dir='ltr'><strong>&#39;lelss</strong></span> <span class='ocrx_word' id='word_1_368' title='bbox 191 3470 294 3510; x_wconf 91' lang='lat' dir='ltr'><strong>eorum</strong></span> <span class='ocrx_word' id='word_1_369' title='bbox 310 3471 368 3510; x_wconf 93' lang='lat' dir='ltr'><strong>non</strong></span> <span class='ocrx_word' id='word_1_370' title='bbox 383 3461 467 3509; x_wconf 90' lang='lat' dir='ltr'><strong>erunt</strong></span> <span class='ocrx_word' id='word_1_371' title='bbox 481 3453 511 3509; x_wconf 91' lang='lat' dir='ltr'><strong>in</strong></span> <span class='ocrx_word' id='word_1_372' title='bbox 524 3453 743 3521; x_wconf 87' lang='lat' dir='ltr'><strong>vestimentum,</strong></span> 
     </span>
     <span class='ocr_line' id='line_1_73' title="bbox 135 3523 663 3598; baseline 0 -18"><span class='ocrx_word' id='word_1_373' title='bbox 135 3542 232 3598; x_wconf 87' lang='lat' dir='ltr'><strong>neque</strong></span> <span class='ocrx_word' id='word_1_374' title='bbox 247 3525 415 3597; x_wconf 91' lang='lat' dir='ltr'><strong>operientur</strong></span> <span class='ocrx_word' id='word_1_375' title='bbox 429 3523 568 3597; x_wconf 87' lang='lat' dir='ltr'><strong>operibus</strong></span> <span class='ocrx_word' id='word_1_376' title='bbox 583 3524 663 3581; x_wconf 91' lang='lat' dir='ltr'><strong>suis:</strong></span> 
     </span>
     <span class='ocr_line' id='line_1_74' title="bbox 101 3596 553 3670; baseline -0.011 -15"><span class='ocrx_word' id='word_1_377' title='bbox 101 3597 194 3670; x_wconf 80' lang='lat' dir='ltr'><strong>Opera</strong></span> <span class='ocrx_word' id='word_1_378' title='bbox 208 3614 310 3654; x_wconf 91' lang='lat' dir='ltr'><strong>eorum</strong></span> <span class='ocrx_word' id='word_1_379' title='bbox 324 3613 412 3669; x_wconf 88' lang='lat' dir='ltr'><strong>opera</strong></span> <span class='ocrx_word' id='word_1_380' title='bbox 426 3596 553 3664; x_wconf 89' lang='lat' dir='ltr'><strong>inutilia,</strong></span> 
     </span>
     <span class='ocr_line' id='line_1_75' title="bbox 132 3666 763 3741; baseline -0.006 -16"><span class='ocrx_word' id='word_1_381' title='bbox 132 3675 164 3726; x_wconf 87' lang='lat' dir='ltr'><strong>et</strong></span> <span class='ocrx_word' id='word_1_382' title='bbox 179 3686 254 3740; x_wconf 89' lang='lat' dir='ltr'><strong>opus</strong></span> <span class='ocrx_word' id='word_1_383' title='bbox 269 3668 436 3741; x_wconf 88' lang='lat' dir='ltr'><strong>iniquitatis</strong></span> <span class='ocrx_word' id='word_1_384' title='bbox 450 3669 482 3725; x_wconf 92' lang='lat' dir='ltr'><strong>in</strong></span> <span class='ocrx_word' id='word_1_385' title='bbox 497 3666 637 3725; x_wconf 88' lang='lat' dir='ltr'><strong>manibus</strong></span> <span class='ocrx_word' id='word_1_386' title='bbox 651 3681 763 3722; x_wconf 90' lang='lat' dir='ltr'><strong>eorum.</strong></span> 
     </span>
     <span class='ocr_line' id='line_1_76' title="bbox 102 3739 631 3805; baseline -0.002 -11"><span class='ocrx_word' id='word_1_387' title='bbox 102 3739 302 3797; x_wconf 85' lang='lat' dir='ltr'><strong>Pedeseornm</strong></span> <span class='ocrx_word' id='word_1_388' title='bbox 313 3741 348 3797; x_wconf 89' lang='lat' dir='ltr'><strong>ad</strong></span> <span class='ocrx_word' id='word_1_389' title='bbox 370 3740 481 3796; x_wconf 85' lang='lat' dir='ltr'><strong>mulum</strong></span> <span class='ocrx_word' id='word_1_390' title='bbox 498 3743 631 3805; x_wconf 92' lang='lat' dir='ltr'><strong>currunt,</strong></span> 
     </span>
     <span class='ocr_line' id='line_1_77' title="bbox 131 3808 923 3883; baseline -0.008 -14"><span class='ocrx_word' id='word_1_391' title='bbox 131 3814 321 3883; x_wconf 84' lang='lat' dir='ltr'><strong>etiestinant‚</strong></span> <span class='ocrx_word' id='word_1_392' title='bbox 336 3815 369 3868; x_wconf 86' lang='lat' dir='ltr'><strong>ui</strong></span> <span class='ocrx_word' id='word_1_393' title='bbox 379 3812 531 3869; x_wconf 84' lang='lat' dir='ltr'><strong>effundant</strong></span> <span class='ocrx_word' id='word_1_394' title='bbox 542 3808 716 3881; x_wconf 88' lang='lat' dir='ltr'><strong>sanguinein</strong></span> <span class='ocrx_word' id='word_1_395' title='bbox 727 3808 923 3867; x_wconf 79' lang='lat' dir='ltr'><strong>innocentem.</strong></span> 
     </span>
     <span class='ocr_line' id='line_1_78' title="bbox 100 3880 777 3968; baseline -0.006 -28"><span class='ocrx_word' id='word_1_396' title='bbox 100 3882 296 3966; x_wconf 75' lang='lat' dir='ltr'><strong>Cogitationes</strong></span> <span class='ocrx_word' id='word_1_397' title='bbox 312 3901 413 3941; x_wconf 91' lang='lat' dir='ltr'><strong>eorum</strong></span> <span class='ocrx_word' id='word_1_398' title='bbox 429 3882 623 3968; x_wconf 76' lang='lat' dir='ltr'><strong>cogitationes</strong></span> <span class='ocrx_word' id='word_1_399' title='bbox 637 3880 777 3938; x_wconf 89' lang='lat' dir='ltr'><strong>inutiles:</strong></span> 
     </span>
     <span class='ocr_line' id='line_1_79' title="bbox 129 3955 693 4013; baseline -0.005 -2"><span class='ocrx_word' id='word_1_400' title='bbox 129 3962 256 4012; x_wconf 89' lang='lat' dir='ltr'><strong>vastitas</strong></span> <span class='ocrx_word' id='word_1_401' title='bbox 272 3963 301 4012; x_wconf 92' lang='lat' dir='ltr'><strong>et</strong></span> <span class='ocrx_word' id='word_1_402' title='bbox 315 3955 453 4012; x_wconf 91' lang='lat' dir='ltr'><strong>contritio</strong></span> <span class='ocrx_word' id='word_1_403' title='bbox 468 3972 498 4013; x_wconf 92' lang='grc' dir='ltr'><strong>ιιι</strong></span> <span class='ocrx_word' id='word_1_404' title='bbox 513 3955 568 4012; x_wconf 86' lang='lat' dir='ltr'><strong>viis</strong></span> <span class='ocrx_word' id='word_1_405' title='bbox 582 3969 693 4010; x_wconf 89' lang='lat' dir='ltr'><strong>eorum.</strong></span> 
     </span>
     <span class='ocr_line' id='line_1_80' title="bbox 99 4026 815 4110; baseline -0.001 -26"><span class='ocrx_word' id='word_1_406' title='bbox 99 4026 179 4085; x_wconf 80' lang='lat' dir='ltr'><strong>liam</strong></span> <span class='ocrx_word' id='word_1_407' title='bbox 197 4029 279 4100; x_wconf 88' lang='lat' dir='ltr'><strong>pacis</strong></span> <span class='ocrx_word' id='word_1_408' title='bbox 294 4027 474 4110; x_wconf 75' lang='lat' dir='ltr'><strong>nescierunt²</strong></span> <span class='ocrx_word' id='word_1_409' title='bbox 810 4073 815 4083; x_wconf 94' lang='lat'><strong>.</strong></span> 
     </span>
     <span class='ocr_line' id='line_1_81' title="bbox 128 4097 781 4170; baseline -0.008 -14"><span class='ocrx_word' id='word_1_410' title='bbox 128 4105 158 4156; x_wconf 89' lang='lat' dir='ltr'><strong>et</strong></span> <span class='ocrx_word' id='word_1_411' title='bbox 174 4116 233 4156; x_wconf 93' lang='lat' dir='ltr'><strong>non</strong></span> <span class='ocrx_word' id='word_1_412' title='bbox 248 4103 293 4156; x_wconf 88' lang='lat' dir='ltr'><strong>est</strong></span> <span class='ocrx_word' id='word_1_413' title='bbox 302 4099 449 4170; x_wconf 89' lang='lat' dir='ltr'><strong>judicium</strong></span> <span class='ocrx_word' id='word_1_414' title='bbox 464 4097 656 4170; x_wconf 82' lang='lat' dir='ltr'><strong>ingressibus</strong></span> <span class='ocrx_word' id='word_1_415' title='bbox 670 4111 781 4153; x_wconf 90' lang='lat' dir='ltr'><strong>eorum.</strong></span> 
     </span>
     <span class='ocr_line' id='line_1_82' title="bbox 99 4168 666 4228; baseline -0.004 -2"><span class='ocrx_word' id='word_1_416' title='bbox 99 4169 216 4227; x_wconf 79' lang='lat' dir='ltr'><strong>Semitm</strong></span> <span class='ocrx_word' id='word_1_417' title='bbox 231 4188 331 4228; x_wconf 87' lang='lat' dir='ltr'><strong>eorum</strong></span> <span class='ocrx_word' id='word_1_418' title='bbox 347 4171 504 4228; x_wconf 79' lang='lat' dir='ltr'><strong>incurvato</strong></span> <span class='ocrx_word' id='word_1_419' title='bbox 520 4173 590 4227; x_wconf 92' lang='lat' dir='ltr'><strong>sunt</strong></span> <span class='ocrx_word' id='word_1_420' title='bbox 605 4168 666 4225; x_wconf 90' lang='lat' dir='ltr'><strong>eis:</strong></span> 
     </span>
     <span class='ocr_line' id='line_1_83' title="bbox 128 4239 923 4313; baseline -0.008 -13"><span class='ocrx_word' id='word_1_421' title='bbox 128 4244 230 4300; x_wconf 91' lang='lat' dir='ltr'><strong>omnis</strong></span> <span class='ocrx_word' id='word_1_422' title='bbox 245 4245 294 4313; x_wconf 93' lang='lat' dir='ltr'><strong>qui</strong></span> <span class='ocrx_word' id='word_1_423' title='bbox 309 4243 401 4300; x_wconf 87' lang='lat' dir='ltr'><strong>oaloat</strong></span> <span class='ocrx_word' id='word_1_424' title='bbox 414 4244 443 4299; x_wconf 93' lang='lat' dir='ltr'><strong>in</strong></span> <span class='ocrx_word' id='word_1_425' title='bbox 460 4258 496 4299; x_wconf 91' lang='lat' dir='ltr'><strong>sa</strong></span> <span class='ocrx_word' id='word_1_426' title='bbox 509 4240 563 4312; x_wconf 79' lang='lat' dir='ltr'><strong>(ii.</strong></span> <span class='ocrx_word' id='word_1_427' title='bbox 580 4240 645 4313; x_wconf 79' lang='lat' dir='ltr'><strong>eis),</strong></span> <span class='ocrx_word' id='word_1_428' title='bbox 668 4239 786 4311; x_wconf 91' lang='lat' dir='ltr'><strong>ignorat</strong></span> <span class='ocrx_word' id='word_1_429' title='bbox 810 4255 923 4311; x_wconf 90' lang='lat' dir='ltr'><strong>pacem.</strong></span> 
     </span>
     <span class='ocr_line' id='line_1_84' title="bbox 97 4310 830 4388; baseline -0.001 -20"><span class='ocrx_word' id='word_1_430' title='bbox 97 4317 220 4387; x_wconf 84' lang='lat' dir='ltr'><strong>Propter</strong></span> <span class='ocrx_word' id='word_1_431' title='bbox 234 4315 289 4372; x_wconf 91' lang='lat' dir='ltr'><strong>lioc</strong></span> <span class='ocrx_word' id='word_1_432' title='bbox 302 4314 471 4388; x_wconf 88' lang='lat' dir='ltr'><strong>elongatum</strong></span> <span class='ocrx_word' id='word_1_433' title='bbox 487 4318 533 4370; x_wconf 91' lang='lat' dir='ltr'><strong>est</strong></span> <span class='ocrx_word' id='word_1_434' title='bbox 543 4313 690 4384; x_wconf 80' lang='lat' dir='ltr'><strong>judicium</strong></span> <span class='ocrx_word' id='word_1_435' title='bbox 703 4328 720 4367; x_wconf 94' lang='lat' dir='ltr'><strong>a</strong></span> <span class='ocrx_word' id='word_1_436' title='bbox 735 4310 830 4379; x_wconf 91' lang='lat' dir='ltr'><strong>nobis,</strong></span> 
     </span>
     <span class='ocr_line' id='line_1_85' title="bbox 128 4383 658 4460; baseline -0.011 -16"><span class='ocrx_word' id='word_1_437' title='bbox 128 4393 157 4444; x_wconf 89' lang='lat' dir='ltr'><strong>et</strong></span> <span class='ocrx_word' id='word_1_438' title='bbox 170 4403 229 4443; x_wconf 88' lang='lat' dir='ltr'><strong>non</strong></span> <span class='ocrx_word' id='word_1_439' title='bbox 245 4386 444 4460; x_wconf 87' lang='lat' dir='ltr'><strong>apprehendet</strong></span> <span class='ocrx_word' id='word_1_440' title='bbox 458 4402 512 4442; x_wconf 90' lang='lat' dir='ltr'><strong>nos</strong></span> <span class='ocrx_word' id='word_1_441' title='bbox 522 4383 658 4456; x_wconf 89' lang='lat' dir='ltr'><strong>justitia:</strong></span> 
     </span>
     <span class='ocr_line' id='line_1_86' title="bbox 95 4455 743 4530; baseline -0.005 -16"><span class='ocrx_word' id='word_1_442' title='bbox 95 4460 335 4530; x_wconf 83' lang='lat' dir='ltr'><strong>Exspectavimus</strong></span> <span class='ocrx_word' id='word_1_443' title='bbox 350 4458 458 4526; x_wconf 87' lang='lat' dir='ltr'><strong>lucem,</strong></span> <span class='ocrx_word' id='word_1_444' title='bbox 474 4462 502 4514; x_wconf 91' lang='lat' dir='ltr'><strong>et</strong></span> <span class='ocrx_word' id='word_1_445' title='bbox 519 4472 586 4513; x_wconf 90' lang='lat' dir='ltr'><strong>ecce</strong></span> <span class='ocrx_word' id='word_1_446' title='bbox 597 4455 743 4512; x_wconf 83' lang='lat' dir='ltr'><strong>tenebrae:</strong></span> 
     </span>
     <span class='ocr_line' id='line_1_87' title="bbox 95 4525 811 4658; baseline -0.006 -72"><span class='ocrx_word' id='word_1_447' title='bbox 95 4529 330 4658; x_wconf 47' lang='lat' dir='ltr'><strong>¹&#39;slpleiidorenq</strong></span> <span class='ocrx_word' id='word_1_448' title='bbox 346 4535 379 4658; x_wconf 45' lang='grc' dir='ltr'><strong>εἴ</strong></span> <span class='ocrx_word' id='word_1_449' title='bbox 392 4531 421 4586; x_wconf 92' lang='lat' dir='ltr'><strong>in</strong></span> <span class='ocrx_word' id='word_1_450' title='bbox 437 4528 567 4656; x_wconf 63' lang='grc' dir='ltr'><strong>ιριοιιιίῗ</strong></span> <span class='ocrx_word' id='word_1_451' title='bbox 581 4525 811 4584; x_wconf 74' lang='lat' dir='ltr'><strong>ambulavimus.</strong></span> 
     </span>
     <span class='ocr_line' id='line_1_88' title="bbox 117 4615 625 4673; baseline -0.008 -14"><span class='ocrx_word' id='word_1_452' title='bbox 117 4620 134 4659; x_wconf 93' lang='lat' dir='ltr'><strong>a</strong></span> <span class='ocrx_word' id='word_1_453' title='bbox 149 4617 286 4673; x_wconf 84' lang='lat' dir='ltr'><strong>pavimus</strong></span> <span class='ocrx_word' id='word_1_454' title='bbox 301 4618 364 4658; x_wconf 88' lang='lat' dir='ltr'><strong>sicu</strong></span> <span class='ocrx_word' id='word_1_455' title='bbox 393 4617 459 4658; x_wconf 79' lang='lat' dir='ltr'><strong>ceci</strong></span> <span class='ocrx_word' id='word_1_456' title='bbox 493 4616 553 4656; x_wconf 88' lang='lat' dir='ltr'><strong>arie</strong></span> <span class='ocrx_word' id='word_1_457' title='bbox 567 4615 625 4667; x_wconf 88' lang='lat' dir='ltr'><strong>em,</strong></span> 
     </span>
     <span class='ocr_line' id='line_1_89' title="bbox 128 4617 752 4746; baseline -0.006 -17"><span class='ocrx_word' id='word_1_458' title='bbox 128 4680 160 4729; x_wconf 90' lang='lat' dir='ltr'><strong>et</strong></span> <span class='ocrx_word' id='word_1_459' title='bbox 175 4672 261 4745; x_wconf 86' lang='lat' dir='ltr'><strong>qussi</strong></span> <span class='ocrx_word' id='word_1_460' title='bbox 276 4673 388 4746; x_wconf 86' lang='lat' dir='ltr'><strong>absque</strong></span> <span class='ocrx_word' id='word_1_461' title='bbox 402 4617 495 4730; x_wconf 67' lang='lat' dir='ltr'><strong>eculips</strong></span> <span class='ocrx_word' id='word_1_462' title='bbox 511 4669 752 4729; x_wconf 83' lang='lat' dir='ltr'><strong>attrectavimus:</strong></span> 
     </span>
     <span class='ocr_line' id='line_1_90' title="bbox 95 4741 716 4816; baseline -0.003 -17"><span class='ocrx_word' id='word_1_463' title='bbox 95 4743 279 4816; x_wconf 86' lang='lat' dir='ltr'><strong>lmpsgimus</strong></span> <span class='ocrx_word' id='word_1_464' title='bbox 294 4745 418 4802; x_wconf 89' lang='lat' dir='ltr'><strong>meridie</strong></span> <span class='ocrx_word' id='word_1_465' title='bbox 431 4744 516 4812; x_wconf 90' lang='lat' dir='ltr'><strong>quasi</strong></span> <span class='ocrx_word' id='word_1_466' title='bbox 532 4744 562 4800; x_wconf 91' lang='lat' dir='ltr'><strong>in</strong></span> <span class='ocrx_word' id='word_1_467' title='bbox 577 4741 716 4813; x_wconf 87' lang='lat' dir='ltr'><strong>tenebris,</strong></span> 
     </span>
     <span class='ocr_line' id='line_1_91' title="bbox 127 4813 819 4891; baseline -0.007 -19"><span class='ocrx_word' id='word_1_468' title='bbox 127 4816 159 4872; x_wconf 93' lang='lat' dir='ltr'><strong>in</strong></span> <span class='ocrx_word' id='word_1_469' title='bbox 176 4815 347 4890; x_wconf 80' lang='lat' dir='ltr'><strong>caliginosis</strong></span> <span class='ocrx_word' id='word_1_470' title='bbox 363 4816 418 4891; x_wconf 79' lang='lat' dir='ltr'><strong>(At.</strong></span> <span class='ocrx_word' id='word_1_471' title='bbox 433 4814 581 4890; x_wconf 83' lang='lat' dir='ltr'><strong>caligosis)</strong></span> <span class='ocrx_word' id='word_1_472' title='bbox 598 4814 682 4887; x_wconf 88' lang='lat' dir='ltr'><strong>quasi</strong></span> <span class='ocrx_word' id='word_1_473' title='bbox 700 4813 819 4870; x_wconf 89' lang='lat' dir='ltr'><strong>mortui.</strong></span> 
     </span>
    </p>
   </div>
   <div class='ocr_carea' id='block_1_16' title="bbox 93 5026 923 5191">
    <p class='ocr_par' dir='ltr' id='par_1_16' title="bbox 93 5026 923 5191">
     <span class='ocr_line' id='line_1_92' title="bbox 131 5026 923 5102; baseline -0.005 -16"><span class='ocrx_word' id='word_1_474' title='bbox 131 5031 140 5066; x_wconf 90' lang='lat'>¹</span> <span class='ocrx_word' id='word_1_475' title='bbox 159 5031 192 5086; x_wconf 92' lang='lat' dir='ltr'><strong>ln</strong></span> <span class='ocrx_word' id='word_1_476' title='bbox 209 5029 424 5087; x_wconf 85' lang='lat' dir='ltr'><strong>Commentario</strong></span> <span class='ocrx_word' id='word_1_477' title='bbox 440 5028 570 5102; x_wconf 80' lang='lat' dir='ltr'><strong>praelegit</strong></span> <span class='ocrx_word' id='word_1_478' title='bbox 582 5029 611 5085; x_wconf 88' lang='lat' dir='ltr'><strong>S.</strong></span> <span class='ocrx_word' id='word_1_479' title='bbox 628 5033 730 5086; x_wconf 80' lang='lat' dir='ltr'><strong>Pater:</strong></span> <span class='ocrx_word' id='word_1_480' title='bbox 751 5030 784 5085; x_wconf 80' lang='lat' dir='ltr'><strong>lit</strong></span> <span class='ocrx_word' id='word_1_481' title='bbox 811 5026 923 5084; x_wconf 78' lang='lat' dir='ltr'><strong>vocabi-</strong></span> 
     </span>
     <span class='ocr_line' id='line_1_93' title="bbox 93 5101 651 5191; baseline -0.005 -32"><span class='ocrx_word' id='word_1_482' title='bbox 93 5104 184 5159; x_wconf 83' lang='lat' dir='ltr'><strong>turin</strong></span> <span class='ocrx_word' id='word_1_483' title='bbox 197 5102 398 5173; x_wconf 75' lang='lat' dir='ltr'><strong>tesedificiitor.</strong></span> <span class='ocrx_word' id='word_1_484' title='bbox 415 5101 499 5158; x_wconf 90' lang='lat' dir='ltr'><strong>liebr.</strong></span> <span class='ocrx_word' id='word_1_485' title='bbox 518 5113 547 5191; x_wconf 66' lang='lat' dir='ltr'><strong>tt</strong></span> <span class='ocrx_word' id='word_1_486' title='bbox 563 5111 651 5163; x_wconf 78' lang='lat' dir='ltr'><strong>nini.</strong></span> 
     </span>
    </p>
   </div>
   <div class='ocr_carea' id='block_1_17' title="bbox 94 5207 926 5699">
    <p class='ocr_par' dir='ltr' id='par_1_17' title="bbox 94 5207 926 5699">
     <span class='ocr_line' id='line_1_94' title="bbox 131 5207 924 5281; baseline -0.001 -15"><span class='ocrx_word' id='word_1_487' title='bbox 131 5209 143 5244; x_wconf 76' lang='lat'>²</span> <span class='ocrx_word' id='word_1_488' title='bbox 159 5210 190 5266; x_wconf 92' lang='lat' dir='ltr'><strong>ln</strong></span> <span class='ocrx_word' id='word_1_489' title='bbox 206 5208 293 5266; x_wconf 87' lang='lat' dir='ltr'><strong>editis</strong></span> <span class='ocrx_word' id='word_1_490' title='bbox 307 5214 419 5265; x_wconf 89' lang='lat' dir='ltr'><strong>etmss.</strong></span> <span class='ocrx_word' id='word_1_491' title='bbox 436 5209 547 5281; x_wconf 87' lang='lat' dir='ltr'><strong>aliquot</strong></span> <span class='ocrx_word' id='word_1_492' title='bbox 564 5209 775 5264; x_wconf 86' lang='lat' dir='ltr'><strong>recentioribus</strong></span> <span class='ocrx_word' id='word_1_493' title='bbox 791 5207 924 5265; x_wconf 88' lang='lat' dir='ltr'><strong>additum</strong></span> 
     </span>
     <span class='ocr_line' id='line_1_95' title="bbox 94 5279 924 5338; baseline 0.001 -1"><span class='ocrx_word' id='word_1_494' title='bbox 94 5286 142 5337; x_wconf 85' lang='lat' dir='ltr'><strong>est</strong></span> <span class='ocrx_word' id='word_1_495' title='bbox 158 5297 277 5337; x_wconf 90' lang='lat' dir='ltr'><strong>nomem</strong></span> <span class='ocrx_word' id='word_1_496' title='bbox 296 5281 463 5338; x_wconf 65' lang='lat' dir='ltr'><strong>lauaem:</strong></span> <span class='ocrx_word' id='word_1_497' title='bbox 480 5282 529 5338; x_wconf 91' lang='lat' dir='ltr'><strong>sed</strong></span> <span class='ocrx_word' id='word_1_498' title='bbox 555 5280 667 5336; x_wconf 84' lang='lat' dir='ltr'><strong>abesto</strong></span> <span class='ocrx_word' id='word_1_499' title='bbox 695 5280 811 5336; x_wconf 86' lang='lat' dir='ltr'><strong>Canens</strong></span> <span class='ocrx_word' id='word_1_500' title='bbox 838 5279 924 5338; x_wconf 84' lang='lat' dir='ltr'><strong>liebr.</strong></span> 
     </span>
     <span class='ocr_line' id='line_1_96' title="bbox 95 5350 924 5424; baseline 0.001 -18"><span class='ocrx_word' id='word_1_501' title='bbox 95 5353 182 5409; x_wconf 81' lang='lat' dir='ltr'><strong>aerii.</strong></span> <span class='ocrx_word' id='word_1_502' title='bbox 204 5351 240 5408; x_wconf 80' lang='lat' dir='ltr'><strong>Di</strong></span> <span class='ocrx_word' id='word_1_503' title='bbox 262 5353 296 5409; x_wconf 91' lang='lat' dir='ltr'><strong>ds</strong></span> <span class='ocrx_word' id='word_1_504' title='bbox 320 5352 376 5410; x_wconf 86' lang='lat' dir='ltr'><strong>lion</strong></span> <span class='ocrx_word' id='word_1_505' title='bbox 391 5352 479 5409; x_wconf 91' lang='lat' dir='ltr'><strong>verbe</strong></span> <span class='ocrx_word' id='word_1_506' title='bbox 504 5357 626 5408; x_wconf 89' lang='lat' dir='ltr'><strong>sanctus</strong></span> <span class='ocrx_word' id='word_1_507' title='bbox 652 5350 845 5424; x_wconf 78' lang='lat' dir='ltr'><strong>[lieronymus</strong></span> <span class='ocrx_word' id='word_1_508' title='bbox 872 5352 924 5407; x_wconf 93' lang='lat' dir='ltr'><strong>lib.</strong></span> 
     </span>
     <span class='ocr_line' id='line_1_97' title="bbox 94 5422 925 5488; baseline -0.002 -7"><span class='ocrx_word' id='word_1_509' title='bbox 94 5441 157 5483; x_wconf 81' lang='lat' dir='ltr'><strong>xvii</strong></span> <span class='ocrx_word' id='word_1_510' title='bbox 171 5424 355 5481; x_wconf 80' lang='lat' dir='ltr'><strong>Comment:</strong></span> <span class='ocrx_word' id='word_1_511' title='bbox 373 5447 387 5475; x_wconf 88' lang='lat'>«</span> <span class='ocrx_word' id='word_1_512' title='bbox 402 5429 500 5488; x_wconf 81' lang='lat' dir='ltr'><strong>Porro,</strong></span> <span class='ocrx_word' id='word_1_513' title='bbox 516 5424 544 5478; x_wconf 90' lang='lat' dir='ltr'><strong>in</strong></span> <span class='ocrx_word' id='word_1_514' title='bbox 571 5423 624 5488; x_wconf 91' lang='lat' dir='ltr'><strong>uit,</strong></span> <span class='ocrx_word' id='word_1_515' title='bbox 640 5438 747 5479; x_wconf 90' lang='lat' dir='ltr'><strong>nomen</strong></span> <span class='ocrx_word' id='word_1_516' title='bbox 761 5422 925 5479; x_wconf 86' lang='lat' dir='ltr'><strong>leriiselsm</strong></span> 
     </span>
     <span class='ocr_line' id='line_1_98' title="bbox 95 5440 926 5567; baseline -0.001 -14"><span class='ocrx_word' id='word_1_517' title='bbox 95 5501 126 5553; x_wconf 85' lang='lat' dir='ltr'><strong>et</strong></span> <span class='ocrx_word' id='word_1_518' title='bbox 140 5495 287 5567; x_wconf 83' lang='lat' dir='ltr'><strong>gentium.</strong></span> <span class='ocrx_word' id='word_1_519' title='bbox 304 5498 382 5567; x_wconf 93' lang='lat' dir='ltr'><strong>quod</strong></span> <span class='ocrx_word' id='word_1_520' title='bbox 399 5495 446 5551; x_wconf 91' lang='lat' dir='ltr'><strong>bic</strong></span> <span class='ocrx_word' id='word_1_521' title='bbox 461 5513 479 5551; x_wconf 86' lang='lat' dir='ltr'><strong>a</strong></span> <span class='ocrx_word' id='word_1_522' title='bbox 494 5440 566 5551; x_wconf 62' lang='lat' dir='ltr'><strong>cxii</strong></span> <span class='ocrx_word' id='word_1_523' title='bbox 579 5495 707 5567; x_wconf 89' lang='lat' dir='ltr'><strong>ponitur,</strong></span> <span class='ocrx_word' id='word_1_524' title='bbox 727 5495 757 5551; x_wconf 91' lang='lat' dir='ltr'><strong>in</strong></span> <span class='ocrx_word' id='word_1_525' title='bbox 786 5494 926 5552; x_wconf 89' lang='lat' dir='ltr'><strong>Hebraico</strong></span> 
     </span>
     <span class='ocr_line' id='line_1_99' title="bbox 97 5566 925 5699; baseline 0.001 -76"><span class='ocrx_word' id='word_1_526' title='bbox 97 5567 312 5699; x_wconf 54' lang='lat' dir='ltr'><strong>onenhabetur,</strong></span> <span class='ocrx_word' id='word_1_527' title='bbox 340 5571 368 5625; x_wconf 89' lang='lat' dir='ltr'><strong>et</strong></span> <span class='ocrx_word' id='word_1_528' title='bbox 394 5566 479 5624; x_wconf 89' lang='lat' dir='ltr'><strong>obelo</strong></span> <span class='ocrx_word' id='word_1_529' title='bbox 506 5568 728 5641; x_wconf 76' lang='lat' dir='ltr'><strong>prenotandum</strong></span> <span class='ocrx_word' id='word_1_530' title='bbox 757 5572 838 5639; x_wconf 83' lang='lat' dir='ltr'><strong>est‚·</strong></span> <span class='ocrx_word' id='word_1_531' title='bbox 869 5573 925 5624; x_wconf 89' lang='lat' dir='ltr'><strong>etc.</strong></span> 
     </span>
     <span class='ocr_line' id='line_1_100' title="bbox 126 5654 197 5697; baseline -0.028 0"><span class='ocrx_word' id='word_1_532' title='bbox 126 5654 197 5697; x_wconf 77' lang='lat' dir='ltr'><strong>sier.</strong></span> 
     </span>
    </p>
   </div>
   <div class='ocr_carea' id='block_1_18' title="bbox 131 5742 927 5820">
    <p class='ocr_par' dir='ltr' id='par_1_18' title="bbox 131 5742 927 5820">
     <span class='ocr_line' id='line_1_101' title="bbox 131 5742 927 5820; baseline 0.003 -19"><span class='ocrx_word' id='word_1_533' title='bbox 131 5745 268 5802; x_wconf 74' lang='lat' dir='ltr'><strong>&#39;lirrore</strong></span> <span class='ocrx_word' id='word_1_534' title='bbox 277 5743 463 5804; x_wconf 86' lang='lat' dir='ltr'><strong>librariorum</strong></span> <span class='ocrx_word' id='word_1_535' title='bbox 478 5744 583 5801; x_wconf 89' lang='lat' dir='ltr'><strong>vitium</strong></span> <span class='ocrx_word' id='word_1_536' title='bbox 608 5742 727 5802; x_wconf 87' lang='lat' dir='ltr'><strong>inclevit</strong></span> <span class='ocrx_word' id='word_1_537' title='bbox 755 5748 788 5802; x_wconf 88' lang='lat' dir='ltr'><strong>ui</strong></span> <span class='ocrx_word' id='word_1_538' title='bbox 815 5762 867 5820; x_wconf 92' lang='lat' dir='ltr'><strong>pre</strong></span> <span class='ocrx_word' id='word_1_539' title='bbox 896 5747 927 5804; x_wconf 82' lang='lat' dir='ltr'><strong>in</strong></span> 
     </span>
    </p>
   </div>
   <div class='ocr_carea' id='block_1_19' title="bbox 976 2373 1806 4460">
    <p class='ocr_par' dir='ltr' id='par_1_19' title="bbox 978 2373 1730 2596">
     <span class='ocr_line' id='line_1_102' title="bbox 1013 2373 1730 2453; baseline -0.006 -17"><span class='ocrx_word' id='word_1_540' title='bbox 1013 2386 1043 2436; x_wconf 89' lang='lat' dir='ltr'><strong>et</strong></span> <span class='ocrx_word' id='word_1_541' title='bbox 1057 2380 1142 2453; x_wconf 88' lang='lat' dir='ltr'><strong>galea</strong></span> <span class='ocrx_word' id='word_1_542' title='bbox 1156 2381 1210 2453; x_wconf 83' lang='lat' dir='ltr'><strong>(Al.</strong></span> <span class='ocrx_word' id='word_1_543' title='bbox 1227 2376 1353 2450; x_wconf 84' lang='lat' dir='ltr'><strong>galeam)</strong></span> <span class='ocrx_word' id='word_1_544' title='bbox 1368 2374 1474 2433; x_wconf 91' lang='lat' dir='ltr'><strong>salutis</strong></span> <span class='ocrx_word' id='word_1_545' title='bbox 1488 2374 1519 2432; x_wconf 93' lang='lat' dir='ltr'><strong>iu</strong></span> <span class='ocrx_word' id='word_1_546' title='bbox 1535 2374 1630 2449; x_wconf 86' lang='lat' dir='ltr'><strong>capite</strong></span> <span class='ocrx_word' id='word_1_547' title='bbox 1644 2373 1730 2448; x_wconf 87' lang='lat' dir='ltr'><strong>ejus;</strong></span> 
     </span>
     <span class='ocr_line' id='line_1_103' title="bbox 978 2447 1501 2515; baseline -0.004 -8"><span class='ocrx_word' id='word_1_548' title='bbox 978 2451 1102 2508; x_wconf 88' lang='lat' dir='ltr'><strong>Indutus</strong></span> <span class='ocrx_word' id='word_1_549' title='bbox 1116 2458 1162 2509; x_wconf 91' lang='lat' dir='ltr'><strong>est</strong></span> <span class='ocrx_word' id='word_1_550' title='bbox 1174 2450 1358 2508; x_wconf 89' lang='lat' dir='ltr'><strong>vestimentis</strong></span> <span class='ocrx_word' id='word_1_551' title='bbox 1369 2447 1501 2515; x_wconf 88' lang='lat' dir='ltr'><strong>ultiouis,</strong></span> 
     </span>
     <span class='ocr_line' id='line_1_104' title="bbox 1013 2518 1516 2596; baseline -0.01 -15"><span class='ocrx_word' id='word_1_552' title='bbox 1013 2528 1042 2581; x_wconf 88' lang='lat' dir='ltr'><strong>et</strong></span> <span class='ocrx_word' id='word_1_553' title='bbox 1056 2531 1176 2596; x_wconf 92' lang='lat' dir='ltr'><strong>opertus</strong></span> <span class='ocrx_word' id='word_1_554' title='bbox 1189 2528 1235 2580; x_wconf 90' lang='lat' dir='ltr'><strong>est</strong></span> <span class='ocrx_word' id='word_1_555' title='bbox 1249 2521 1333 2595; x_wconf 91' lang='lat' dir='ltr'><strong>quasi</strong></span> <span class='ocrx_word' id='word_1_556' title='bbox 1349 2519 1438 2593; x_wconf 90' lang='lat' dir='ltr'><strong>pallio</strong></span> <span class='ocrx_word' id='word_1_557' title='bbox 1452 2518 1516 2577; x_wconf 88' lang='lat' dir='ltr'><strong>zeli.</strong></span> 
     </span>
    </p>

    <p class='ocr_par' dir='ltr' id='par_1_20' title="bbox 978 2588 1805 2805">
     <span class='ocr_line' id='line_1_105' title="bbox 978 2588 1805 2672; baseline -0.008 -19"><span class='ocrx_word' id='word_1_558' title='bbox 978 2593 1061 2653; x_wconf 86' lang='lat' dir='ltr'><strong>Sicut</strong></span> <span class='ocrx_word' id='word_1_559' title='bbox 1075 2594 1111 2652; x_wconf 91' lang='lat' dir='ltr'><strong>ad</strong></span> <span class='ocrx_word' id='word_1_560' title='bbox 1120 2596 1279 2652; x_wconf 88' lang='lat' dir='ltr'><strong>vindictam</strong></span> <span class='ocrx_word' id='word_1_561' title='bbox 1291 2592 1376 2668; x_wconf 86' lang='lat' dir='ltr'><strong>quasi</strong></span> <span class='ocrx_word' id='word_1_562' title='bbox 1387 2593 1424 2649; x_wconf 92' lang='lat' dir='ltr'><strong>ad</strong></span> <span class='ocrx_word' id='word_1_563' title='bbox 1435 2589 1657 2648; x_wconf 87' lang='lat' dir='ltr'><strong>retributionem</strong></span> <span class='ocrx_word' id='word_1_564' title='bbox 1670 2588 1805 2672; x_wconf 70' lang='lat' dir='ltr'><strong>indigna·</strong></span> 
     </span>
     <span class='ocr_line' id='line_1_106' title="bbox 1049 2660 1805 2751; baseline -0.009 -27"><span class='ocrx_word' id='word_1_565' title='bbox 1049 2667 1139 2751; x_wconf 75' lang='lat' dir='ltr'><strong>tionis</strong></span> <span class='ocrx_word' id='word_1_566' title='bbox 1153 2667 1288 2724; x_wconf 85' lang='lat' dir='ltr'><strong>hostibus</strong></span> <span class='ocrx_word' id='word_1_567' title='bbox 1311 2664 1373 2722; x_wconf 87' lang='lat' dir='ltr'><strong>suis</strong></span> <span class='ocrx_word' id='word_1_568' title='bbox 1387 2668 1416 2722; x_wconf 90' lang='lat' dir='ltr'><strong>et</strong></span> <span class='ocrx_word' id='word_1_569' title='bbox 1426 2662 1659 2721; x_wconf 89' lang='lat' dir='ltr'><strong>vicissitudinem</strong></span> <span class='ocrx_word' id='word_1_570' title='bbox 1675 2660 1805 2718; x_wconf 86' lang='lat' dir='ltr'><strong>inimicis</strong></span> 
     </span>
     <span class='ocr_line' id='line_1_107' title="bbox 1050 2755 1124 2805; baseline -0.014 -10"><span class='ocrx_word' id='word_1_571' title='bbox 1050 2755 1124 2805; x_wconf 90' lang='lat' dir='ltr'><strong>suis,</strong></span> 
     </span>
    </p>

    <p class='ocr_par' dir='ltr' id='par_1_21' title="bbox 1014 2808 1358 2867">
     <span class='ocr_line' id='line_1_108' title="bbox 1014 2808 1358 2867; baseline -0.006 -1"><span class='ocrx_word' id='word_1_572' title='bbox 1014 2809 1122 2867; x_wconf 90' lang='lat' dir='ltr'><strong>insulis</strong></span> <span class='ocrx_word' id='word_1_573' title='bbox 1135 2809 1229 2867; x_wconf 88' lang='lat' dir='ltr'><strong>vicem</strong></span> <span class='ocrx_word' id='word_1_574' title='bbox 1245 2808 1358 2866; x_wconf 89' lang='lat' dir='ltr'><strong>reddet.</strong></span> 
     </span>
    </p>

    <p class='ocr_par' dir='ltr' id='par_1_22' title="bbox 978 2873 1716 2954">
     <span class='ocr_line' id='line_1_109' title="bbox 978 2873 1716 2954; baseline -0.011 -15"><span class='ocrx_word' id='word_1_575' title='bbox 978 2885 1012 2939; x_wconf 81' lang='lat' dir='ltr'><strong>Bt</strong></span> <span class='ocrx_word' id='word_1_576' title='bbox 1024 2881 1171 2939; x_wconf 88' lang='lat' dir='ltr'><strong>timebunt</strong></span> <span class='ocrx_word' id='word_1_577' title='bbox 1184 2882 1235 2954; x_wconf 91' lang='lat' dir='ltr'><strong>qui</strong></span> <span class='ocrx_word' id='word_1_578' title='bbox 1251 2881 1288 2937; x_wconf 92' lang='lat' dir='ltr'><strong>ab</strong></span> <span class='ocrx_word' id='word_1_579' title='bbox 1303 2878 1452 2937; x_wconf 87' lang='lat' dir='ltr'><strong>occidente</strong></span> <span class='ocrx_word' id='word_1_580' title='bbox 1467 2891 1574 2934; x_wconf 91' lang='lat' dir='ltr'><strong>nomen</strong></span> <span class='ocrx_word' id='word_1_581' title='bbox 1590 2873 1716 2944; x_wconf 86' lang='lat' dir='ltr'><strong>Domini,</strong></span> 
     </span>
    </p>

    <p class='ocr_par' dir='ltr' id='par_1_23' title="bbox 1014 2947 1566 3027">
     <span class='ocr_line' id='line_1_110' title="bbox 1014 2947 1566 3027; baseline -0.013 -16"><span class='ocrx_word' id='word_1_582' title='bbox 1014 2954 1107 3027; x_wconf 88' lang='lat' dir='ltr'><strong>etqui</strong></span> <span class='ocrx_word' id='word_1_583' title='bbox 1123 2954 1159 3010; x_wconf 86' lang='lat' dir='ltr'><strong>eb</strong></span> <span class='ocrx_word' id='word_1_584' title='bbox 1175 2959 1241 3009; x_wconf 91' lang='lat' dir='ltr'><strong>ortu</strong></span> <span class='ocrx_word' id='word_1_585' title='bbox 1256 2952 1328 3011; x_wconf 90' lang='lat' dir='ltr'><strong>solis</strong></span> <span class='ocrx_word' id='word_1_586' title='bbox 1343 2949 1466 3020; x_wconf 80' lang='lat' dir='ltr'><strong>gloriam</strong></span> <span class='ocrx_word' id='word_1_587' title='bbox 1481 2947 1566 3020; x_wconf 88' lang='lat' dir='ltr'><strong>ejus:</strong></span> 
     </span>
    </p>

    <p class='ocr_par' dir='ltr' id='par_1_24' title="bbox 982 3020 1570 3097">
     <span class='ocr_line' id='line_1_111' title="bbox 982 3020 1570 3097; baseline -0.012 -15"><span class='ocrx_word' id='word_1_588' title='bbox 982 3029 1054 3082; x_wconf 90' lang='lat' dir='ltr'><strong>Cum</strong></span> <span class='ocrx_word' id='word_1_589' title='bbox 1069 3025 1182 3082; x_wconf 88' lang='lat' dir='ltr'><strong>venerit</strong></span> <span class='ocrx_word' id='word_1_590' title='bbox 1195 3024 1280 3097; x_wconf 91' lang='lat' dir='ltr'><strong>qnasi</strong></span> <span class='ocrx_word' id='word_1_591' title='bbox 1295 3023 1401 3080; x_wconf 88' lang='lat' dir='ltr'><strong>lluvius</strong></span> <span class='ocrx_word' id='word_1_592' title='bbox 1412 3020 1570 3089; x_wconf 85' lang='lat' dir='ltr'><strong>violentus,</strong></span> 
     </span>
    </p>

    <p class='ocr_par' dir='ltr' id='par_1_25' title="bbox 979 3094 1485 3239">
     <span class='ocr_line' id='line_1_112' title="bbox 979 3094 1485 3239; baseline -0.012 -13"><span class='ocrx_word' id='word_1_593' title='bbox 979 3094 1485 3239; x_wconf 61' lang='lat' dir='ltr'><strong>iitititltlttltdtttss&#39;¹²</strong></span> 
     </span>
    </p>

    <p class='ocr_par' dir='ltr' id='par_1_26' title="bbox 1015 3205 1806 3369">
     <span class='ocr_line' id='line_1_113' title="bbox 1015 3205 1806 3369; baseline -0.01 -70"><span class='ocrx_word' id='word_1_594' title='bbox 1015 3240 1102 3369; x_wconf 54' lang='lat' dir='ltr'><strong>sigis</strong></span> <span class='ocrx_word' id='word_1_595' title='bbox 1116 3240 1167 3325; x_wconf 89' lang='lat' dir='ltr'><strong>qui</strong></span> <span class='ocrx_word' id='word_1_596' title='bbox 1182 3240 1306 3297; x_wconf 90' lang='lat' dir='ltr'><strong>redeunt</strong></span> <span class='ocrx_word' id='word_1_597' title='bbox 1320 3239 1357 3296; x_wconf 93' lang='lat' dir='ltr'><strong>ab</strong></span> <span class='ocrx_word' id='word_1_598' title='bbox 1372 3205 1526 3310; x_wconf 75' lang='lat' dir='ltr'><strong>iniquitate</strong></span> <span class='ocrx_word' id='word_1_599' title='bbox 1543 3232 1574 3292; x_wconf 93' lang='lat' dir='ltr'><strong>in</strong></span> <span class='ocrx_word' id='word_1_600' title='bbox 1601 3233 1703 3304; x_wconf 83' lang='lat' dir='ltr'><strong>Jacob,</strong></span> <span class='ocrx_word' id='word_1_601' title='bbox 1732 3230 1806 3291; x_wconf 90' lang='lat' dir='ltr'><strong>dicit</strong></span> 
     </span>
    </p>

    <p class='ocr_par' dir='ltr' id='par_1_27' title="bbox 1076 3329 1193 3370">
     <span class='ocr_line' id='line_1_114' title="bbox 1076 3329 1193 3370; baseline -0.017 0"><span class='ocrx_word' id='word_1_602' title='bbox 1076 3329 1193 3370; x_wconf 89' lang='lat' dir='ltr'><strong>ominus</strong></span> 
     </span>
    </p>

    <p class='ocr_par' dir='ltr' id='par_1_28' title="bbox 978 3354 1713 3534">
     <span class='ocr_line' id='line_1_115' title="bbox 1013 3354 1713 3441; baseline -0.009 -1"><span class='ocrx_word' id='word_1_603' title='bbox 1013 3388 1075 3440; x_wconf 81' lang='lat' dir='ltr'><strong>Hoc</strong></span> <span class='ocrx_word' id='word_1_604' title='bbox 1091 3384 1185 3441; x_wconf 84' lang='lat' dir='ltr'><strong>loedus</strong></span> <span class='ocrx_word' id='word_1_605' title='bbox 1196 3354 1300 3439; x_wconf 77' lang='lat' dir='ltr'><strong>&#39;riieuni</strong></span> <span class='ocrx_word' id='word_1_606' title='bbox 1316 3396 1381 3439; x_wconf 89' lang='lat' dir='ltr'><strong>oiim</strong></span> <span class='ocrx_word' id='word_1_607' title='bbox 1396 3379 1450 3439; x_wconf 89' lang='lat' dir='ltr'><strong>eis.</strong></span> <span class='ocrx_word' id='word_1_608' title='bbox 1465 3377 1538 3436; x_wconf 87' lang='lat' dir='ltr'><strong>dicit</strong></span> <span class='ocrx_word' id='word_1_609' title='bbox 1551 3376 1713 3436; x_wconf 88' lang='lat' dir='ltr'><strong>Dominus:</strong></span> 
     </span>
     <span class='ocr_line' id='line_1_116' title="bbox 978 3452 1441 3534; baseline -0.011 -21"><span class='ocrx_word' id='word_1_610' title='bbox 978 3455 1107 3528; x_wconf 84' lang='lat' dir='ltr'><strong>Spiritus</strong></span> <span class='ocrx_word' id='word_1_611' title='bbox 1120 3472 1215 3524; x_wconf 89' lang='lat' dir='ltr'><strong>meus,</strong></span> <span class='ocrx_word' id='word_1_612' title='bbox 1232 3455 1283 3529; x_wconf 94' lang='lat' dir='ltr'><strong>qui</strong></span> <span class='ocrx_word' id='word_1_613' title='bbox 1298 3458 1343 3512; x_wconf 84' lang='lat' dir='ltr'><strong>est</strong></span> <span class='ocrx_word' id='word_1_614' title='bbox 1356 3452 1387 3509; x_wconf 93' lang='lat' dir='ltr'><strong>in</strong></span> <span class='ocrx_word' id='word_1_615' title='bbox 1402 3459 1441 3534; x_wconf 76' lang='lat' dir='ltr'><strong>te,</strong></span> 
     </span>
    </p>

    <p class='ocr_par' dir='ltr' id='par_1_29' title="bbox 1013 3524 1589 3600">
     <span class='ocr_line' id='line_1_117' title="bbox 1013 3524 1589 3600; baseline -0.007 -17"><span class='ocrx_word' id='word_1_616' title='bbox 1013 3532 1043 3584; x_wconf 91' lang='lat' dir='ltr'><strong>et</strong></span> <span class='ocrx_word' id='word_1_617' title='bbox 1055 3528 1145 3585; x_wconf 85' lang='lat' dir='ltr'><strong>verba</strong></span> <span class='ocrx_word' id='word_1_618' title='bbox 1157 3544 1229 3591; x_wconf 88' lang='lat' dir='ltr'><strong>maii,</strong></span> <span class='ocrx_word' id='word_1_619' title='bbox 1245 3543 1310 3600; x_wconf 80' lang='lat' dir='ltr'><strong>qus</strong></span> <span class='ocrx_word' id='word_1_620' title='bbox 1326 3524 1411 3599; x_wconf 88' lang='lat' dir='ltr'><strong>posui</strong></span> <span class='ocrx_word' id='word_1_621' title='bbox 1424 3538 1454 3582; x_wconf 90' lang='lat' dir='ltr'><strong>in</strong></span> <span class='ocrx_word' id='word_1_622' title='bbox 1465 3539 1514 3581; x_wconf 88' lang='lat' dir='ltr'><strong>ore</strong></span> <span class='ocrx_word' id='word_1_623' title='bbox 1528 3524 1589 3590; x_wconf 87' lang='lat' dir='ltr'><strong>tuo,</strong></span> 
     </span>
    </p>

    <p class='ocr_par' dir='ltr' id='par_1_30' title="bbox 1016 3600 1413 3664">
     <span class='ocr_line' id='line_1_118' title="bbox 1016 3600 1413 3664; baseline -0.003 -10"><span class='ocrx_word' id='word_1_624' title='bbox 1016 3615 1073 3655; x_wconf 90' lang='lat' dir='ltr'><strong>non</strong></span> <span class='ocrx_word' id='word_1_625' title='bbox 1086 3600 1224 3658; x_wconf 88' lang='lat' dir='ltr'><strong>recedent</strong></span> <span class='ocrx_word' id='word_1_626' title='bbox 1237 3600 1273 3655; x_wconf 91' lang='lat' dir='ltr'><strong>da</strong></span> <span class='ocrx_word' id='word_1_627' title='bbox 1287 3614 1336 3656; x_wconf 86' lang='lat' dir='ltr'><strong>ore</strong></span> <span class='ocrx_word' id='word_1_628' title='bbox 1351 3601 1413 3664; x_wconf 90' lang='lat' dir='ltr'><strong>tuo,</strong></span> 
     </span>
    </p>

    <p class='ocr_par' dir='ltr' id='par_1_31' title="bbox 1016 3664 1618 3738">
     <span class='ocr_line' id='line_1_119' title="bbox 1016 3664 1618 3738; baseline -0.012 -10"><span class='ocrx_word' id='word_1_629' title='bbox 1016 3680 1045 3728; x_wconf 92' lang='lat' dir='ltr'><strong>et</strong></span> <span class='ocrx_word' id='word_1_630' title='bbox 1059 3672 1095 3728; x_wconf 90' lang='lat' dir='ltr'><strong>de</strong></span> <span class='ocrx_word' id='word_1_631' title='bbox 1109 3688 1159 3729; x_wconf 91' lang='lat' dir='ltr'><strong>ore</strong></span> <span class='ocrx_word' id='word_1_632' title='bbox 1173 3671 1296 3729; x_wconf 90' lang='lat' dir='ltr'><strong>seminis</strong></span> <span class='ocrx_word' id='word_1_633' title='bbox 1310 3668 1365 3738; x_wconf 89' lang='lat' dir='ltr'><strong>tui,</strong></span> <span class='ocrx_word' id='word_1_634' title='bbox 1380 3667 1451 3725; x_wconf 88' lang='lat' dir='ltr'><strong>dicit</strong></span> <span class='ocrx_word' id='word_1_635' title='bbox 1467 3664 1618 3734; x_wconf 89' lang='lat' dir='ltr'><strong>Dominus,</strong></span> 
     </span>
    </p>

    <p class='ocr_par' dir='ltr' id='par_1_32' title="bbox 1015 3741 1660 3818">
     <span class='ocr_line' id='line_1_120' title="bbox 1015 3741 1660 3818; baseline -0.011 -19"><span class='ocrx_word' id='word_1_636' title='bbox 1015 3743 1120 3800; x_wconf 90' lang='lat' dir='ltr'><strong>amodo</strong></span> <span class='ocrx_word' id='word_1_637' title='bbox 1134 3748 1163 3800; x_wconf 90' lang='lat' dir='ltr'><strong>et</strong></span> <span class='ocrx_word' id='word_1_638' title='bbox 1178 3759 1272 3815; x_wconf 90' lang='lat' dir='ltr'><strong>usque</strong></span> <span class='ocrx_word' id='word_1_639' title='bbox 1286 3741 1315 3797; x_wconf 93' lang='lat' dir='ltr'><strong>in</strong></span> <span class='ocrx_word' id='word_1_640' title='bbox 1330 3741 1554 3813; x_wconf 91' lang='lat' dir='ltr'><strong>sempiternum.</strong></span> <span class='ocrx_word' id='word_1_641' title='bbox 1654 3806 1660 3818; x_wconf 93' lang='lat'><strong>.</strong></span> 
     </span>
    </p>

    <p class='ocr_par' dir='ltr' id='par_1_33' title="bbox 978 3804 1803 3953">
     <span class='ocr_line' id='line_1_121' title="bbox 978 3804 1803 3888; baseline -0.012 -18"><span class='ocrx_word' id='word_1_642' title='bbox 978 3812 1054 3887; x_wconf 86' lang='lat' dir='ltr'><strong>(Cap.</strong></span> <span class='ocrx_word' id='word_1_643' title='bbox 1072 3813 1140 3887; x_wconf 76' lang='lat' dir='ltr'><strong>LX.)</strong></span> <span class='ocrx_word' id='word_1_644' title='bbox 1153 3819 1256 3888; x_wconf 84' lang='lat' dir='ltr'><strong>Surge,</strong></span> <span class='ocrx_word' id='word_1_645' title='bbox 1278 3811 1449 3870; x_wconf 88' lang='lat' dir='ltr'><strong>illuminare</strong></span> <span class='ocrx_word' id='word_1_646' title='bbox 1458 3811 1480 3880; x_wconf 76' lang='lat'><strong>²,</strong></span> <span class='ocrx_word' id='word_1_647' title='bbox 1504 3808 1575 3880; x_wconf 91' lang='lat' dir='ltr'><strong>quia</strong></span> <span class='ocrx_word' id='word_1_648' title='bbox 1596 3811 1676 3864; x_wconf 90' lang='lat' dir='ltr'><strong>veuit</strong></span> <span class='ocrx_word' id='word_1_649' title='bbox 1702 3804 1803 3862; x_wconf 86' lang='lat' dir='ltr'><strong>lumen</strong></span> 
     </span>
     <span class='ocr_line' id='line_1_122' title="bbox 1048 3890 1145 3953; baseline -0.01 -12"><span class='ocrx_word' id='word_1_650' title='bbox 1048 3890 1145 3953; x_wconf 88' lang='lat' dir='ltr'><strong>tuum,</strong></span> 
     </span>
    </p>

    <p class='ocr_par' dir='ltr' id='par_1_34' title="bbox 1012 3953 1571 4030">
     <span class='ocr_line' id='line_1_123' title="bbox 1012 3953 1571 4030; baseline -0.013 -18"><span class='ocrx_word' id='word_1_651' title='bbox 1012 3960 1040 4012; x_wconf 88' lang='lat' dir='ltr'><strong>et</strong></span> <span class='ocrx_word' id='word_1_652' title='bbox 1054 3956 1148 4030; x_wconf 91' lang='lat' dir='ltr'><strong>gloria</strong></span> <span class='ocrx_word' id='word_1_653' title='bbox 1162 3954 1276 4013; x_wconf 89' lang='lat' dir='ltr'><strong>Domini</strong></span> <span class='ocrx_word' id='word_1_654' title='bbox 1291 3956 1424 4027; x_wconf 87' lang='lat' dir='ltr'><strong>superte</strong></span> <span class='ocrx_word' id='word_1_655' title='bbox 1438 3955 1502 4009; x_wconf 85' lang='lat' dir='ltr'><strong>orta</strong></span> <span class='ocrx_word' id='word_1_656' title='bbox 1516 3953 1571 4009; x_wconf 89' lang='lat' dir='ltr'><strong>est.</strong></span> 
     </span>
    </p>

    <p class='ocr_par' dir='ltr' id='par_1_35' title="bbox 976 4026 1551 4099">
     <span class='ocr_line' id='line_1_124' title="bbox 976 4026 1551 4099; baseline -0.012 -13"><span class='ocrx_word' id='word_1_657' title='bbox 976 4028 1050 4095; x_wconf 81' lang='lat' dir='ltr'><strong>Quia</strong></span> <span class='ocrx_word' id='word_1_658' title='bbox 1063 4044 1130 4085; x_wconf 91' lang='lat' dir='ltr'><strong>ecce</strong></span> <span class='ocrx_word' id='word_1_659' title='bbox 1145 4028 1270 4084; x_wconf 81' lang='lat' dir='ltr'><strong>tenebra</strong></span> <span class='ocrx_word' id='word_1_660' title='bbox 1284 4026 1418 4099; x_wconf 83' lang='lat' dir='ltr'><strong>operient</strong></span> <span class='ocrx_word' id='word_1_661' title='bbox 1431 4029 1551 4095; x_wconf 82' lang='lat' dir='ltr'><strong>terrem,</strong></span> 
     </span>
    </p>

    <p class='ocr_par' dir='ltr' id='par_1_36' title="bbox 1012 4098 1305 4173">
     <span class='ocr_line' id='line_1_125' title="bbox 1012 4098 1305 4173; baseline -0.01 -17"><span class='ocrx_word' id='word_1_662' title='bbox 1012 4105 1040 4156; x_wconf 92' lang='lat' dir='ltr'><strong>et</strong></span> <span class='ocrx_word' id='word_1_663' title='bbox 1052 4099 1146 4173; x_wconf 88' lang='lat' dir='ltr'><strong>caligo</strong></span> <span class='ocrx_word' id='word_1_664' title='bbox 1162 4098 1285 4173; x_wconf 91' lang='lat' dir='ltr'><strong>populos</strong></span> <span class='ocrx_word' id='word_1_665' title='bbox 1297 4115 1305 4168; x_wconf 88' lang='lat'><strong>;</strong></span> 
     </span>
    </p>

    <p class='ocr_par' dir='ltr' id='par_1_37' title="bbox 977 4166 1518 4244">
     <span class='ocr_line' id='line_1_126' title="bbox 977 4166 1518 4244; baseline -0.009 -15"><span class='ocrx_word' id='word_1_666' title='bbox 977 4172 1070 4244; x_wconf 88' lang='lat' dir='ltr'><strong>Super</strong></span> <span class='ocrx_word' id='word_1_667' title='bbox 1085 4180 1112 4229; x_wconf 90' lang='lat' dir='ltr'><strong>ta</strong></span> <span class='ocrx_word' id='word_1_668' title='bbox 1126 4179 1223 4228; x_wconf 89' lang='lat' dir='ltr'><strong>autem</strong></span> <span class='ocrx_word' id='word_1_669' title='bbox 1239 4170 1350 4226; x_wconf 89' lang='lat' dir='ltr'><strong>orietur</strong></span> <span class='ocrx_word' id='word_1_670' title='bbox 1364 4166 1518 4233; x_wconf 83' lang='lat' dir='ltr'><strong>Dominus,</strong></span> 
     </span>
    </p>

    <p class='ocr_par' dir='ltr' id='par_1_38' title="bbox 1012 4238 1482 4316">
     <span class='ocr_line' id='line_1_127' title="bbox 1012 4238 1482 4316; baseline -0.006 -18"><span class='ocrx_word' id='word_1_671' title='bbox 1012 4249 1040 4299; x_wconf 90' lang='lat' dir='ltr'><strong>et</strong></span> <span class='ocrx_word' id='word_1_672' title='bbox 1050 4243 1144 4316; x_wconf 89' lang='lat' dir='ltr'><strong>gloria</strong></span> <span class='ocrx_word' id='word_1_673' title='bbox 1157 4244 1222 4314; x_wconf 87' lang='lat' dir='ltr'><strong>ejus</strong></span> <span class='ocrx_word' id='word_1_674' title='bbox 1237 4242 1266 4297; x_wconf 89' lang='lat' dir='ltr'><strong>in</strong></span> <span class='ocrx_word' id='word_1_675' title='bbox 1282 4246 1310 4297; x_wconf 91' lang='lat' dir='ltr'><strong>te</strong></span> <span class='ocrx_word' id='word_1_676' title='bbox 1324 4238 1482 4296; x_wconf 90' lang='lat' dir='ltr'><strong>videbitur.</strong></span> 
     </span>
    </p>

    <p class='ocr_par' dir='ltr' id='par_1_39' title="bbox 976 4310 1585 4377">
     <span class='ocr_line' id='line_1_128' title="bbox 976 4310 1585 4377; baseline -0.013 -4"><span class='ocrx_word' id='word_1_677' title='bbox 976 4316 1011 4373; x_wconf 82' lang='lat' dir='ltr'><strong>iti</strong></span> <span class='ocrx_word' id='word_1_678' title='bbox 1026 4314 1222 4373; x_wconf 86' lang='lat' dir='ltr'><strong>ambulabunt</strong></span> <span class='ocrx_word' id='word_1_679' title='bbox 1256 4319 1338 4369; x_wconf 89' lang='lat' dir='ltr'><strong>entes</strong></span> <span class='ocrx_word' id='word_1_680' title='bbox 1352 4310 1507 4368; x_wconf 86' lang='lat' dir='ltr'><strong>inlumina</strong></span> <span class='ocrx_word' id='word_1_681' title='bbox 1523 4313 1585 4377; x_wconf 91' lang='lat' dir='ltr'><strong>tuo,</strong></span> 
     </span>
    </p>

    <p class='ocr_par' dir='ltr' id='par_1_40' title="bbox 1013 4329 1494 4460">
     <span class='ocr_line' id='line_1_129' title="bbox 1013 4329 1494 4460; baseline -0.01 -17"><span class='ocrx_word' id='word_1_682' title='bbox 1013 4393 1042 4443; x_wconf 92' lang='lat' dir='ltr'><strong>et</strong></span> <span class='ocrx_word' id='word_1_683' title='bbox 1057 4402 1140 4460; x_wconf 88' lang='lat' dir='ltr'><strong>reges</strong></span> <span class='ocrx_word' id='word_1_684' title='bbox 1155 4387 1183 4442; x_wconf 94' lang='lat' dir='ltr'><strong>in</strong></span> <span class='ocrx_word' id='word_1_685' title='bbox 1201 4329 1357 4458; x_wconf 53' lang='lat' dir='ltr'><strong>splendore</strong></span> <span class='ocrx_word' id='word_1_686' title='bbox 1369 4383 1429 4441; x_wconf 91' lang='lat' dir='ltr'><strong>oris</strong></span> <span class='ocrx_word' id='word_1_687' title='bbox 1440 4381 1494 4440; x_wconf 88' lang='lat' dir='ltr'><strong>tui.</strong></span> 
     </span>
    </p>
   </div>
   <div class='ocr_carea' id='block_1_20' title="bbox 939 4437 1580 4523">
    <p class='ocr_par' dir='ltr' id='par_1_41' title="bbox 939 4437 1580 4523">
     <span class='ocr_line' id='line_1_130' title="bbox 939 4437 1580 4523; baseline -0.009 -8"><span class='ocrx_word' id='word_1_688' title='bbox 939 4437 961 4500; x_wconf 73' lang='grc' dir='ltr'><strong>Ι)</strong></span> <span class='ocrx_word' id='word_1_689' title='bbox 979 4462 1052 4516; x_wconf 78' lang='lat' dir='ltr'><strong>Deva</strong></span> <span class='ocrx_word' id='word_1_690' title='bbox 1066 4458 1097 4515; x_wconf 93' lang='lat' dir='ltr'><strong>in</strong></span> <span class='ocrx_word' id='word_1_691' title='bbox 1112 4458 1236 4515; x_wconf 87' lang='lat' dir='ltr'><strong>circuitu</strong></span> <span class='ocrx_word' id='word_1_692' title='bbox 1250 4456 1351 4514; x_wconf 92' lang='lat' dir='ltr'><strong>oculos</strong></span> <span class='ocrx_word' id='word_1_693' title='bbox 1365 4461 1442 4523; x_wconf 86' lang='lat' dir='ltr'><strong>tuos,</strong></span> <span class='ocrx_word' id='word_1_694' title='bbox 1456 4459 1484 4511; x_wconf 90' lang='lat' dir='ltr'><strong>et</strong></span> <span class='ocrx_word' id='word_1_695' title='bbox 1494 4451 1580 4511; x_wconf 88' lang='lat' dir='ltr'><strong>vide:</strong></span> 
     </span>
    </p>
   </div>
   <div class='ocr_carea' id='block_1_21' title="bbox 977 4521 1805 4884">
    <p class='ocr_par' dir='ltr' id='par_1_42' title="bbox 977 4521 1805 4745">
     <span class='ocr_line' id='line_1_131' title="bbox 1014 4521 1805 4615; baseline -0.01 -28"><span class='ocrx_word' id='word_1_696' title='bbox 1014 4546 1116 4587; x_wconf 88' lang='lat' dir='ltr'><strong>omnes</strong></span> <span class='ocrx_word' id='word_1_697' title='bbox 1131 4530 1185 4615; x_wconf 38' lang='lat' dir='ltr'><strong>isti·</strong></span> <span class='ocrx_word' id='word_1_698' title='bbox 1196 4528 1364 4603; x_wconf 88' lang='lat' dir='ltr'><strong>congregati</strong></span> <span class='ocrx_word' id='word_1_699' title='bbox 1379 4531 1451 4585; x_wconf 92' lang='lat' dir='ltr'><strong>eunt</strong></span> <span class='ocrx_word' id='word_1_700' title='bbox 1464 4525 1518 4599; x_wconf 81' lang='lat' dir='ltr'><strong>(dl.</strong></span> <span class='ocrx_word' id='word_1_701' title='bbox 1530 4527 1601 4582; x_wconf 84' lang='lat' dir='ltr'><strong>tacet</strong></span> <span class='ocrx_word' id='word_1_702' title='bbox 1615 4521 1706 4597; x_wconf 88' lang='lat' dir='ltr'><strong>soni),</strong></span> <span class='ocrx_word' id='word_1_703' title='bbox 1720 4535 1805 4580; x_wconf 87' lang='lat' dir='ltr'><strong>vens·</strong></span> 
     </span>
     <span class='ocr_line' id='line_1_132' title="bbox 977 4604 1397 4745; baseline -0.007 -17"><span class='ocrx_word' id='word_1_704' title='bbox 977 4604 1254 4745; x_wconf 47' lang='lat' dir='ltr'><strong>Filiirsqlptdtfflge</strong></span> <span class='ocrx_word' id='word_1_705' title='bbox 1268 4670 1397 4736; x_wconf 87' lang='lat' dir='ltr'><strong>venient,</strong></span> 
     </span>
    </p>

    <p class='ocr_par' dir='ltr' id='par_1_43' title="bbox 978 4739 1496 4884">
     <span class='ocr_line' id='line_1_133' title="bbox 1013 4739 1496 4816; baseline -0.008 -16"><span class='ocrx_word' id='word_1_706' title='bbox 1013 4748 1042 4800; x_wconf 90' lang='lat' dir='ltr'><strong>et</strong></span> <span class='ocrx_word' id='word_1_707' title='bbox 1057 4746 1122 4801; x_wconf 79' lang='lat' dir='ltr'><strong>filia</strong></span> <span class='ocrx_word' id='word_1_708' title='bbox 1135 4750 1192 4802; x_wconf 82' lang='lat' dir='ltr'><strong>tuae</strong></span> <span class='ocrx_word' id='word_1_709' title='bbox 1206 4744 1236 4800; x_wconf 92' lang='lat' dir='ltr'><strong>in</strong></span> <span class='ocrx_word' id='word_1_710' title='bbox 1250 4743 1341 4800; x_wconf 88' lang='lat' dir='ltr'><strong>latere</strong></span> <span class='ocrx_word' id='word_1_711' title='bbox 1355 4743 1461 4816; x_wconf 90' lang='lat' dir='ltr'><strong>sugent</strong></span> <span class='ocrx_word' id='word_1_712' title='bbox 1474 4739 1496 4796; x_wconf 83' lang='lat'><strong>⁸.</strong></span> 
     </span>
     <span class='ocr_line' id='line_1_134' title="bbox 978 4815 1359 4884; baseline -0.003 -12"><span class='ocrx_word' id='word_1_713' title='bbox 978 4816 1060 4874; x_wconf 83' lang='lat' dir='ltr'><strong>Tunc</strong></span> <span class='ocrx_word' id='word_1_714' title='bbox 1076 4816 1188 4874; x_wconf 88' lang='lat' dir='ltr'><strong>videbis</strong></span> <span class='ocrx_word' id='word_1_715' title='bbox 1201 4818 1230 4873; x_wconf 92' lang='lat' dir='ltr'><strong>et</strong></span> <span class='ocrx_word' id='word_1_716' title='bbox 1245 4815 1359 4884; x_wconf 87' lang='lat' dir='ltr'><strong>aliiues,</strong></span> 
     </span>
    </p>
   </div>
   <div class='ocr_carea' id='block_1_22' title="bbox 978 5020 1804 5317">
    <p class='ocr_par' dir='ltr' id='par_1_44' title="bbox 978 5020 1804 5317">
     <span class='ocr_line' id='line_1_135' title="bbox 979 5020 1804 5106; baseline -0.012 -19"><span class='ocrx_word' id='word_1_717' title='bbox 979 5030 1064 5087; x_wconf 73' lang='lat' dir='ltr'><strong>luten</strong></span> <span class='ocrx_word' id='word_1_718' title='bbox 1078 5034 1185 5100; x_wconf 78' lang='lat' dir='ltr'><strong>superii,</strong></span> <span class='ocrx_word' id='word_1_719' title='bbox 1201 5028 1249 5085; x_wconf 90' lang='lat' dir='ltr'><strong>bic</strong></span> <span class='ocrx_word' id='word_1_720' title='bbox 1264 5027 1422 5096; x_wconf 87' lang='lat' dir='ltr'><strong>scribatur,</strong></span> <span class='ocrx_word' id='word_1_721' title='bbox 1438 5023 1470 5082; x_wconf 83' lang='lat' dir='ltr'><strong>iii</strong></span> <span class='ocrx_word' id='word_1_722' title='bbox 1484 5025 1569 5082; x_wconf 81' lang='lat' dir='ltr'><strong>lutere</strong></span> <span class='ocrx_word' id='word_1_723' title='bbox 1588 5028 1721 5106; x_wconf 67' lang='lat' dir='ltr'><strong>impert:</strong></span> <span class='ocrx_word' id='word_1_724' title='bbox 1751 5020 1804 5077; x_wconf 89' lang='lat' dir='ltr'><strong>ssd</strong></span> 
     </span>
     <span class='ocr_line' id='line_1_136' title="bbox 978 5092 1802 5175; baseline -0.013 -16"><span class='ocrx_word' id='word_1_725' title='bbox 978 5103 1182 5159; x_wconf 88' lang='lat' dir='ltr'><strong>emendatores</strong></span> <span class='ocrx_word' id='word_1_726' title='bbox 1198 5101 1281 5175; x_wconf 89' lang='lat' dir='ltr'><strong>periti</strong></span> <span class='ocrx_word' id='word_1_727' title='bbox 1298 5101 1493 5172; x_wconf 90' lang='lat' dir='ltr'><strong>reposuerunt</strong></span> <span class='ocrx_word' id='word_1_728' title='bbox 1506 5096 1536 5153; x_wconf 89' lang='lat' dir='ltr'><strong>in</strong></span> <span class='ocrx_word' id='word_1_729' title='bbox 1554 5092 1706 5152; x_wconf 82' lang='lat' dir='ltr'><strong>nonnullis</strong></span> <span class='ocrx_word' id='word_1_730' title='bbox 1729 5107 1802 5149; x_wconf 86' lang='lat' dir='ltr'><strong>mss.</strong></span> 
     </span>
     <span class='ocr_line' id='line_1_137' title="bbox 979 5166 1802 5301; baseline -0.018 -68"><span class='ocrx_word' id='word_1_731' title='bbox 979 5174 1208 5247; x_wconf 81' lang='lat' dir='ltr'><strong>antiquioribus,</strong></span> <span class='ocrx_word' id='word_1_732' title='bbox 1219 5173 1302 5301; x_wconf 65' lang='lat' dir='ltr'><strong>tquod</strong></span> <span class='ocrx_word' id='word_1_733' title='bbox 1317 5171 1415 5300; x_wconf 63' lang='lat' dir='ltr'><strong>prima</strong></span> <span class='ocrx_word' id='word_1_734' title='bbox 1442 5185 1532 5251; x_wconf 77' lang='lat' dir='ltr'><strong>mann</strong></span> <span class='ocrx_word' id='word_1_735' title='bbox 1557 5166 1700 5239; x_wconf 89' lang='lat' dir='ltr'><strong>scriptum</strong></span> <span class='ocrx_word' id='word_1_736' title='bbox 1728 5166 1802 5248; x_wconf 76' lang='lat' dir='ltr'><strong>erat,</strong></span> 
     </span>
     <span class='ocr_line' id='line_1_138' title="bbox 980 5238 1803 5317; baseline -0.016 -14"><span class='ocrx_word' id='word_1_737' title='bbox 980 5261 1083 5317; x_wconf 91' lang='lat' dir='ltr'><strong>nempe</strong></span> <span class='ocrx_word' id='word_1_738' title='bbox 1097 5253 1203 5315; x_wconf 80' lang='lat' dir='ltr'><strong>suqeiit.</strong></span> <span class='ocrx_word' id='word_1_739' title='bbox 1242 5261 1315 5301; x_wconf 91' lang='lat' dir='ltr'><strong>onsu</strong></span> <span class='ocrx_word' id='word_1_740' title='bbox 1329 5260 1344 5300; x_wconf 90' lang='lat' dir='ltr'><strong>e</strong></span> <span class='ocrx_word' id='word_1_741' title='bbox 1360 5243 1528 5315; x_wconf 75' lang='lat' dir='ltr'><strong>Hieronymi</strong></span> <span class='ocrx_word' id='word_1_742' title='bbox 1543 5238 1759 5295; x_wconf 79' lang='lat' dir='ltr'><strong>Commentario</strong></span> <span class='ocrx_word' id='word_1_743' title='bbox 1774 5250 1803 5290; x_wconf 91' lang='lat' dir='ltr'><strong>in</strong></span> 
     </span>
    </p>
   </div>
   <div class='ocr_carea' id='block_1_23' title="bbox 980 5316 1804 5460">
    <p class='ocr_par' dir='ltr' id='par_1_45' title="bbox 980 5316 1804 5460">
     <span class='ocr_line' id='line_1_139' title="bbox 980 5316 1290 5375; baseline -0.013 0"><span class='ocrx_word' id='word_1_744' title='bbox 980 5318 1059 5375; x_wconf 90' lang='lat' dir='ltr'><strong>bunc</strong></span> <span class='ocrx_word' id='word_1_745' title='bbox 1075 5316 1181 5373; x_wconf 93' lang='lat' dir='ltr'><strong>locum.</strong></span> <span class='ocrx_word' id='word_1_746' title='bbox 1198 5316 1290 5373; x_wconf 84' lang='lat' dir='ltr'><strong>ldiiir.</strong></span> 
     </span>
     <span class='ocr_line' id='line_1_140' title="bbox 1015 5376 1804 5460; baseline -0.016 -15"><span class='ocrx_word' id='word_1_747' title='bbox 1015 5389 1144 5454; x_wconf 84' lang='lat' dir='ltr'><strong>-Tres,</strong></span> <span class='ocrx_word' id='word_1_748' title='bbox 1161 5405 1236 5460; x_wconf 91' lang='lat' dir='ltr'><strong>quos</strong></span> <span class='ocrx_word' id='word_1_749' title='bbox 1250 5385 1397 5445; x_wconf 88' lang='lat' dir='ltr'><strong>Victorius</strong></span> <span class='ocrx_word' id='word_1_750' title='bbox 1412 5383 1523 5441; x_wconf 86' lang='lat' dir='ltr'><strong>laudat.</strong></span> <span class='ocrx_word' id='word_1_751' title='bbox 1545 5395 1617 5438; x_wconf 87' lang='lat' dir='ltr'><strong>mss.</strong></span> <span class='ocrx_word' id='word_1_752' title='bbox 1641 5376 1804 5434; x_wconf 80' lang='lat' dir='ltr'><strong>bibliorum</strong></span> 
     </span>
    </p>
   </div>
   <div class='ocr_carea' id='block_1_24' title="bbox 980 5448 1806 5675">
    <p class='ocr_par' dir='ltr' id='par_1_46' title="bbox 980 5448 1806 5675">
     <span class='ocr_line' id='line_1_141' title="bbox 980 5448 1805 5583; baseline -0.015 -67"><span class='ocrx_word' id='word_1_753' title='bbox 980 5461 1095 5543; x_wconf 80' lang='lat' dir='ltr'><strong>codices</strong></span> <span class='ocrx_word' id='word_1_754' title='bbox 1107 5461 1159 5544; x_wconf 32' lang='lat' dir='ltr'><strong>‚luc-</strong></span> <span class='ocrx_word' id='word_1_755' title='bbox 1169 5448 1805 5583; x_wconf 47' lang='lat' dir='ltr'><strong>babentproiiiicterequamipselectionem</strong></span> 
     </span>
     <span class='ocr_line' id='line_1_142' title="bbox 980 5523 1806 5595; baseline -0.016 -7"><span class='ocrx_word' id='word_1_756' title='bbox 980 5548 1015 5588; x_wconf 87' lang='lat' dir='ltr'><strong>ex</strong></span> <span class='ocrx_word' id='word_1_757' title='bbox 1030 5531 1160 5588; x_wconf 79' lang='lat' dir='ltr'><strong>interiori</strong></span> <span class='ocrx_word' id='word_1_758' title='bbox 1176 5537 1312 5588; x_wconf 84' lang='lat' dir='ltr'><strong>contextu</strong></span> <span class='ocrx_word' id='word_1_759' title='bbox 1323 5532 1357 5587; x_wconf 90' lang='lat' dir='ltr'><strong>ad</strong></span> <span class='ocrx_word' id='word_1_760' title='bbox 1373 5543 1477 5586; x_wconf 90' lang='lat' dir='ltr'><strong>versic.</strong></span> <span class='ocrx_word' id='word_1_761' title='bbox 1505 5523 1806 5595; x_wconf 65' lang='lat' dir='ltr'><strong>bramnucmiister</strong></span> 
     </span>
     <span class='ocr_line' id='line_1_143' title="bbox 980 5595 1806 5675; baseline -0.016 -14"><span class='ocrx_word' id='word_1_762' title='bbox 980 5612 1008 5662; x_wconf 80' lang='lat' dir='ltr'><strong>st</strong></span> <span class='ocrx_word' id='word_1_763' title='bbox 1022 5604 1148 5660; x_wconf 83' lang='lat' dir='ltr'><strong>mamilla</strong></span> <span class='ocrx_word' id='word_1_764' title='bbox 1164 5618 1259 5675; x_wconf 81' lang='lat' dir='ltr'><strong>requiri</strong></span> <span class='ocrx_word' id='word_1_765' title='bbox 1279 5603 1426 5660; x_wconf 79' lang='lat' dir='ltr'><strong>lactaberis</strong></span> <span class='ocrx_word' id='word_1_766' title='bbox 1450 5604 1535 5671; x_wconf 92' lang='lat' dir='ltr'><strong>atque</strong></span> <span class='ocrx_word' id='word_1_767' title='bbox 1558 5596 1623 5669; x_wconf 89' lang='lat' dir='ltr'><strong>ipso</strong></span> <span class='ocrx_word' id='word_1_768' title='bbox 1645 5599 1674 5652; x_wconf 82' lang='grc'><strong>8.</strong></span> <span class='ocrx_word' id='word_1_769' title='bbox 1700 5595 1806 5649; x_wconf 89' lang='lat' dir='ltr'><strong>Doctu-</strong></span> 
     </span>
    </p>
   </div>
   <div class='ocr_carea' id='block_1_25' title="bbox 982 5667 1812 5820">
    <p class='ocr_par' dir='ltr' id='par_1_47' title="bbox 982 5667 1812 5820">
     <span class='ocr_line' id='line_1_144' title="bbox 982 5667 1804 5803; baseline -0.012 -72"><span class='ocrx_word' id='word_1_770' title='bbox 982 5674 1024 5732; x_wconf 91' lang='lat' dir='ltr'><strong>ris</strong></span> <span class='ocrx_word' id='word_1_771' title='bbox 1042 5675 1257 5734; x_wconf 83' lang='lat' dir='ltr'><strong>commentario</strong></span> <span class='ocrx_word' id='word_1_772' title='bbox 1281 5672 1375 5803; x_wconf 73' lang='lat' dir='ltr'><strong>magis</strong></span> <span class='ocrx_word' id='word_1_773' title='bbox 1398 5672 1511 5758; x_wconf 77' lang='lat' dir='ltr'><strong>probat.</strong></span> <span class='ocrx_word' id='word_1_774' title='bbox 1536 5667 1713 5741; x_wconf 79' lang='lat' dir='ltr'><strong>Reiragstur</strong></span> <span class='ocrx_word' id='word_1_775' title='bbox 1735 5679 1804 5722; x_wconf 87' lang='lat' dir='ltr'><strong>vero</strong></span> 
     </span>
     <span class='ocr_line' id='line_1_145' title="bbox 982 5737 1812 5820; baseline -0.014 -15"><span class='ocrx_word' id='word_1_776' title='bbox 982 5745 1120 5805; x_wconf 77' lang='lat' dir='ltr'><strong>Hebraeus</strong></span> <span class='ocrx_word' id='word_1_777' title='bbox 1134 5750 1242 5820; x_wconf 82' lang='lat' dir='ltr'><strong>textus,</strong></span> <span class='ocrx_word' id='word_1_778' title='bbox 1258 5763 1291 5804; x_wconf 89' lang='lat' dir='ltr'><strong>ac</strong></span> <span class='ocrx_word' id='word_1_779' title='bbox 1304 5762 1335 5803; x_wconf 93' lang='lat' dir='ltr'><strong>re</strong></span> <span class='ocrx_word' id='word_1_780' title='bbox 1347 5760 1410 5817; x_wconf 87' lang='lat' dir='ltr'><strong>iqui</strong></span> <span class='ocrx_word' id='word_1_781' title='bbox 1430 5742 1498 5800; x_wconf 87' lang='lat' dir='ltr'><strong>libri</strong></span> <span class='ocrx_word' id='word_1_782' title='bbox 1521 5755 1636 5799; x_wconf 87' lang='lat' dir='ltr'><strong>omnes.</strong></span> <span class='ocrx_word' id='word_1_783' title='bbox 1659 5737 1812 5797; x_wconf 61' lang='lat' dir='ltr'><strong>maiam</strong></span> 
     </span>
    </p>
   </div>
   <div class='ocr_carea' id='block_1_26' title="bbox 0 0 1948 6148">
    <p class='ocr_par' dir='ltr' id='par_1_48' title="bbox 0 0 1948 6148">
     <span class='ocr_line' id='line_1_146' title="bbox 0 0 1948 6148; baseline 0 0"><span class='ocrx_word' id='word_1_784' title='bbox 0 0 1948 6148; x_wconf 95' lang='lat' dir='ltr'><strong> </strong></span> 
     </span>
    </p>
   </div>
  </div>
 </body>
</html>
