3878 6150
60 284 119 343 ⁴7³
710 290 820 345 LIBER
839 283 1124 343 obarmemur.
1715 288 1769 347 hid

58 411 184 469 loeutus
199 414 256 478 est,
266 413 296 467 et
309 408 414 468 dixerd
429 409 483 467 tibi
499 427 506 467 :
533 412 654 484 tiamne,
674 417 704 470 et
728 426 891 485 sequamur
903 409 931 477 Α
945 408 1026 465 tibus
1041 414 1406 483 quasunlsuperterram.
1418 413 1461 486 [B.
1471 412 1595 484 Lv11,u.
1607 413 1715 487 hlllll.]
1726 420 1768 474 No

61 502 137 559 deos
151 499 264 558 alienos
279 516 355 573 quos
369 500 501 573 ignoras,
515 504 545 557 et
559 503 723 559 serviamus
742 502 805 559 eis:
830 516 889 557 non
946 499 1109 555 comedatis
1123 517 1187 571 quar
1200 500 1353 558 immunda
1368 507 1439 558 sunt
1461 503 1502 575 [h.
1519 503 1581 559 Non
1607 505 1768 562 comedatis

62 590 170 647 audias
184 588 582 661 rerbapropbetaeilliusaut
593 591 801 648 somniatoris:
823 593 892 661 quia
946 603 1032 643 omne
1043 589 1120 660 quod
1136 590 1334 646 abominatum
1352 595 1397 648 est
1409 594 1430 662 ].
1443 596 1502 649 Hoc
1513 597 1557 649 est
1568 593 1678 651 animal
1689 596 1767 667 quod

62 678 890 752 teutatvosltominusDeusvesler,utpalamllatulrum
946 677 1098 734 comedere
1121 679 1245 749 dehetis,
1268 680 1382 745 horem,
1412 686 1440 736 et
1457 697 1556 752 ovem,
1580 688 1609 738 et
1637 700 1768 756 capram,

64 766 198 840 ddigetis
213 782 281 824 eum
297 783 408 834 annau,
422 767 452 823 in
467 769 629 825 totocorde
643 767 892 826 etintotaanima
945 780 1075 835 oervum,
1091 782 1237 839 capream,
1252 768 1406 838 bubalum,
1422 770 1637 843 tragelaphum,
1663 789 1770 846 pygar-

63 863 175 926 vestra,
191 857 233 929 (G.
250 855 335 928 mx.)
351 856 509 913 llominnm
525 858 619 915 Deum
634 863 765 914 vestrum
791 856 890 929 sequi·
945 869 1014 926 gon,
1027 871 1155 928 orygem,
1167 856 1446 928 camelopardalum.
1457 860 1767 934 Omaeanimal,quod

65 945 141 1003 mini
156 950 186 1003 et
201 946 298 1019 ipsum
314 946 426 1014 timeto,
443 950 472 1002 et
486 947 626 1004 mandata
639 946 720 1004 illius
736 947 891 1015 custodite,
946 941 976 998 in
992 942 1065 999 duas
1082 949 1181 1015 partes
1195 944 1337 1018 ungulam
1353 946 1448 1014 lindit,
1464 950 1493 1002 et
1515 948 1652 1016 ruminat,
1669 965 1768 1006 come·
1832 964 1835 969 ·

65 1039 95 1092 et
107 1034 209 1092 audite
221 1049 322 1091 vocem
338 1035 421 1105 eJus:
437 1034 493 1107 ipsi
510 1035 653 1105 servietis,
666 1041 695 1093 et
722 1036 779 1109 ipsi
794 1036 892 1092 adhe·
945 1032 1031 1090 detis.
1048 1032 1088 1089 De
1100 1034 1147 1090 his
1162 1044 1260 1091 autom
1271 1051 1335 1108 quaa
1346 1036 1506 1104 ruminant,
1518 1042 1546 1094 ot
1556 1037 1696 1109 ungulam
1709 1055 1768 1095 non

64 1124 180 1181 rabitis.
196 1123 343 1198 Propheta
357 1128 455 1180 autem
471 1123 531 1192 ille,
547 1128 599 1181 aut
614 1126 698 1182 fictor
708 1126 889 1182 somniorum
945 1122 1072 1190 findunt,
1089 1124 1150 1180 haec
1161 1125 1250 1197 [Vale.
1263 1133 1315 1181 tac.
1329 1124 1623 1198 haecJoomoderonon
1635 1129 1767 1199 ‹lobotis3
1832 1132 1835 1137 '

64 1213 106 1286 (b.
119 1212 297 1283 somniator)
311 1212 512 1269 interficietur:
529 1213 787 1286 quialoeutusest,
798 1218 891 1270 utros
946 1210 1036 1286 [Vulq.
1052 1213 1115 1269 odd.
1133 1217 1175 1285 ut]
1191 1214 1346 1283 camelum,
1363 1213 1501 1286 leporum,
1519 1215 1767 1290 choerogrillium:

64 1308 213 1361 averteret
227 1320 245 1360 a
258 1303 383 1361 Domino
395 1304 572 1375 Deosestro,
586 1305 637 1377 qui
660 1305 762 1361 eduxit
788 1320 840 1360 vos
856 1305 892 1360 de
944 1303 1015 1377 quia
1027 1302 1189 1370 ruminant,
1199 1307 1293 1359 etnon
1305 1303 1602 1376 dividantungulam,
1614 1305 1769 1363 immunda
1857 1332 1860 1337 ·

64 1397 146 1450 terra
159 1394 287 1468 AEgypti,
303 1398 333 1450 et
346 1393 470 1450 redemit
486 1393 522 1449 de
550 1394 636 1450 domo
659 1393 830 1450 servitutis:
857 1395 892 1447 ut
945 1398 1032 1450 erunt
1047 1391 1140 1449 vobis.
1152 1391 1347 1465 Susquoque,
1357 1393 1496 1465 quoniam
1508 1393 1613 1450 dividit
1626 1394 1767 1467 ungulam

65 1497 166 1539 errare
179 1487 209 1539 to
224 1482 332 1539 laceret
346 1483 382 1538 de
400 1482 458 1548 vis,
485 1498 574 1554 quarn
594 1482 648 1539 tibi
673 1482 811 1555 pracepit
835 1486 890 1538 llo·
945 1486 974 1539 et
986 1499 1041 1538 non
1054 1482 1357 1550 ruminat,immunda
1368 1482 1697 1540 erit.Carnibuseorum
1710 1501 1769 1542 non

66 1571 369 1628 minusDeustuus:
386 1570 891 1640 etauleresmalumdemediotui,
945 1570 1114 1641 vescemini,
1132 1571 1313 1626 etcadarera
1333 1587 1390 1627 nan
1421 1572 1557 1645 tangetis.
1586 1572 1628 1645 [C.
1657 1574 1768 1645 LXlV.]

65 1661 107 1732 (c.
138 1659 208 1731 LX.)
223 1659 254 1716 Si
282 1659 335 1716 tibi
350 1659 475 1716 noluerit
502 1662 677 1731 persuadere
693 1661 783 1718 irater
809 1663 891 1728 tuus,
946 1665 1011 1717 Hac
1026 1659 1185 1717 comedetis
1200 1660 1454 1731 exomuihusqaoe
1467 1666 1621 1718 morantur
1632 1662 1661 1718 in
1672 1664 1766 1735 aquis.

65 1749 149 1806 lilius
165 1749 271 1805 matris
281 1752 349 1817 tua,
365 1748 504 1805 autlilius
516 1748 650 1817 iuuaret
662 1749 733 1819 tilia,
744 1750 805 1806 sive
820 1765 893 1805 uxor
947 1753 1015 1817 Quae
1030 1751 1138 1806 habeat
1149 1749 1286 1822 pinnulas
1301 1751 1671 1821 etsquammas,oamedite
1682 1768 1689 1808 :
1702 1769 1766 1825 qun

65 1835 134 1912 quie
144 1844 193 1897 est
206 1840 236 1897 in
246 1839 314 1897 sinu
325 1844 387 1909 tuo,
397 1839 569 1896 autamieus
579 1857 666 1913 quem
678 1840 776 1915 diligis
787 1844 820 1896 ut
832 1840 893 1896 ani·
946 1838 1769 1914 absquepinnulisetequammissuntneoomedalis,quia

65 1945 147 1985 mam
162 1933 259 1998 tuam,
275 1928 351 1986 olam
362 1929 480 1986 dicens:
493 1932 612 1997 Eamus,
625 1929 825 1986 etserriemus
835 1928 893 1983 diis
947 1929 1103 1986 immunda
1112 1933 1192 1985 sunt.
1208 1929 1249 1998 lc.
1264 1927 1353 1998 ΗΝ]
1369 1927 1476 1984 Omnes
1491 1945 1559 1986 aves
1576 1930 1702 1987 mundas
1717 1947 1768 1988 ao·

64 2017 175 2074 alienis
191 2033 266 2091 quos
280 2018 452 2091 ignorastu,
463 2021 600 2090 etpatree
611 2019 665 2087 tui,
676 2023 850 2076 cunctarum
862 2017 892 2072 in
947 2019 1065 2075 medite.
1079 2018 1251 2074 Immundas
1266 2033 1302 2073 uo
1312 2017 1473 2074 comedatis
1485 2034 1492 2073 ε
1504 2018 1634 2092 aquilam
1645 2018 1767 2091 scilieet,

64 2108 195 2164 circuitu
210 2107 355 2181 gentium,
378 2124 442 2179 quae
460 2108 546 2179 juxta
559 2107 604 2165 vel
628 2106 729 2179 procul
744 2111 825 2175 suut,
854 2105 890 2162 ab
909 2105 977 2173 Bet
991 2106 1143 2181 gryphem,
1168 2111 1197 2162 et
1218 2106 1394 2175 haliaetum,
1418 2105 1506 2175 ixion,
1518 2109 1547 2164 et
1572 2107 1718 2164 vulturem
1735 2126 1768 2166 ao

65 2194 152 2252 initio
166 2212 262 2268 usque
278 2197 314 2253 ad
330 2197 417 2252 lirrem
436 2199 528 2267 terre,
542 2213 599 2254 noa
611 2196 826 2269 aequiescasei,
839 2211 892 2253 neo
946 2195 1068 2252 milvum
1080 2195 1166 2266 juxta
1180 2210 1274 2267 genus
1289 2210 1395 2251 suum:
1416 2200 1446 2251 et
1467 2212 1554 2252 omna
1577 2196 1687 2253 corvini
1712 2215 1766 2272 ge-

66 2285 185 2355 audias,
201 2301 295 2357 neque
309 2289 411 2358 pareat
425 2285 451 2341 ei
466 2285 569 2342 oculus
580 2289 659 2354 tuus,
672 2284 892 2352 ulmiserearis,
948 2284 1038 2352 ueris,
1054 2283 1261 2349 struthionem,
1277 2299 1310 2338 ao
1327 2287 1475 2349 noctuam,
1491 2288 1520 2339 el
1548 2282 1655 2354 larum,
1680 2289 1768 2357 atque

67 2378 95 2431 et
108 2372 242 2431 occultes
254 2389 334 2443 eum,
350 2375 401 2431 sed
417 2376 515 2431 statim
528 2375 696 2433 interficies.
708 2374 753 2431 Sit
764 2374 892 2447 primum
947 2373 1206 2444 accipitremjurrta
1215 2388 1310 2444 genus
1320 2388 1409 2428 suurn
1422 2372 1589 2429 :herodium
1602 2379 1631 2430 et
1641 2390 1768 2447 cygnum

68 2468 240 2521 manustua
251 2480 429 2537 supereum,
440 2463 895 2536 etposteuamnispopulusmit·
947 2469 977 2521 et
990 2463 1061 2529 ibin,
1076 2479 1109 2519 aa
1125 2460 1301 2535 mergulum,
1319 2461 1552 2534 porphyrionem,
1564 2466 1593 2519 ot
1606 2464 1768 2536 nycticora·

68 2555 110 2608 tat
121 2568 246 2609 manum
262 2555 284 2608 ¹.
300 2552 460 2624 Lapidibus
476 2552 600 2609 obrutus
628 2552 798 2609 necabitur:
827 2550 894 2624 quia
948 2568 1022 2622 cem,
1039 2551 1238 2608 onacrotalum
1255 2555 1281 2607 rt
1296 2549 1480 2617 oharadium,
1496 2550 1652 2623 singulain
1664 2568 1771 2625 genere

68 2642 201 2700 voluilte
215 2642 419 2700 abstraherer
433 2643 558 2700 Domino
575 2648 630 2700 Deo
646 2647 706 2711 tuo,
724 2642 774 2716 qui
797 2641 895 2698 eduxit
949 2658 1013 2709 suo,
1029 2657 1158 2712 upupam
1174 2655 1291 2713 quoque
1304 2643 1332 2696 et
1358 2639 1603 2711 vespertilionem.
1627 2641 1663 2697 ut
1686 2658 1772 2699 omne

70 2731 104 2789 de
127 2735 209 2789 terra
231 2731 410 2805 AEgypti,de
435 2732 522 2788 domo
551 2731 721 2789 servitutis:
739 2736 771 2789 ut
799 2730 895 2788 omnis
949 2730 1181 2803 quodreptutet
1205 2728 1348 2801 pennulas
1378 2729 1476 2798 habet,
1492 2726 1681 2786 immundum
1705 2731 1771 2800 erit,

71 2820 159 2877 lsrael
177 2820 425 2889 audienstimeat,
442 2825 472 2878 et
497 2837 681 2893 nequaquam
703 2819 782 2877 altra
810 2820 896 2878 saciet
949 2819 1294 2876 neaoomedotar.0mae
1307 2819 1384 2890 quod
1398 2818 1769 2886 mandumest,comedite.

70 2909 223 2983 quidpiam
234 2909 372 2981 hujusrei
384 2909 630 2982 simile(b.llujus
641 2910 681 2966 rei
690 2908 824 2965 similein
834 2925 894 2965 me·
950 2908 1076 2982 Quiquid
1099 2911 1196 2964 autem
1217 2906 1406 2964 morticinum
1426 2907 1769 2966 estnevescamiaiexeo.

71 2999 117 3055 dio
130 2998 190 3070 tur)
205 2998 246 3071 (C.
260 2999 347 3067 LXI.)
357 2998 385 3054 si
401 2998 568 3055 audierisin
578 3015 638 3055 una
648 2999 765 3055 urbium
776 3003 895 3054 tuarum
949 2997 1116 3069 Peregrina,
1128 2996 1178 3069 qui
1192 2997 1268 3052 intra
1279 3000 1379 3069 portus
1389 3000 1456 3053 tuas
1466 3000 1522 3065 ost,
1533 2997 1571 3053 da
1582 3001 1614 3054 ut
1624 2998 1770 3068 comedat,

73 3102 146 3159 quas
160 3086 306 3144 Dominus
322 3086 572 3144 Deustunsdabit
583 3086 636 3143 tibi
645 3088 680 3143 ad
692 3087 895 3156 habitandum,
950 3090 1002 3143 aut
1016 3087 1108 3142 vende
1119 3085 1144 3142 oi
1159 3085 1200 3160 [h.
1217 3090 1267 3141 aut
1286 3085 1376 3142 vende
1400 3086 1549 3157 externo]:
1575 3086 1646 3158 quia
1672 3091 1702 3143 tu
1717 3104 1771 3160 po·

71 3176 204 3233 dicentes
218 3174 388 3249 aliquoslb.
405 3176 468 3233 Non
489 3176 588 3247 habet,
612 3175 744 3233 dieentes
771 3177 895 3247 aliquos,
951 3175 1040 3250 palas
1055 3179 1176 3232 sanctus
1188 3174 1305 3231 Domini
1321 3173 1368 3231 [tei
1384 3175 1425 3231 tui
1441 3191 1484 3231 os.
1502 3176 1563 3234 Non
1590 3192 1698 3249 coques
1712 3175 1771 3234 hae·

71 3266 256 3323 udtamom
286 3265 413 3333 dioensl:
444 3264 561 3338 Egressi
576 3269 647 3321 sunt
673 3265 727 3321 lllii
743 3264 831 3321 Belial
860 3264 896 3322 de
950 3267 1021 3323 dam
1037 3265 1066 3320 in
1082 3262 1559 3335 laotomatrlasuaqss.Lv111,u.
1574 3264 1772 3338 bathmari-

73 3354 169 3411 medio
185 3353 243 3422 tui,
257 3358 287 3411 et
301 3358 471 3411 averterunt
481 3353 661 3411 habitatores
676 3354 760 3411 urbis
774 3359 830 3410 tun
852 3353 895 3427 lb.
951 3371 1031 3412 marn
1047 3358 1160 3428 partem
1176 3353 1328 3425 separabis
1343 3354 1379 3410 de
1393 3354 1508 3411 eunctis
1534 3354 1678 3412 fructibus
1701 3354 1771 3423 tuis,

72 3443 155 3515 ann),
172 3446 264 3514 atque
278 3441 430 3500 dixerant:
456 3444 577 3511 biamus,
606 3451 633 3500 ot
649 3443 812 3500 serviamus
838 3443 896 3500 diis
950 3445 1000 3516 qui
1016 3443 1467 3516 naseunturinterraperannos
1479 3442 1623 3517 singulos,
1634 3448 1772 3501 etaome·

73 3532 180 3590 alienis
195 3548 272 3605 quos
286 3531 427 3605 ignoratis
439 3548 446 3588 :
457 3548 555 3603 quere
565 3531 689 3590 sollicite
701 3537 730 3590 et
741 3531 898 3605 diligenter
950 3534 1002 3591 dos
1018 3535 1047 3589 in
1064 3538 1222 3605 conspectu
1238 3532 1353 3589 Domini
1369 3533 1417 3588 Dei
1430 3533 1484 3599 lui,
1501 3534 1529 3589 in
1542 3532 1699 3606 locoquem
1713 3534 1772 3591 ele·

72 3622 253 3679 raireritate
277 3626 441 3694 perspecta,
467 3621 492 3679 si
516 3621 663 3679 inveneris
691 3626 802 3677 certum
832 3637 897 3678 esse
950 3623 1036 3696 gerit,
1053 3628 1085 3678 ut
1099 3622 1128 3679 in
1145 3638 1179 3678 eo
1201 3637 1309 3678 nomen
1332 3620 1412 3678 illiue
1441 3622 1602 3692 invocetur,
1627 3622 1771 3679 deoimam

70 3710 151 3782 qaod
165 3709 284 3779 dicitur,
301 3714 330 3767 et
344 3709 594 3767 abominationem
610 3711 782 3783 hanoopers
793 3726 895 3783 perpe·
950 3712 1091 3769 lrumenti
1107 3711 1161 3781 tui,
1178 3716 1205 3766 et
1219 3711 1327 3777 vini,et
1341 3709 1408 3777 olei,
1425 3715 1453 3766 et
1470 3710 1663 3783 primogenita
1677 3712 1713 3767 de
1728 3727 1772 3767 sr-

70 3803 179 3856 tratam
194 3797 238 3871 (b.
249 3803 444 3872 perpetratam
461 3799 490 3854 in
507 3800 603 3856 medio
619 3800 684 3870 lui),
710 3799 812 3856 statim
828 3815 894 3872 per·
910 3795 932 3864 G
952 3801 1102 3859 mentiret
1118 3800 1222 3857 ovibus
1236 3800 1316 3856 tuis:
1333 3804 1366 3855 ut
1380 3799 1478 3855 discas
1494 3800 1598 3855 timere
1612 3799 1771 3856 Dominum

70 3890 165 3946 ealles
189 3886 371 3945 habitatores
394 3887 476 3946 urbis
505 3888 585 3945 illius
613 3889 642 3945 in
672 3905 721 3945 ore
736 3889 838 3962 gladii,
867 3893 896 3945 ot
950 3891 1043 3948 Deum
1059 3894 1142 3946 taum
1160 3889 1240 3945 omni
1256 3888 1437 3960 temporeltl.
1454 3887 1572 3960 hXVll]
1589 3891 1660 3944 Cam
1672 3893 1771 3945 autem

55 3977 312 4045 ,delebiseammo
325 3978 424 4034 omnia
435 3978 536 4050 quain
548 3977 689 4048 illusunt,
702 3979 839 4050 usquead
848 3995 896 4051 pe·
949 3979 1065 4052 longior
1080 3979 1168 4035 luerit
1182 3978 1240 4047 via,
1256 3983 1285 4034 el
1298 3978 1380 4035 locus
1395 3993 1482 4050 quom
1499 3977 1618 4047 elegerit
1628 3977 1772 4034 Dominus

66 4082 144 4125 cora.
162 4065 313 4139 Quidquid
328 4066 417 4123 etiam
433 4065 628 4139 supellectilis
643 4067 743 4136 luerit,
773 4084 895 4141 congre·
949 4075 1028 4126 Deus
1043 4074 1123 4137 tuus,
1139 4068 1251 4140 tibique
1279 4065 1470 4137 benedixerit,
1497 4082 1549 4122 nea
1579 4065 1709 4138 potueris
1734 4066 1770 4123 ad

66 4156 154 4229 gabis
169 4155 201 4212 iu
214 4155 313 4213 medio
324 4155 489 4228 platearum
501 4157 577 4227 ejus,
587 4161 616 4213 el
626 4171 693 4213 cum
705 4156 769 4228 ipsa
779 4156 895 4213 civitate
949 4172 1017 4214 eum
1033 4156 1095 4212 beo
1110 4160 1217 4213 cuneta
1233 4159 1359 4227 portare,
1371 4155 1478 4212 vendes
1494 4155 1602 4223 omnia,
1619 4158 1648 4211 et
1661 4155 1690 4210 in
1704 4171 1770 4228 pre·

66 4246 252 4313 suecendes3
267 4243 308 4300 ita
322 4248 356 4300 ut
371 4245 507 4301 universa
522 4261 681 4302 consumas
696 4246 821 4302 Domino
836 4250 894 4303 lieo
948 4246 1024 4302 tium
1036 4246 1159 4317 rediges,
1170 4243 1457 4317 portabisquemanu
1469 4247 1566 4315 tua,et
1577 4243 1771 4315 proficisceris

65 4333 367 4404 tua,etsitlumulus
384 4332 595 4406 sempiternus.
611 4334 674 4391 Non
702 4335 895 4392 edificabitur
948 4336 984 4393 ad
1000 4335 1096 4391 looum
1112 4349 1200 4406 quern
1223 4331 1343 4406 elegerit
1370 4331 1513 4388 Dominus
1534 4332 1611 4389 [leue
1639 4339 1727 4391 tuus:
1744 4341 1773 4390 el

65 4423 207 4497 amplius,
223 4427 320 4480 etnoa
331 4422 493 4479 adherebit
504 4424 540 4480 de
550 4422 600 4480 illo
611 4424 797 4482 anathemate
807 4425 892 4497 quid·
947 4440 1029 4483 emes
1044 4424 1194 4480 excudam
1210 4422 1333 4494 pecunia
1346 4421 1468 4495 quiquid
1485 4421 1536 4476 tihi
1547 4419 1699 4493 placuerit,
1711 4422 1771 4479 sive

64 4528 157 4584 quarn
173 4511 204 4569 ia
219 4528 311 4569 manu
327 4516 396 4569 tua:
414 4515 447 4568 ut
459 4517 610 4569 avertatur
623 4514 768 4571 Dominus
789 4516 826 4570 ab
850 4515 893 4571 ira
947 4530 982 4571 ex
997 4514 1149 4581 armentis,
1166 4511 1227 4568 sive
1241 4528 1276 4568 ex
1290 4511 1404 4577 ovibus,
1415 4511 1516 4568 vinum
1530 4526 1648 4584 quoque
1658 4516 1687 4568 et
1697 4510 1771 4569 sice·

64 4601 805 4676 lurorissui,etmisereaturtai,nrultiplioetquete
816 4605 894 4660 siout
947 4620 1022 4675 ram,
1037 4610 1065 4660 et
1077 4617 1164 4660 omne
1180 4602 1257 4674 quod
1274 4600 1419 4658 desiderat
1435 4599 1534 4655 anima
1550 4603 1619 4656 tua:
1635 4604 1665 4656 et
1675 4615 1770 4659 come·

61 4692 175 4763 jurarit
185 4689 398 4764 patribastuis,
411 4691 892 4763 quandoaudierisvocemDomini
947 4694 999 4750 des
1014 4708 1110 4750 eoram
1127 4691 1252 4748 Domina
1269 4691 1324 4746 Deo
1338 4693 1399 4758 tuo,
1415 4693 1444 4745 et
1458 4688 1625 4761 epulaberis
1640 4693 1671 4745 tu
1684 4693 1713 4747 et
1721 4690 1771 4747 do·

68 4777 115 4835 bei
130 4776 190 4847 tui,
211 4776 383 4834 custodiens
398 4778 653 4850 omniaprnaepta
666 4779 742 4850 ejus,
757 4796 821 4852 que
840 4797 893 4853 ego
947 4800 1014 4841 mus
1028 4784 1138 4852 tua3et
1153 4779 1265 4837 Levites
1280 4778 1329 4850 qui
1345 4777 1423 4835 intra
1437 4783 1669 4851 portastuasest
1681 4795 1688 4835 :
1701 4793 1769 4836 cave

66 4865 207 4940 precipio
221 4865 275 4922 tihi
289 4864 386 4935 hodie,
402 4870 436 4922 ut
450 4866 542 4924 iacias
554 4867 632 4940 quod
649 4867 790 4940 placitum
803 4873 848 4927 est
862 4871 892 4927 in
948 4871 1264 4943 nederelinquaseum,
1274 4865 1769 4941 quia[l¹utp.quiJnonhubotaliam

67 4960 227 5029 conspeetu
242 4953 363 5012 llomini
379 4955 431 5012 Dei
446 4955 500 5012 tui.
948 4966 1060 5036 partera
1077 4961 1106 5016 iu
1123 4959 1310 5033 possessione
1323 4962 1383 5015 tua.
1398 4958 1440 5029 [Β.
1469 4957 1550 5030 tlh]
1574 4960 1658 5015 Auno
1682 4959 1769 5016 tertio

99 5044 141 5117 (ll.
153 5043 265 5113 nunu
275 5044 359 5112 thl,
369 5043 435 5116 Cap.
443 5043 532 5117 XIV.)
541 5043 605 5101 oilli
614 5049 706 5103 estote
714 5046 830 5105 llomiai
843 5049 891 5107 Dei
948 5047 1770 5124 separabisaliamdecimamexomnibusquonasountur

69 5134 154 5191 rastri
163 5133 206 5207 (h.
218 5129 288 5189 Filii
297 5131 371 5189 estis
380 5148 433 5189 vos
442 5133 559 5189 Domini
571 5133 621 5191 Dei
633 5135 731 5199 vestri)
744 5153 751 5191 ε
772 5153 830 5194 non
842 5155 893 5196 vos
947 5141 1002 5198 tibi
1017 5157 1050 5197 oo
1065 5145 1197 5211 tempore
1212 5138 1253 5211 [h.
1280 5140 1313 5194 ln
1330 5138 1387 5193 line
1415 5136 1484 5192 anni
1512 5136 1590 5193 tertii
1618 5134 1769 5207 separabis

69 5220 217 5292 incidetis,
228 5219 407 5277 neolacietis
418 5220 568 5278 calvitium
580 5230 802 5296 supermortuo.
817 5230 893 5294 Quo·
949 5229 1226 5287 omnemdecimam
1252 5228 1398 5283 fructuum
1429 5229 1545 5282 luorum
1575 5241 1610 5280 ex
1631 5223 1769 5281 omnibus

71 5310 144 5368 aiam
155 5309 691 5383 populussanotustaesllominolleo
702 5317 894 5374 tuoetteele·
949 5337 1012 5392 qun
1029 5323 1192 5376 naseuntur
1208 5316 1261 5373 tihi
1278 5332 1311 5373 eo
1326 5314 1434 5387 annot:
1452 5322 1480 5370 et
1492 5328 1616 5386 repones
1632 5312 1709 5368 intra
1721 5314 1768 5384 ja·

72 5399 120 5469 git,
131 5398 253 5457 atainei
262 5397 293 5455 iu
302 5397 446 5473 populum
458 5400 646 5473 peculiarem,
657 5402 692 5460 de
702 5406 816 5463 cunctis
826 5423 894 5480 gen·
949 5426 1023 5466 naas
1039 5415 1116 5466 tues.
1127 5407 1289 5479 venietque
1303 5405 1424 5474 Levites,
1441 5404 1491 5476 qui
1506 5403 1594 5458 aliam
1608 5417 1664 5458 non
1679 5400 1768 5461 babet

107 5610 270 5685 andelia„
284 5616 375 5686 etqua
385 5611 436 5672 alti
450 5630 540 5689 pones
551 5615 688 5676 Martiaa.
704 5634 792 5697 mss,
805 5636 866 5699 port
876 5637 912 5687 te.
