3870 6120
103 270 144 331 us
815 264 1061 324 ammsosue.
1738 267 1794 331 sou

109 411 162 473 gero
173 392 300 467 scriptor
314 395 477 463 conservet,
492 395 567 449 aest
586 388 780 448 nosteriebor
793 392 823 445 et
834 386 916 445 illius
929 390 958 458 Α
972 388 1132 447 laborando
1142 391 1370 459 sudare‚eteiioe
1381 392 1561 451 detrahendo
1571 393 1729 456 laborare?
1740 400 1794 458 do·

110 486 219 549 stadium
230 486 341 558 pereat.
355 484 390 541 tlt
400 482 472 540 utin
483 480 598 555 primis,
610 480 690 553 qnod
702 494 779 551 sepe
788 479 912 534 testatus
965 477 1149 536 lereludaeos
1159 482 1236 553 quod
1248 481 1447 539 calumniandi
1464 483 1506 538 eis
1516 489 1545 539 et
1559 474 1792 545 irridendichri-

112 573 304 645 snn,sciatms
314 590 372 630 non
383 572 414 630 iu
424 569 681 646 reprehensionem
696 573 827 625 veterum
839 581 914 622 nova
965 567 1082 624 stianos
1097 569 1135 625 sit
1150 569 1247 626 ablata
1261 570 1387 635 occasio,
1411 575 1439 627 et
1450 571 1584 629 Ecclesiae
1610 573 1746 635 homines
1762 580 1791 635 id

114 666 203 729 endem,
233 662 313 719 siout
340 661 426 717 amici
451 659 509 717 mei
537 656 772 715 criminantur¹.·
787 655 839 711 sed
860 670 912 727 pro
966 656 1124 728 despicere,
1140 658 1347 730 imolacerare,
1364 660 1441 715 unde
1456 661 1614 717 adversarii
1629 667 1788 738 torquean-

113 753 167 815 drili
180 755 261 826 perte
274 752 378 809 afferre
392 750 500 823 linguae
520 763 591 805 mee
606 748 617 781 ²
632 745 803 803 hominibus
826 744 912 817 (quos
966 747 1037 801 turt
1052 747 1134 810 Quod
1147 747 1171 802 si
1187 750 1271 803 vetus
1286 748 1329 804 eis
1344 752 1460 804 tantum
1472 749 1674 822 interpretatio
1683 754 1789 826 placet,

115 851 187 905 tanen
212 846 314 898 nostra
342 838 510 911 delectant),
541 841 573 893 ut
588 852 638 936 pro
666 835 831 891 Graoorum
857 830 914 902 ἐξα·
965 850 1030 907 qnos
1045 835 1161 891 etmihi
1177 853 1234 892 non
1250 835 1397 909 displicet,
1420 842 1450 894 et
1463 838 1536 894 nibil
1557 844 1638 897 extra
1651 843 1790 916 recipien-

115 930 182 1000 πλοῖς,
196 946 260 1002 ques
281 933 310 986 et
327 932 449 1002 sumptu
470 931 500 983 et
513 926 611 983 labore
627 928 754 981 maximo
770 922 913 995 indigent,
966 925 1037 981 dum
1062 928 1187 995 putent:
1212 942 1265 982 oar
1278 942 1313 982 ee
1328 942 1391 998 qus
1408 927 1463 983 sub
1479 929 1629 986 asteriscis
1640 936 1669 986 et
1684 933 1787 1001 obelis,

117 1021 244 1081 sditionem
261 1023 391 1075 nostram
407 1017 548 1073 habeant.
572 1019 605 1070 et
620 1013 714 1070 sicubi
727 1012 757 1068 in
774 1012 912 1084 antiquo·
966 1013 1011 1070 vol
1035 1015 1136 1071 addita
1158 1018 1240 1082 sunt,
1264 1014 1308 1071 vsi
1324 1020 1486 1087 amputate,
1511 1017 1624 1089 legunt,
1644 1025 1673 1075 et
1696 1021 1789 1094 negli-

96 1146 99 1153 ·
117 1127 161 1169 run
172 1107 350 1165 voluminum
367 1106 491 1163 lectione
510 1103 682 1174 dubitarint,
694 1102 754 1157 beo
769 1099 829 1157 illis
843 1116 913 1155 oon·
966 1107 1040 1177 gunt
1055 1104 1079 1157 ‘i
1094 1104 1188 1168 Qirare
1201 1103 1352 1160 Danielem
1362 1104 1664 1175 juxtaTbeodotionis
1677 1110 1790 1167 transla

118 1196 391 1269 assuetissimum
411 1195 491 1267 quod
507 1192 685 1266 requirunt:
703 1190 828 1248 maxime
844 1205 910 1246 cum
966 1192 1088 1259 tionem,
1105 1190 1241 1248 Ecclesiae
1255 1194 1473 1263 susceperuut?
1487 1193 1546 1250 Cur
1560 1194 1714 1267 Origenem
1732 1199 1789 1254 mi·

77 1328 79 1343 .
119 1287 171 1361 apud
187 1285 301 1342 belinas
313 1287 357 1341 tot
371 1282 431 1341 sint
449 1281 637 1357 exemplaria,
648 1283 721 1353 quot
735 1279 866 1355 codices;
883 1282 912 1335 et
966 1286 1079 1345 rantur,
1097 1286 1125 1335 et
1148 1280 1308 1337 Eusebium
1333 1280 1488 1354 Pamphili,
1503 1287 1625 1339 cunctas
1646 1284 1789 1343 editiones

120 1374 292 1447 unoquisque
316 1389 368 1446 pro
387 1372 509 1430 arbitrio
533 1388 587 1428 auo
612 1369 657 1426 vel
682 1368 838 1435 addiderit,
867 1366 910 1424 vel
967 1369 1104 1427 similiter
1118 1369 1321 1426 disserentes?
1336 1374 1392 1426 sut
1412 1387 1476 1441 que
1492 1371 1547 1425 tuit
1562 1371 1699 1442 stultitia,
1711 1381 1790 1447 post·

121 1458 268 1523 subtraxerit
280 1463 360 1536 quod
384 1460 410 1518 ei
435 1461 532 1517 visum
547 1462 610 1517 est:
627 1459 730 1532 ntique
746 1474 802 1514 non
819 1456 912 1529 possit
966 1474 1055 1531 quam
1070 1474 1137 1514 vera
1151 1457 1289 1525 dixerint,
1304 1459 1433 1532 proferre
1445 1474 1510 1531 que
1520 1458 1594 1515 ialse
1605 1460 1696 1517 sunt?
1707 1463 1789 1521 Unde

120 1568 194 1610 samm
212 1565 276 1608 sese
303 1550 384 1624 quod
410 1548 553 1606 dissonat.
577 1547 659 1605 Unde
683 1550 778 1604 cesset
792 1550 911 1601 arcuato
966 1551 1065 1605 autem
1080 1546 1787 1620 innovoTestameutoproberepoteruntassum·

121 1640 207 1699 minere
220 1644 323 1698 contre
338 1656 392 1697 nos
409 1638 560 1711 insurgere
571 1636 717 1709 scorpius,
733 1638 763 1691 et
776 1638 911 1691 sanctum
965 1641 1016 1710 pta
1030 1637 1209 1703 testimonie,
1224 1653 1287 1709 que
1303 1635 1426 1692 inlibris
1441 1637 1588 1693 veteribus
1603 1655 1660 1695 non
1677 1639 1788 1699 baben-

121 1748 173 1805 epns
190 1734 329 1789 venenata
349 1746 469 1804 carpere
482 1728 585 1803 lingua
610 1726 743 1796 desistet,
759 1724 803 1783 uel
820 1723 914 1783 susci·
966 1723 1682 1795 tur‘leodicimns,neomninooelumniantibus
1693 1733 1789 1787 tacere

124 1821 190 1894 deos,
201 1821 224 1878 si
240 1820 345 1893 placet,
360 1819 405 1878 vel
421 1823 623 1888 contemnens,
639 1817 664 1874 si
680 1815 836 1889 displicet:
852 1832 912 1873 me·
966 1813 1126 1871 rideamnr.
1142 1813 1284 1870 Ceterum
1300 1816 1366 1886 post
1391 1818 1498 1869 sancta
1513 1813 1607 1870 Paulas
1637 1816 1789 1876 dormitio·

125 1908 265 1981 miseritque
280 1906 401 1965 illorum
418 1922 558 1964 vemuum
574 1906 665 1980 (Ptol.
680 1922 756 1977 xmx,
770 1905 804 1960 19
818 1904 911 1978 seq.).·
966 1904 1138 1975 nem,cujus
1148 1902 1321 1959 vitavirtitis
1332 1904 1499 1975 exemplum
1512 1907 1567 1973 est,
1580 1910 1609 1960 et
1620 1903 1673 1962 bos
1684 1906 1786 1979 libros,

965 2009 1040 2066 quos
1054 1991 1212 2050 Eustochio
1236 1992 1342 2065 virgini
1358 1991 1466 2048 Christi
1483 2007 1589 2064 negare
1612 2010 1670 2051 non
1691 1998 1786 2069 potui,

964 2081 1160 2150 decrevimus,
1176 2082 1247 2138 dum
1264 2080 1448 2154 spiritushos
1460 2080 1537 2153 regit
1552 2085 1643 2150 artus,
1658 2086 1788 2159 Prophe·

963 2175 1061 2228 tarum
1075 2170 1272 2242 explanationi
1282 2170 1463 2237 incumbere,
1475 2172 1504 2225 ot
1517 2169 1660 2227 omissum
1669 2175 1785 2243 jamdiu

963 2261 1180 2335 opus,quodam
1201 2258 1381 2332 postliminio
1400 2262 1786 2332 repeterctpraesertimoum

149 2006 172 2062 Ut
182 2014 250 2062 taem
263 2005 415 2063 clamavit
427 2004 563 2079 nequitia,

173 2083 193 2133 ot
204 2079 295 2151 linquo
310 2087 359 2135 tua
373 2076 556 2134 concinnabat
569 2074 656 2131 dolos.
735 2143 742 2155 ·

148 2148 220 2206 Sedeas
229 2151 360 2207 Musteus
373 2151 489 2216 fratrem
503 2156 582 2203 tuum
597 2144 766 2219 loquebaris.

172 2221 323 2349 wmarus
332 2221 423 2292 mium
432 2215 908 2290 mutristaaeponetussooadalum:

149 2295 314 2433 titatium:
326 2298 518 2436 'crimem
531 2376 579 2418 ero
593 2361 635 2417 tui
649 2360 751 2415 similit
763 2384 770 2415 ι
962 2365 991 2408 et
1004 2348 1367 2423 admirabiliseanctoaque
1377 2352 1421 2407 vir
1432 2353 1786 2411 Pammachiusbocidem

173 2451 274 2507 uquam
289 2440 325 2507 θ’
340 2439 367 2492 0²
381 2439 504 2492 mitam
517 2440 612 2489 mm
625 2433 724 2503 imm
737 2430 836 2486 ΜΨ
961 2438 1284 2511 litterisiiagitst,etnos
1294 2439 1787 2512 adpetriamtestinantesmortiie·

121 2527 246 2595 Quonim
265 2531 413 2591 audientis
436 2529 480 2589 vel
504 2528 628 2604 legentis
654 2527 768 2585 utilitas
783 2532 837 2599 est,
853 2543 907 2585 nos
961 2528 1784 2589 rosSirenarumoantussurdadsbeemusauretransire.

135 2690 152 2771 ι’
162 2688 281 2774 Drinum
301 2691 484 2776 intelligitus
495 2689 590 2748 socios
600 2689 675 2762 ejus,
685 2687 738 2815 qui
748 2678 906 2745 adonium·
959 2688 1088 2764 positum
1103 2689 1223 2743 arcuato
1236 2687 1458 2772 scorpiimorsu
1473 2689 1588 2773 ledere.
1689 2761 1695 2774 .

118 2762 337 2836 niandiercnymr
347 2779 418 2820 cons
441 2762 564 2820 trabant.
572 2762 602 2817 ld
615 2776 694 2816 meua
707 2764 803 2816 setam
813 2776 906 2833 appa·
994 2764 1006 2797 ¹
1020 2761 1095 2816 Bene
1111 2762 1210 2814 monet
1224 2757 1440 2816 bioltamenus.
1452 2761 1559 2819 Hieron
1580 2778 1661 2819 mum
1675 2762 1784 2836 lingue

118 2833 250 2892 reteiibro
264 2836 394 2892 secundo
430 2835 547 2907 poloniae
567 2834 595 2890 S.
615 2832 749 2889 Doctoris
765 2831 906 2889 adversus
960 2848 1020 2891 sue
1043 2829 1189 2887 homines.
1206 2829 1326 2886 Latinos
1349 2847 1462 2900 vocare,
1480 2850 1538 2891 non
1561 2780 1724 2899 hermeus,
1751 2837 1784 2890 ut

118 2900 239 2984 Dabrum,
250 2907 301 2964 ubi
323 2907 383 2963 baec
397 2907 434 2963 ab
448 2921 482 2962 eo
497 2905 606 2977 scripta
629 2904 784 2977 leguntur:
799 2925 815 2986 a
831 2905 905 2987 Urgo
961 2905 1035 2961 falso
1048 2901 1140 2984 aliqui
1156 2904 1270 2984 putent.
1287 2902 1379 2957 Mean.

116 2972 383 3051 illequiepistolam
408 2977 599 3035 subnomine
623 2991 688 3032 meo
729 2978 905 3047 poenitentis
996 2974 1158 3030 -Letanis
1181 2971 1302 3041 scilicet,
1325 2989 1400 3045 quos
1422 2974 1536 3099 passim
1560 2976 1616 3033 boo
1640 2976 1784 3033 vocabulo

114 3044 221 3116 florent,
234 3050 312 3122 qnod
333 3047 409 3106 male
429 3049 550 3105 Hebraea
563 3047 715 3104 volumina
732 3047 905 3103 transtulis·
961 3045 1128 3118 compellat,
1144 3048 1173 3100 st
1187 3059 1273 3101 asmo
1286 3060 1345 3100 non
1360 3046 1420 3102 inte

115 3131 172 3186 um,
183 3121 300 3249 obgieero
315 3121 423 3178 dicitur
437 3136 483 3177 me
494 3120 524 3176 in
542 3119 732 3191 Septuaginta
746 3119 941 3200 eodemne-fl
995 3115 1145 3172 ³Pa1etin.
1161 3131 1217 3171 ms.
1233 3115 1280 3172 bic
1296 3116 1445 3175 interserit
1456 3119 1518 3175 atla.

113 3189 199 3247 bouem
230 3194 378 3266 criptures
403 3198 521 3249 sanctas
544 3191 859 3274 interpretatum.«ltt
874 3190 904 3245 in
994 3190 1006 3225 ⁸
1036 3189 1144 3245 Locum
1165 3186 1244 3244 buno
1266 3203 1454 3259 nequaquam
1476 3187 1783 3247 assecutuslialesius

113 3259 157 3316 doe
176 3264 299 3334 ejusdem
328 3264 415 3321 libri:
446 3266 500 3319 Pro
523 3279 577 3330 me,
620 3262 908 3334 inquit,respcndcre
962 3260 1003 3317 ita
1017 3259 1122 3331 corrigi
1137 3258 1201 3315 vuit
1221 3258 1345 3330 epistole
1369 3261 1404 3316 ad
1420 3260 1570 3318 Ueserium
1593 3262 1629 3318 de
1645 3261 1722 3317 Lxx
1737 3260 1784 3316 in·

111 3336 238 3403 mouisse
262 3353 335 3407 sum,
361 3344 521 3408 emmeant
544 3336 599 3390 trio
613 3333 861 3403 amiciuoiunrina,
881 3337 908 3390 et
961 3331 1150 3404 terpretibus,
1175 3331 1271 3401 tegunt
1292 3347 1342 3387 aec
1364 3331 1526 3405 negligunt.
1550 3335 1678 3388 atvero
1707 3330 1785 3388 alius

111 3403 138 3457 tt
158 3410 298 3478 mertem
319 3408 471 3463 caminam
497 3407 557 3478 ejus
572 3409 733 3463 tetamento
748 3420 905 3477 suspensus.
960 3403 1128 3475 Hieronymi
1141 3417 1247 3458 sensus
1270 3407 1325 3470 est,
1350 3404 1446 3475 quiid
1469 3405 1526 3461 sibi
1541 3421 1632 3460 unum
1657 3403 1730 3470 vult,
1753 3407 1786 3459 ut

112 3471 185 3533 fleas.
961 3490 1011 3531 sos
1026 3474 1116 3558 dicat,
1132 3490 1196 3545 ques
1217 3472 1273 3530 sub
1296 3476 1444 3532 asteriscis
1460 3477 1559 3533 addite
1580 3479 1658 3542 eunt,
1686 3476 1785 3544 locere,

136 3548 387 3623 -Perspioumest
397 3548 537 3605 Batinum
548 3549 671 3622 ejusque
682 3545 812 3604 asseclas
823 3544 906 3600 κατὰ·
962 3544 1218 3620 queobehseunt
1241 3550 1411 3616 praenotata,
1434 3549 1583 3618 necligere.
1613 3544 1703 3602 Paulo
1739 3549 1787 3602 ost

112 3612 239 3697 'catepano
250 3622 292 3680 ita
306 3619 459 3696 appellari,
473 3620 583 3695 quibus
598 3618 706 3677 etalibi
718 3619 771 3686 eit,
783 3619 812 3674 ln
824 3631 906 3675 more
961 3617 1065 3674 vitiose
1079 3620 1143 3673 erat
1159 3632 1248 3689 penes
1263 3617 1409 3676 Martiam.
1427 3619 1549 3675 Danielis
1564 3635 1615 3690 pro
1632 3563 1785 3674 Danielem.

1433 3046 1508 3130 tigit.

1363 3748 1786 3764 w

736 3826 852 3885 'TITULI
878 3825 973 3884 LIBRI
1011 3824 1132 3882 JOSUD.

116 4072 323 4139 tloatmortem
339 4077 425 4151 Moci,
446 4078 537 4135 iosue
551 4078 693 4136 Dominus
720 4076 862 4150 loquitar,
875 4079 906 4133 ot
991 4071 1788 4149 supervenientesequsinstarmontiumintumescente

141 4165 833 4242 bodator,ntsurgens,iordanstramsmiseo,ad
851 4169 905 4221 ter·
1000 4160 1551 4229 inunaoonsistebantmols,interiorcs
1562 4160 1787 4219 veredesiocats

142 4255 909 4332 nmquampromiseratpergeretobtinendam.'l'ecum
999 4258 1069 4311 sunt
1086 4270 1093 4321 ς
1114 4269 1202 4325 super
1215 4251 1324 4308 siccam
1340 4250 1566 4307 bumumomnis
1578 4249 1703 4323 populus
1718 4267 1786 4323 per-

143 4358 187 4417 tro,
206 4348 253 4420 ait,
275 4348 441 4405 confortare
464 4349 567 4403 otesto
591 4347 742 4402 robustus.
767 4344 908 4400 volumen
997 4340 1143 4397 transivit.
1155 4339 1202 4394 itis
1217 4338 1368 4395 duodenos
1382 4354 1433 4408 pro
1448 4337 1615 4395 testimonio
1626 4336 1740 4410 lapides
1751 4338 1787 4398 de

141 4429 196 4507 legit
214 4438 248 4495 de
272 4436 425 4494 cordetuo
449 4452 506 4491 non
532 4435 660 4503 recedet,
676 4438 704 4490 et
719 4437 833 4490 cetera.
851 4432 906 4489 Ubi
997 4431 1062 4502 ejus
1077 4429 1170 4485 medio
1186 4430 1388 4500 apportarunt.

141 4518 208 4583 itane
219 4524 354 4599 precepit
368 4523 476 4598 populo
491 4523 705 4592 incrastinum,
718 4526 762 4592 nt,
784 4519 903 4578 cibariis
917 4505 941 4571 D
956 4522 1005 4581 lll.
1021 4523 1272 4579 castrametantur
1284 4519 1313 4573 in
1329 4516 1458 4591 Galgalis
1471 4534 1477 4572 :
1490 4516 1634 4575 Dominus
1648 4517 1784 4577 adJosue

141 4614 297 4687 repnte,
311 4614 470 4672 lordanem
479 4618 631 4686 pergerent
645 4611 808 4669 transituri.
824 4616 903 4669 Duos
993 4611 1065 4668 dicit
1075 4617 1108 4666 nt
1120 4609 1250 4682 lapideos
1259 4605 1510 4677 laciatoultros,et
1521 4610 1784 4666 caussmseoundae

139 4700 302 4761 medicos
322 4702 402 4761 viros
415 4701 611 4774 exploratores
622 4702 657 4757 ad
672 4699 788 4758 Jericbo
804 4699 903 4772 dirigit

141 4787 508 4867 commanducatae
525 4790 625 4847 itabab
635 4790 901 4862 domumingressi,

137 4882 203 4952 thas
214 4899 232 4940 a
244 4896 314 4955 rege
329 4879 446 4952 quesiti
461 4879 628 4937 absconditi
658 4882 739 4947 sunt,
755 4884 900 4951 pactoque

137 4962 189 5025 inito
198 4986 248 5043 per
260 4984 379 5027 murum
395 4968 517 5026 demissi
532 4972 673 5025 montane
689 4968 899 5036 conscendunt,

136 5054 248 5117 dissue
260 5056 396 5126 veniunt,
420 5060 450 5114 et
473 5074 536 5128 quae
551 5055 607 5114 sibi
619 5055 803 5130 contigerant
827 5072 898 5129 pen·

136 5142 200 5205 dant

113 5226 334 5306 l-totseuaris,
344 5234 521 5292 Josuerenit
533 5234 568 5291 ed
576 5234 746 5306 Jordenem,
756 5234 897 5308 populum

77 5374 79 5381 .
134 5322 586 5392 iddnossnctidcatDominus,et
605 5323 794 5381 Joeuedicit:
808 5323 899 5381 ilodie

77 5446 79 5477 ,
132 5412 896 5489 atneiptamexaltaracoramtiliislsrast,dic1.evuts‚

77 5502 79 5581 ξ
129 5514 182 5560 tum
202 5502 325 5576 ingressi
341 5501 450 5560 tuerint
474 5518 564 5575 eques
587 5504 734 5571 iordanis,
754 5506 786 5558 ut
800 5508 895 5559 stent:

77 5586 79 5671 J
129 5592 265 5651 adelade
277 5590 525 5651 descendentibus
535 5591 777 5649 sacerdotibusin
788 5607 896 5663 aquam

992 4698 1226 4758 circumcisionis
1250 4697 1389 4754 ostendit.
1414 4697 1455 4754 lbi
1480 4696 1591 4754 Pascha
1614 4697 1782 4757 celebrant:

991 4790 1784 4865 comederuntdelrugibusjterraepromissionisaayma

990 4899 1076 4949 nova,
1088 4886 1117 4937 et
1128 4897 1184 4937 non
1196 4877 1324 4936 estultra
1334 4878 1377 4935 eis
1388 4878 1489 4935 datum
1498 4896 1617 4936 manna.
1629 4879 1672 4937 lbi
1681 4881 1696 4937 J
1700 4897 1781 4946 osus,

990 4970 1109 5029 elevatis
1120 4969 1223 5035 oculis,
1231 4968 1344 5025 militias
1355 4969 1481 5026 coelestis
1492 4971 1782 5043 gladiumtenontem

961 5067 967 5101 ³
989 5058 1152 5134 principem
1168 5058 1271 5130 cernit,
1282 5060 1311 5114 et
1334 5058 1436 5115 eadit:
1452 5058 1535 5116 Solve
1552 5060 1781 5117 calceamentem

990 5147 1025 5203 de
1041 5147 1165 5220 pedibus
1188 5146 1260 5213 tuis,
1276 5150 1305 5203 et
1320 5151 1433 5203 cetera.
1459 5148 1494 5204 et
1518 5150 1644 5206 iterum:
1660 5147 1780 5203 Tradidi

986 5235 1104 5293 Jericbo
1120 5239 1149 5292 et
1167 5250 1266 5308 regem
1294 5235 1358 5309 ejus
1374 5237 1403 5292 in
1428 5254 1518 5295 manu
1535 5243 1585 5296 taa
1601 5256 1611 5295 :
1625 5237 1664 5294 sit
1682 5234 1781 5293 omnis

988 5325 1165 5383 anathema.
1179 5326 1221 5382 sio
1231 5324 1308 5382 etsic
1320 5325 1496 5393 clamabitis,
1510 5332 1539 5384 et
1549 5326 1722 5399 supradictas
1733 5341 1780 5382 se-

987 5415 1089 5488 quitur
1104 5415 1241 5472 interitus
1257 5414 1395 5471 civitatis.
1413 5416 1515 5473 Rebab
1529 5417 1665 5473 educitur
1678 5431 1780 5471 acser-

987 5509 1081 5561 vatur.
1097 5503 1161 5560 Filii
1173 5503 1260 5561 lsrael
1281 5504 1546 5576 pracs‘ariootisunt,
1558 5506 1587 5561 id
1603 5509 1658 5575 est,
1678 5503 1779 5562 Achae

986 5592 1203 5650 tiliustarmi.
1214 5594 1256 5651 Ad
1278 5594 1330 5650 Dei
1342 5592 1620 5665 exercitumdirigtt‚
1635 5594 1686 5669 qui
1697 5598 1782 5671 terga
