3870 6120
47 170 108 227 997
622 174 730 239 ussa
747 170 963 235 sudomirus
980 172 1190 239 PRssPHB'l'AE·
1545 180 1549 187 '
1708 181 1763 240 998

48 300 87 357 Et
104 300 231 370 quatuor
244 294 335 354 laeies
350 296 417 366 uni,
438 367 444 380 Ι
896 309 923 377 Α
938 302 1071 372 Cumque
1086 302 1208 371 starent,

90 380 119 428 et
134 372 262 443 quatuor
276 384 379 442 penna
394 385 457 425 um.
974 370 1208 429 demittebantur
1223 388 1324 445 penas
1338 391 1450 432 eorum.

48 444 88 501 Bt
105 443 194 515 pedes
209 456 313 523 eorum
328 441 418 513 pedes
435 439 517 509 recti,
543 511 549 523 ι
934 442 1007 499 Nam
1022 459 1090 498 oum
1104 443 1187 499 fieret
1199 460 1253 501 vox
1267 462 1357 519 sopra
1373 449 1685 523 firmamentum,qood
1696 454 1761 508 erut

89 522 120 572 st
132 511 235 596 planta
248 513 332 586 pedrs
348 529 449 597 eorum
465 528 550 584 quasi
570 511 672 595 planta
686 514 768 586 pedis
782 516 879 588 vituli,
1007 530 1097 585 super
1112 520 1199 587 eaput
1213 532 1326 582 eorum,

89 591 120 644 st
134 583 269 643 sorubllar
284 600 370 656 quast
385 590 521 657 aspertus
535 601 601 641 arra
616 588 780 649 candentis.
971 586 1101 652 stabant,
1117 592 1145 645 et
1157 588 1373 647 submittebant
1387 589 1449 648 alna
1463 608 1546 649 suas.

51 662 88 715 Et
104 654 366 783 mannsbhominis
393 659 450 713 sub
470 656 555 730 penis
571 672 673 714 eorum
698 660 728 714 in
753 665 882 734 quatuor
937 658 973 714 Et
987 673 1077 729 super
1092 657 1405 732 firmamentum,quod
1421 667 1485 721 orat
1499 664 1660 721 imminens
1672 663 1762 737 ospiti

91 733 268 858 etllgitdsuest
279 768 596 870 pennasperquatuer
611 804 709 882 partos
721 801 880 861 habebant.
973 745 1208 884 qoeatllllrtgpeetus
1218 801 1246 857 la
1268 801 1368 860 idissa
1391 803 1467 877 pbiri
1478 805 1761 864 similitudotbronir

52 874 69 932 J
73 877 230 941 unctoque
241 877 326 926 erant
338 885 440 942 pennas
452 886 553 953 eorum
566 870 687 937 alterius
696 874 733 935 ad
744 873 880 933 alterum.
974 877 1003 928 et
1017 887 1108 954 super
1121 818 1345 931 stmlltluginem
1361 820 1469 943 thoni,

54 946 122 1002 Non
137 943 360 999 revertebantur
374 957 443 998 oum
458 943 627 1003 incederent
642 957 651 1000 t
974 942 1139 1006 similitudo
1154 945 1240 1016 quasi
1255 949 1393 1018 aspertus
1407 947 1537 1006 bominis
1551 950 1689 1021 desuper.

92 1016 145 1072 sed
155 1014 463 1086 unumquodquesnte
474 1013 670 1079 laeiemsuam
681 1016 881 1087 gradiebatur.
940 1013 1048 1073 arvini
1063 1014 1148 1086 quasi
1163 1015 1291 1087 speeiem
1306 1017 1418 1075 eleetri.

52 1085 338 1167 Similitudoautem
353 1085 452 1167 voltus
467 1100 568 1147 eorum
584 1103 592 1145 ε
974 1086 1054 1143 velut
1067 1092 1221 1158 aspertum
1237 1087 1581 1164 ignis,intrinseousejus
1597 1109 1648 1164 psr
1658 1090 1761 1149 circui·

54 1160 146 1217 troies
161 1158 302 1229 hominis,
318 1160 347 1213 st
362 1156 451 1212 leores
465 1156 559 1214 leonis
583 1176 601 1216 a
626 1159 735 1221 dextris
751 1159 883 1233 ipsorum
1011 1163 1076 1214 tum
1092 1174 1100 1212 z

129 1235 279 1313 qustum
373 1296 379 1309 Ι
475 1300 480 1311 ¹
941 1227 1091 1289 blumbis
1105 1227 1171 1300 ejus
1185 1232 1214 1286 et
1228 1231 1365 1305 desuper,

94 1302 186 1357 leores
201 1304 300 1355 autam
315 1297 409 1367 boris,
425 1314 442 1354 a
457 1300 731 1375 sinistrisipsorum
746 1307 885 1375 quatuor,
976 1306 1006 1356 et
1019 1318 1036 1357 a
1051 1299 1161 1357 lumbis
1173 1301 1239 1373 ojus
1254 1319 1348 1376 usqne
1362 1304 1512 1373 deorsum,

94 1371 228 1430 ettoniae
243 1369 349 1443 aquila
364 1369 417 1443 (At.
432 1369 496 1427 add.
513 1372 648 1447 desuper)
664 1372 798 1448 ipsorum
815 1392 886 1448 qua·
940 1372 1008 1428 Vidi
1025 1371 1110 1444 quasi
1126 1375 1255 1445 speeiem
1271 1374 1348 1447 ignis
1364 1376 1549 1448 splendentis
1564 1379 1594 1433 in
1610 1375 1737 1433 oirnoitu
1753 1394 1761 1434 r

131 1448 210 1527 tuor·
977 1444 1055 1500 velot
1069 1451 1220 1514 aspertum
1235 1463 1321 1503 areos
1336 1464 1403 1504 oum
1420 1448 1507 1505 luerit
1522 1449 1553 1504 in
1579 1450 1658 1506 nube
1671 1449 1701 1505 in
1716 1448 1764 1504 die

57 1517 95 1575 Iit
109 1516 202 1573 leores
214 1515 359 1579 serumst
373 1529 475 1584 penna
491 1529 593 1572 aarum
609 1521 732 1576 extenta
743 1519 886 1593 desuper:
1014 1515 1131 1586 pluvia.

94 1589 161 1645 duee
176 1601 279 1659 penore
294 1582 477 1653 singulorum
491 1586 702 1661 iungebantur,
943 1589 996 1645 Hie
1009 1590 1073 1643 arat
1087 1590 1223 1657 aspertus
1238 1587 1405 1660 splendoris
1419 1606 1504 1663 perg
1524 1607 1602 1647 rum.

95 1665 125 1717 et
139 1659 206 1714 dues
220 1656 358 1733 tegebant
372 1672 495 1729 eorpora
510 1675 614 1743 eorum
630 1676 638 1716 ι
902 1656 1018 1733 B(Cup.
1034 1657 1082 1739 ΙΙ.)
1097 1659 1249 1717 serviero
1265 1660 1470 1719 similitudinis
1485 1607 1727 1734 gloriabamini,

95 1737 125 1790 et
139 1726 317 1801 unumquod
341 1743 376 1784 ue
390 1728 573 1805 eoramlaere
583 1747 637 1791 soa
653 1732 824 1791 ambulabat
831 1733 886 1804 (At.
975 1736 1004 1787 et
1019 1729 1089 1796 vidi,
1103 1735 1133 1786 et
1147 1731 1238 1787 recidi
1253 1731 1284 1788 in
1299 1732 1403 1789 faeiem
1420 1749 1528 1802 meam,

109 1743 362 1887 ‘gradiebaturffi
420 1870 427 1884 .
502 1871 508 1886 Ι
974 1800 1232 1884 standivivoeem
1247 1802 1407 1876 loquentis.

60 1875 116 1933 Ubr
132 1878 198 1932 erat
212 1876 341 1944 impetus
355 1872 488 1944 spintus,
501 1871 576 1929 illud
588 1874 810 1947 gradiebantur,
938 1879 976 1932 nt
990 1874 1064 1928 dixit
1079 1871 1115 1927 ad
1132 1889 1178 1929 mo
1195 1889 1203 1929 ε

96 1961 153 2002 neo
167 1943 391 2001 revertebantur
405 1959 473 1998 eom
486 1944 683 2002 ambularent.
938 1945 994 2003 Fili
1009 1943 1149 2014 hominis,

61 2019 97 2076 br
110 2015 278 2075 similitudo
304 2014 490 2098 animalium,
513 2023 652 2100 aspectus
675 2034 778 2077 eorum
802 2017 887 2089 quasi
976 2022 1023 2074 eta
1035 2030 1125 2087 super
1139 2016 1228 2087 pedes
1242 2020 1322 2086 tuos,
1337 2021 1366 2075 et
1379 2016 1486 2090 loquar
1503 2021 1601 2077 tonum
1616 2020 1671 2092 [st.
1687 2019 1762 2092 tibi].

134 2086 299 2146 carbonum
313 2101 391 2158 ignis
407 2086 586 2155 ardentium,
940 2093 974 2144 itt
988 2090 1138 2159 ingressus
1153 2092 1199 2145 est
1212 2088 1242 2145 iu
1259 2104 1307 2145 me
1331 2089 1455 2161 spiritus
1478 2095 1633 2162 postquam
1648 2091 1766 2148 loeutus

99 2164 129 2217 et
142 2160 229 2232 qnasi
245 2162 382 2229 aspectus
398 2156 615 2230 lampadarum.
976 2165 1022 2216 est
1036 2158 1119 2226 mihi,

63 2234 128 2289 llaee
144 2240 207 2288 erat
219 2229 293 2285 visio
307 2228 478 2312 discurrens
493 2230 523 2287 in
540 2232 635 2289 medio
651 2231 839 2303 animalium,
976 2238 1006 2288 et
1021 2230 1126 2286 statuit
1139 2245 1186 2285 me
1200 2245 1290 2302 supra
1304 2231 1393 2303 pedes
1410 2248 1490 2290 meos
1507 2249 1515 2289 z

98 2304 242 2374 splendor
254 2301 331 2373 igme
346 2317 354 2369 ;
976 2308 1005 2359 et
1020 2302 1117 2357 audivi
1133 2300 1303 2372 loquentem
1318 2303 1353 2358 ed
1371 2319 1429 2374 me,
1444 2308 1474 2360 et
1487 2304 1635 2363 dicentem
1651 2321 1660 2363 ε

98 2379 128 2431 et
143 2377 181 2431 de
195 2375 204 2429 i
228 2389 263 2429 ne
278 2371 377 2444 fulgur
390 2372 554 2444 egrediens.
944 2375 996 2432 lili
1013 2372 1152 2441 bominis,

62 2391 255 2529 Rtanimalia
266 2442 348 2526 ibant
362 2447 390 2499 et
405 2445 635 2526 revertebantur,
979 2445 1063 2501 mitto
1079 2460 1131 2517 ego
1147 2449 1175 2499 te
1190 2444 1226 2499 ad
1243 2444 1320 2501 filios
1336 2445 1477 2512 lsrael‚ad
1491 2450 1596 2520 gentes
1611 2447 1767 2521 apostatri-

100 2535 130 2574 rn
145 2516 373 2574 similitudmem
388 2514 514 2584 fulguris
529 2517 720 2575 coruscantis.
1013 2532 1071 2584 oss,
1087 2532 1150 2588 quse
1166 2522 1351 2572 recesserunt
1364 2534 1381 2572 a
1396 2534 1443 2574 me
1459 2534 1466 2573 :

63 2591 201 2662 Cumque
214 2587 376 2673 aspieerem
391 2587 541 2656 animalia,
643 2661 649 2674 ι
780 2660 787 2672 ·
852 2659 858 2672 Ι
978 2587 1035 2661 ipsi
1055 2591 1084 2644 st
1108 2591 1204 2659 patres
1224 2603 1326 2670 eorum
1352 2589 1532 2660 prevaricati
1553 2597 1624 2649 sont
1648 2594 1767 2662 paetum

100 2663 723 2804 tttztttlttttltlttttttttltl
739 2658 905 2728 “llll’‘
944 2731 979 2787 a
994 2659 1544 2797 tutudit,llltttltltsn0
1558 2733 1677 2802 ‚usti
1692 2748 1767 2806 qus

65 2807 103 2862 Et
118 2809 258 2885 aspectus
273 2806 415 2884 rotarum,
430 2809 457 2858 et
472 2819 546 2874 opus
560 2819 675 2873 earum,
1014 2816 1068 2927 edgo
1082 2801 1167 2856 mitto
1184 2805 1211 2855 to
1229 2817 1235 2855 :

102 2876 406 2947 quasivrsromarrs:
980 2877 1010 2929 et
1045 2873 1244 2928 icesodeos:

63 2949 103 3005 Et
118 2963 180 3004 una
194 2943 359 3002 similitudo
375 2945 506 3017 ipsarum
522 2951 650 3018 quatuor
666 2963 673 3004 :
945 2947 1009 3000 ltaee
1024 2944 1096 3001 dieit
1110 2942 1254 2998 Dominus
1268 2947 1355 2999 Deus.

102 3023 133 3075 et
148 3021 285 3090 aspectus
301 3031 402 3072 aarum
418 3020 448 3073 et
462 3033 560 3089 opsra,
906 3016 929 3084 G
948 3017 978 3074 Si
995 3016 1068 3073 lorte
1082 3013 1126 3071 vel
1143 3015 1199 3086 ipsi
1214 3015 1345 3084 audiant,
1359 3019 1389 3071 st
1403 3014 1428 3070 si
1444 3015 1518 3073 lorte
1532 3015 1696 3088 quieseant,

103 3092 191 3161 quasi
207 3088 247 3146 sit
260 3091 324 3144 rota
338 3087 369 3143 in
384 3088 481 3144 medio
494 3095 575 3145 rota.
983 3086 1122 3158 quoniam
1138 3087 1245 3143 domos
1259 3102 1435 3159 exasperans
1449 3091 1495 3143 est
1510 3103 1518 3144 :

64 3166 125 3219 Per
137 3164 266 3234 quatuor
281 3163 377 3232 partes
390 3176 490 3215 aarum
506 3163 610 3216 euntes
625 3160 719 3227 ibant,
982 3163 1011 3215 et
1025 3157 1119 3216 scient
1133 3157 1356 3240 quiapropbsta
1371 3157 1459 3215 luerit
1473 3158 1503 3214 in
1519 3159 1616 3217 medio
1630 3174 1744 3217 sorum.

102 3238 133 3289 et
151 3248 210 3288 non
225 3232 447 3288 revertebantur
461 3248 528 3288 oum
544 3231 741 3289 ambularent.
947 3232 991 3286 Tu
1007 3246 1086 3302 ergo,
1104 3229 1145 3284 lili
1160 3229 1300 3297 hominis,
1317 3230 1472 3285 netimeas
1488 3247 1549 3301 eos,

62 3308 188 3362 Statura
204 3319 320 3374 quoque
335 3307 397 3358 erat
411 3306 495 3361 rotis.
983 3317 1077 3383 neque
1093 3316 1242 3358 sermones
1256 3317 1358 3357 eorum
1375 3306 1489 3357 metuas
1506 3318 1513 3358 τ

101 3380 132 3433 et
148 3374 289 3442 altitudo,
304 3379 333 3430 et
347 3373 496 3431 horribilis
510 3379 647 3446 aspertus
948 3376 1093 3441 Quoniam
1107 3371 1251 3428 increduli
1266 3377 1296 3429 et
1308 3375 1498 3430 subversores
1513 3378 1584 3430 sunt
1598 3376 1709 3444 terum,

102 3453 132 3507 et
147 3450 243 3505 totum
258 3462 365 3518 eorpus
378 3445 499 3518 plenum
514 3446 607 3503 oeulis
627 3447 658 3502 in
674 3444 798 3504 eireuitu
812 3443 895 3517 ipsa·
983 3449 1012 3501 st
1026 3460 1094 3501 eum
1109 3444 1314 3526 scorpionibus
1330 3444 1456 3502 habitas.

65 3534 211 3650 Cumulo}l
219 3519 404 3645 §migrat
418 3588 573 3674 animalia·
947 3518 1458 3671 veertbgrlllrrrgnlollronrllnrlgaltirmides,

103 3679 153 3720 am
178 3662 300 3718 ulabant
314 3665 423 3733 pariter
437 3665 466 3717 et
481 3665 550 3717 rota
561 3665 647 3732 Juxta
661 3677 696 3719 ea
712 3675 719 3717 ε
985 3676 1053 3732 quia
1068 3660 1173 3717 domus
1185 3674 1362 3731 exasperans
1374 3664 1431 3715 est.

66 3739 102 3791 Bt
116 3751 188 3793 eum
205 3733 389 3789 elevarentur
408 3731 548 3789 animalia
561 3733 598 3789 de
613 3730 896 3801 terra,elevabautur
949 3731 1091 3804 Loqueris
1106 3746 1175 3802 ergo
1189 3731 1277 3786 verba
1292 3747 1357 3787 mea
1371 3731 1408 3787 ad
1423 3746 1484 3797 eos,
1500 3729 1524 3786 si
1550 3730 1625 3786 torte
1638 3727 1770 3797 audiant,

142 3804 233 3861 simul
248 3808 278 3862 et
291 3808 370 3860 roto.
1019 3807 1048 3858 ot
1062 3801 1233 3874 quieseant;

67 3879 252 3948 Quorunqos
275 3875 336 3933 ibat
350 3874 482 3948 spiritus,
985 3875 1125 3947 quoniam
1140 3873 1299 3928 irritatores
1312 3874 1392 3928 sunt.

102 3950 176 4007 illue
192 3951 279 4074 euntte
294 3946 412 4020 spiritu,
435 3950 464 4004 et
487 3949 556 4006 rota
578 3946 688 4021 pariter
710 3946 894 4014 levabantur,
949 3946 994 4003 To
1010 3950 1118 4072 suffero,
1143 3943 1186 4000 fili
1209 3942 1349 4010 bominis,
1375 3941 1445 3999 audi
1468 3955 1650 4014 quoeunque
1668 3939 1772 4012 loquor

141 4036 174 4077 ss
199 4034 396 4076 ueneseurn.
1020 4035 1038 4074 a
1085 4032 1111 4082 a,

67 4036 202 4166 Spiritnqs
217 4091 296 4149 enim
311 4093 375 4146 vita
986 4093 1016 4144 et
1031 4088 1090 4144 noli
1106 4101 1172 4143 esse
1185 4101 1375 4159 exasperans,
1390 4084 1468 4143 sieut
1490 4085 1598 4142 domus
1616 4099 1773 4155 exaspera·

101 4168 168 4222 erat
181 4163 213 4220 in
228 4163 312 4220 rotis.
1021 4159 1080 4216 trix
1093 4163 1158 4227 est;

65 4238 142 4294 Cum
160 4234 300 4291 euntibus
314 4233 408 4301 ibant,
424 4236 454 4288 et
468 4248 536 4291 enm
552 4232 702 4291 stantibus
716 4234 859 4291 stabantt
950 4229 1039 4303 Aperi
1067 4246 1100 4286 oe
1128 4234 1213 4286 tuom
1241 4231 1271 4283 et
1296 4227 1416 4285 eomodo
1444 4243 1628 4300 quaesoque
1653 4240 1707 4299 ego
1734 4223 1772 4281 de

101 4313 131 4365 et
147 4302 352 4363 cameleontis
377 4321 395 4361 a
413 4308 501 4374 tarra,
527 4304 638 4378 pariter
663 4304 854 4364 elevabantur
867 4305 897 4360 et
986 4301 1050 4358 tibi.

141 4383 223 4446 rota,
240 4381 396 4450 sequentes
410 4391 465 4431 aa:
911 4375 984 4457 flltt
997 4373 1099 4435 vidiat
1112 4388 1178 4431 enee
1194 4388 1301 4429 manus
1315 4371 1408 4428 missa
1422 4370 1460 4428 od
1475 4368 1565 4440 me,in
1580 4372 1714 4443 quaerat
1725 4367 1772 4425 in·

102 4449 177 4524 quia
190 4447 314 4523 spiritus
327 4447 392 4505 vita
407 4450 469 4504 orat
480 4445 511 4503 in
526 4446 608 4504 rotis.
1019 4444 1137 4502 volutos
1152 4443 1227 4499 liber
1242 4460 1249 4498 :

63 4526 100 4579 Et
111 4520 280 4579 similitudo
295 4536 385 4592 super
410 4517 506 4591 capita
520 4519 575 4591 (At.
601 4519 701 4592 eaput)
716 4517 892 4577 animalium
981 4522 1010 4574 et
1025 4516 1166 4589 expandit
1179 4514 1265 4572 illum
1288 4530 1387 4572 eoram
1402 4529 1460 4584 me,
1485 4512 1537 4586 qui
1557 4515 1621 4571 erat
1643 4510 1774 4583 seriptus

140 4591 333 4658 firmamenti,
1018 4589 1099 4645 intus
1114 4593 1143 4645 et
1156 4586 1229 4644 loris
1242 4604 1249 4643 r

102 4663 193 4737 qnasi
208 4666 346 4734 aspertus
361 4660 492 4736 erpstalli
511 4660 674 4731 horribilis,
982 4665 1010 4717 et
1025 4660 1141 4732 scripta
1155 4661 1239 4716 erant
1253 4658 1284 4713 in
1299 4672 1333 4715 eo
1349 4655 1588 4727 lamentationes,
1600 4658 1629 4715 et
1643 4667 1773 4720 narnien,

102 4743 133 4795 et
148 4735 262 4793 extensi
276 4751 367 4807 super
381 4733 479 4807 eapite
491 4749 592 4791 eornm
607 4734 745 4808 desuper,
1018 4736 1048 4788 et
1058 4747 1112 4788 vra.

63 4809 129 4866 Sub
146 4807 335 4890 drmamento
348 4809 447 4862 antem
471 4821 574 4878 penno
597 4821 698 4862 eornm
723 4807 810 4863 reeta
825 4803 894 4863 alte·
946 4803 1026 4931 ἱςαρ.
1042 4802 1105 4886 ΙΙΙ.)
1119 4800 1154 4885 lit
1167 4800 1240 4859 dixit
1254 4801 1292 4859 ad
1309 4815 1379 4859 me:

139 4896 206 4936 rius
220 4879 258 4935 ad
274 4878 404 4935 alterum
420 4892 428 4933 ε
969 4875 1002 4933 ilr
1017 4874 1159 4945 bominis,

102 4948 342 5022 unumquodque
357 4948 473 5005 duabus
488 4946 544 5006 olis
558 4946 676 5007 velabat
689 4964 799 5021 eorpus
807 4960 896 5006 suurn
983 4946 1182 5019 quodeunque
1195 4942 1353 5009 inveneris,
1367 4941 1489 5001 eomede
1503 4957 1511 5001 ε

102 5029 134 5081 ot
149 5022 277 5079 alterum
293 5019 433 5078 similiter
446 5018 610 5077 velabatur.
948 5018 1073 5075 comede
1084 5016 1222 5073 volumen
1236 5015 1328 5073 istud.

63 5098 102 5152 Et
108 5094 268 5152 audiebam
285 5108 393 5151 sonum
404 5090 529 5161 alarum,
542 5090 628 5164 quasi
638 5105 897 5163 aenomaquarum
949 5094 978 5146 et
991 5090 1101 5146 vadens
1117 5090 1237 5161 loquere
1251 5087 1287 5144 ad
1303 5085 1381 5147 illios
1395 5083 1498 5144 lsrael.

143 5163 319 5233 multarum,
949 5164 984 5216 ot
997 5160 1099 5233 aperui
1112 5175 1145 5217 os
1161 5174 1271 5227 meum,

104 5238 194 5312 quasi
211 5252 319 5295 sonum
335 5232 474 5293 sublimis
488 5233 539 5293 Dei
556 5251 564 5293 :
985 5237 1016 5290 st
1030 5231 1138 5289 albarit
1152 5245 1199 5288 me
1213 5228 1362 5291 volumius
1376 5227 1430 5287 illo
1444 5241 1453 5283 r

64 5311 144 5369 Corn
160 5308 358 5375 ambularent.
374 5305 461 5381 quasi
479 5310 649 5365 sanuserat
663 5303 864 5365 multitudinis
950 5303 986 5360 st
999 5302 1076 5360 dixit
1090 5304 1126 5361 ad
1143 5317 1190 5359 me
1206 5317 1214 5359 r

105 5387 142 5439 ut
157 5397 251 5439 sonus
266 5382 442 5437 castrorum.
951 5374 1006 5432 Fili
1021 5373 1165 5446 bominis,

62 5595 260 5669 legentum&
274 5610 312 5650 es
327 5592 522 5650 medioeorum
536 5592 698 5649 similitudo
712 5593 901 5663 quatuoronr'·
953 5588 1088 5647 nbielem.
1104 5589 1200 5647 Codex
1214 5585 1400 5645 Gelbertinos
1415 5575 1624 5658 Anieisnsis‚et
1638 5571 1779 5643 antiquus

63 5666 372 5737 matiam.0uauuam
384 5663 599 5722 sinteontraria
610 5662 902 5737 interpretationibus
952 5659 1239 5720 San-Germanensis
1260 5672 1343 5714 num.
1359 5655 1385 5710 3.
1402 5666 1508 5726 puram
1532 5649 1662 5705 retinent
1680 5640 1781 5703 leetln·

66 5739 171 5801 saneti
185 5736 367 5813 Hieronymi,
381 5734 492 5795 videsis
510 5732 562 5795 lib.
590 5750 599 5793 r
621 5734 821 5803 commentia
837 5735 905 5801 tire-
954 5748 1034 5802 nera,
1048 5733 1099 5792 sed
1113 5748 1150 5791 ex
1160 5729 1293 5791 seeundo
1307 5742 1409 5787 mann.
1424 5722 1520 5783 ttaar.
