3870 6120
107 178 177 241 titt
620 183 649 238 Β.
670 183 873 243 nicaenum
891 184 1021 241 malua
1045 181 1295 241 ummoufluca.
1748 179 1813 239 1108

141 306 617 461 gzngfigzonlzglgnpn{Elsi'aiorem
633 324 731 365 mum
750 352 758 367 ⁹
945 313 973 383 A
1025 312 1289 436 butgitlrpnttpp.solos
1302 378 1332 434 in
1348 376 1436 449 saltn,
1447 378 1477 434 in
1493 378 1594 437 medio
1608 375 1761 436 Carmeli:

104 450 147 510 Nc
161 452 279 518 lateris,
296 450 414 505 mimica
430 466 505 517 mea,
520 466 611 523 super
625 468 683 520 me,
700 452 769 524 quin
784 451 875 509 cecidi
893 470 900 509 ε
990 451 1152 508 Pascentur
1167 455 1260 507 Busan
1276 455 1306 507 et
1320 449 1428 507 Galaad
1440 451 1528 522 juxta
1542 450 1609 507 dics
1621 450 1774 521 antiquos.

143 538 331 651 gonsprgnip,
346 537 412 577 cum
424 523 527 648 sedpro
542 524 572 578 in
588 524 731 596 tenebris,
990 524 1157 651 Βῡευὶιὲᾶιὲω
1174 522 1237 605 dies
1252 521 1430 648 egrcbsslionis
1443 528 1499 579 tua
1512 523 1548 580 de
1564 527 1647 579 terra
1661 519 1787 595 AEgypti,

108 608 624 736 lrnnnffiriiniussossiioffiuonnm
641 664 756 736 peceavi
781 665 819 736 ei,
842 666 936 723 donec
989 609 1309 736 vj‘iZbssnfffessiJss‘Jffl
1325 609 1543 722 eleriiundcntur
1559 679 1652 738 super
1664 663 1747 721 omni
1762 664 1817 721 ior·

179 735 293 808 judicet
331 752 451 792 causam
490 752 598 808 meam,
627 743 657 793 et
680 735 766 794 iaciat
786 737 935 810 judicium
1060 737 1187 792 titudine
1202 752 1279 793 sua:

182 822 282 864 meum
300 824 307 862 :
1025 814 1136 880 ponent
1150 824 1273 864 manum
1286 822 1377 879 super
1390 823 1435 873 os,

110 880 222 938 Educet
238 892 285 935 ma
301 880 329 934 in
346 878 455 945 lucem,
1025 895 1111 936 aures
1126 895 1228 935 eorum
1239 878 1335 936 surda
1350 883 1448 934 erunt.

148 950 251 1009 videbo
264 950 412 1021 justitiam
428 952 504 1023 ejus.
990 949 1114 1023 lingent
1128 949 1277 1022 pulverem
1293 949 1372 1007 sicut
1384 965 1515 1022 serpens,

110 1022 148 1079 Dt
161 1021 287 1094 aspiciet
300 1021 421 1077 inimica
432 1037 506 1091 men,
1026 1022 1103 1080 vetur
1119 1021 1234 1094 reptilia
1249 1027 1333 1079 terra
1361 1021 1617 1095 proturbabuntur
1644 1019 1682 1077 de
1709 1019 1817 1077 adibus

147 1099 207 1151 etc
230 1093 340 1149 erictur
354 1092 537 1161 contusione,
553 1109 617 1164 qun
633 1091 706 1150 dicit
720 1092 756 1149 ud
774 1108 821 1149 me
839 1110 846 1149 :
1063 1093 1125 1150 suis
1142 1111 1149 1148 :

182 1111 237 1247 ilii
252 1169 297 1247 pst
311 1164 454 1221 Dominus
469 1164 547 1221 Deus
560 1163 653 1220 tuns?
991 1165 1149 1222 Dominum
1166 1166 1257 1221 Deum
1273 1167 1407 1222 nostrum
1424 1163 1572 1238 pavebunt
1587 1166 1595 1200 ¹
1612 1162 1815 1236 (Vulpiormi

110 1235 193 1292 Oculi
206 1251 262 1292 mci
273 1236 416 1291 videbunt
430 1236 458 1292 in
473 1234 531 1308 (ΑΙ.
548 1234 674 1303 taretin)
689 1250 753 1290 eam
769 1249 777 1291 :
1063 1237 1199 1308 dabunt),

147 1323 227 1363 nune
238 1307 293 1363 erit
303 1308 333 1362 in
345 1306 596 1363 conculcationem
609 1311 641 1363 ut
652 1307 748 1362 lutum
761 1304 937 1379 platearum,
1027 1316 1053 1364 et
1067 1309 1213 1365 timebunt
1226 1312 1266 1364 te.

108 1377 188 1449 Dies,
200 1383 232 1436 ut
244 1378 425 1434 nidificentur
440 1378 573 1435 maceriae
588 1384 644 1434 tus
662 1395 668 1434 :
991 1377 1072 1448 Quis,
1090 1381 1176 1447 Deus,
1191 1378 1298 1435 similis
1313 1378 1367 1448 tui,
1383 1377 1432 1449 qui
1448 1376 1547 1433 aufers
1562 1376 1764 1448 iniquitatem,

148 1449 179 1505 in
195 1449 241 1506 dic
259 1449 310 1505 illu
325 1450 411 1521 longo
423 1450 473 1505 liet
487 1450 542 1506 lex.
1026 1456 1056 1506 et
1070 1451 1178 1507 transis
1190 1455 1341 1523 precatum
1353 1448 1546 1522 reliquiarum
1555 1448 1740 1505 hereditatis
1750 1447 1816 1503 tuat

112 1521 145 1577 ln
162 1521 208 1577 dic
222 1520 275 1576 illa
290 1525 318 1577 et
334 1522 479 1593 usquead
496 1528 524 1577 te
538 1521 634 1578 veniet
646 1520 682 1577 de
696 1522 830 1591 assonet
846 1535 938 1592 usquc
991 1521 1054 1581 Non
1071 1523 1209 1579 immittet
1222 1521 1299 1578 ultra
1313 1522 1440 1577 iurarem
1459 1536 1559 1587 sunm,

184 1593 220 1648 nd
233 1593 366 1650 civitates
379 1593 528 1661 mnnitas;
1026 1594 1164 1665 quoniam
1180 1594 1281 1650 volens
1295 1593 1362 1649 misr
1371 1591 1528 1649 ricordiam
1542 1596 1598 1648 cst.

150 1672 177 1721 st
189 1681 206 1719 a
218 1664 385 1720 civitatibus
401 1664 524 1720 munitis
541 1679 634 1735 usque
658 1663 693 1719 ad
711 1663 833 1731 llumen,
858 1665 887 1718 et
900 1661 935 1719 ad
952 1692 976 1756 B
991 1665 1173 1732 Revertetur,
1188 1664 1416 1722 etmiserebitur
1430 1665 1521 1721 nostri
1539 1680 1546 1717 :

185 1753 265 1792 mure
279 1737 315 1792 ds
331 1736 415 1805 mari,
431 1740 460 1792 et
475 1736 511 1792 ad
527 1741 657 1791 montem
672 1734 709 1790 de
721 1739 827 1791 monte.
1026 1737 1152 1810 deponet
1168 1737 1341 1808 iniquitates
1356 1741 1473 1792 nostras
1487 1739 1516 1790 ct
1535 1733 1677 1808 projiciet
1709 1733 1740 1789 in
1755 1749 1815 1807 pro·

115 1804 149 1866 Et
163 1807 219 1863 erit
232 1811 309 1863 terra
323 1807 353 1864 in
373 1807 582 1865 desolationem
608 1812 727 1878 propter
754 1806 935 1863 habitatores
1061 1809 1186 1864 l'nndum
1203 1808 1295 1865 maris
1309 1808 1410 1865 omnia
1425 1809 1544 1879 peccata
1560 1811 1675 1863 nostra.

187 1895 273 1947 suos,
990 1878 1077 1937 Dabis
1091 1882 1243 1937 veritatem
1256 1880 1310 1951 (rt.
1327 1879 1390 1935 odd.
1408 1878 1562 1952 iniiacob,

147 1952 303 2024 etpropter
318 1951 446 2007 fructum
463 1948 674 2022 cogitationum
691 1965 803 2006 acrum.
1024 1950 1258 2008 miscricordiam
1274 1950 1421 2007 Abrabam
1439 1967 1445 2004 :

113 2018 202 2078 Pasce
217 2020 359 2095 populum
376 2028 459 2079 tuum
475 2022 506 2077 in
520 2021 602 2093 virga
615 2026 676 2088 tua,
692 2037 810 2093 gregem
825 2016 934 2077 hareni
1024 2040 1088 2093 qus
1100 2023 1208 2095 jurasti
1223 2025 1234 2059 ¹
1248 2022 1385 2096 patribus
1401 2020 1511 2078 nostris
1526 2017 1664 2078 adiebus
1674 2018 1809 2092 antiquis.

148 2198 226 2281 ¹Pro
245 2199 390 2255 Dorticum
406 2199 790 2282 Devmncstrumpoucbpnt,
808 2201 934 2324 pontana
989 2214 1063 2282 qna⁸
1082 2198 1168 2256 lectio
1192 2197 1367 2284 nullatenus
1395 2198 1539 2280 probatur
1568 2193 1809 2280 eDnmmentsnis

111 2285 185 2325 mss.
202 2271 229 2324 ld
244 2276 298 2336 ost,
315 2269 574 2342 uterqucCanoms
590 2270 660 2326 lleb.
677 2276 760 2326 verit.
777 2285 810 2325 oo
832 2285 884 2326 cx:
900 2284 934 2324 ac
988 2267 1806 2348 1..Hieronym1‚neqnaexltebranvoluminibusltin.

112 2341 171 2396 dno
185 2340 353 2407 Colbertini,
371 2341 534 2397 aniciensis
548 2346 577 2397 et
591 2341 664 2397 altar
692 2358 774 2397 num.
795 2343 831 2396 75
861 2340 933 2396 scri·
1024 2343 1170 2399 ²i’rasicrt
1187 2342 1250 2415 ipsc
1277 2343 1393 2400 Hieron.
1417 2343 1448 2398 in
1472 2341 1640 2397 Commeat.
1668 2355 1750 2414 poam
1768 2355 1807 2410 Ja-

112 2416 196 2484 ptum
213 2412 481 2485 babentuomtnam
495 2413 580 2470 Deum
595 2421 718 2470 nostram
725 2412 932 2471 desiderabunt·
991 2415 1072 2470 rasti.

719 2591 839 2664 Explicit
853 2587 1051 2647 tiberflictmc
1062 2590 1211 2666 propbeta.

892 2940 1036 3002 luctum

555 3095 744 3190 LIBER
775 3094 989 3205 NAHUM
1018 3097 1377 3192 PROPllETAE.

117 3491 197 3564 (Cup.
214 3491 249 3576 1.)
263 3491 344 3549 Onus
358 3491 473 3548 Ninive.
955 3497 977 3570 c
997 3496 1037 3552 Ex
1052 3499 1080 3552 te
1095 3495 1184 3552 exivit
1199 3495 1331 3568 cogitans
1346 3499 1445 3553 contre
1466 3496 1624 3553 Dominum
1648 3496 1792 3555 malitiam:

120 3562 209 3621 Liber
223 3563 346 3620 visionis
360 3563 476 3620 Nahum
488 3562 618 3620 Dicesaei.
1032 3572 1127 3624 mente
1140 3573 1322 3639 pertractans
1337 3567 1619 3642 prevaricationem.

122 3640 201 3693 Deus
215 3633 368 3692 emulator
382 3640 412 3691 et
426 3633 571 3691 ulciscens
587 3634 730 3692 Dominus
744 3652 752 3692 ι
996 3639 1062 3696 linc
1077 3638 1148 3695 dicit
1162 3638 1305 3697 Dominus
1321 3657 1328 3694 :

157 3705 303 3763 ulciscens
319 3705 470 3774 Dominus,
486 3709 515 3762 ct
528 3705 640 3764 habens
656 3708 783 3764 furerem
800 3723 807 3764 :
996 3711 1025 3767 si
1036 3711 1154 3783 perlecti
1168 3711 1289 3779 luerint,
1304 3715 1333 3768 et
1353 3709 1396 3768 ita
1410 3710 1528 3784 plures;

119 3776 271 3836 Ulciscens
284 3777 427 3836 Dominus
440 3778 470 3833 in
487 3778 584 3834 bostes
598 3794 668 3834 suos
686 3795 692 3834 :
1032 3785 1074 3839 stc
1089 3798 1206 3855 quoquc
1222 3781 1423 3851 attondentur,
1439 3787 1469 3839 ct
1482 3782 1699 3856 pertransibit:

157 3856 186 3907 et
201 3850 331 3907 irascens
345 3849 408 3923 ipsc
423 3848 552 3906 inimicis
567 3849 640 3906 suis.
995 3853 1091 3910 Alllixi
1104 3859 1142 3921 te,

120 3921 265 3978 Dominus
300 3920 405 3991 aticns,
421 3925 450 3979 ct
463 3936 591 3993 maguus
605 3919 785 3988 tortitudine,
1030 3930 1059 3982 et
1074 3940 1131 3980 non
1147 3923 1276 3998 affligam
1289 3929 1318 3982 tc
1329 3925 1415 3982 ultra.

155 3998 185 4050 et
199 3938 346 4050 mauriane
361 4009 419 4050 non
436 3993 522 4049 iaciet
536 3993 732 4076 innocentem.
995 3995 1029 4051 Di
1045 4013 1122 4053 nunc
1135 4001 1283 4052 conteram
1299 3997 1408 4068 virgam
1423 3997 1487 4069 ejus
1502 3997 1539 4053 de
1552 3996 1642 4056 dorso
1656 4000 1718 4064 tun,
1766 4040 1769 4047 .

122 4063 267 4122 Dominus
282 4066 311 4120 in
322 4068 496 4137 tempestate
510 4069 538 4120 et
549 4065 667 4120 turbine
682 4080 727 4120 vra
741 4063 815 4136 ejus,
1031 4073 1059 4124 et
1073 4068 1188 4123 vincula
1204 4068 1458 4142 tuadisrnmpam.

161 4141 189 4194 ct
203 4136 317 4193 nebula
331 4135 427 4209 pulvis
442 4135 550 4207 pedum
565 4136 640 4207 ejus.
995 4139 1030 4195 lit
1044 4139 1192 4212 precipiet
1206 4156 1295 4211 super
1308 4141 1362 4214 (At.
1380 4141 1491 4212 contra)
1506 4143 1535 4196 te
1550 4140 1705 4212 Dominus,

120 4214 280 4282 Increpans
296 4226 386 4280 mare,
402 4213 430 4264 et
439 4209 589 4263 exsiccans
604 4206 677 4263 illud
694 4222 701 4262 z
1031 4228 1090 4267 non
1105 4211 1300 4267 seminabitur
1315 4227 1348 4267 ex
1359 4212 1476 4269 nominc
1489 4216 1542 4267 tuo
1552 4211 1693 4284 amplius.

159 4286 188 4340 et
202 4280 299 4338 omnia
316 4280 438 4337 flumina
454 4279 489 4334 ad
505 4279 656 4334 desertum
672 4279 831 4335 deducens.
995 4281 1036 4338 De
1051 4282 1138 4338 domo
1153 4282 1203 4338 Dei
1220 4283 1262 4338 tui
1279 4284 1452 4339 interficiam
1468 4283 1649 4356 sculptile,et
1660 4278 1792 4342 conflatile,

123 4354 293 4412 infirmatus
309 4357 354 4409 est
369 4357 472 4420 Busan,
488 4353 517 4406 et
529 4348 678 4406 Carmelus
695 4366 702 4403 ι
1032 4369 1139 4425 ponam
1150 4354 1317 4426 sepulcrum
1331 4359 1426 4426 tuum,
1440 4354 1510 4428 quia
1524 4355 1719 4411 inhonoratus
1732 4370 1765 4410 es.

151 4431 181 4484 et
194 4425 247 4481 llos
264 4423 363 4480 Libani
373 4422 513 4495 elanguit.
995 4425 1067 4480 Ecce
1082 4441 1169 4496 super
1183 4430 1298 4482 montes
1314 4427 1402 4498 pedes
1416 4425 1643 4499 evangelizantis
1658 4431 1686 4483 et
1701 4436 1794 4482 annun·

120 4499 234 4556 Montes
249 4496 387 4551 commoti
404 4493 525 4551 suntab
541 4496 617 4559 eo,et
629 4491 718 4548 colles
730 4491 851 4549 desolati
862 4501 941 4552 sunt:
1067 4495 1166 4553 tinntis
1198 4513 1279 4554 neem
1296 4514 1303 4552 :

154 4575 183 4627 ct
197 4566 375 4623 contremuit
389 4572 466 4623 tarra
480 4582 497 4619 n
511 4564 584 4621 facie
600 4563 674 4635 ejus,
690 4569 719 4621 et
732 4564 821 4633 orbis,
836 4571 865 4621 at
878 4581 941 4622 om·
1031 4567 1156 4640 celebra,
1170 4514 1256 4639 iuda,
1274 4567 1445 4625 testivitates
1472 4571 1548 4635 tuas,
1577 4572 1607 4625 et
1635 4570 1723 4625 redde
1747 4564 1794 4621 vota

191 4653 244 4694 nes
257 4637 424 4693 habitantes
436 4639 466 4692 in
481 4651 525 4691 eo.
1066 4645 1118 4695 tua
1133 4656 1139 4694 :

117 4712 193 4769 Anto
208 4708 311 4764 taciem
326 4705 539 4779 indignationis
554 4706 619 4776 cjna
633 4706 700 4777 quis
715 4707 826 4763 stabili
995 4710 1068 4778 Quia
1083 4727 1139 4767 non
1156 4709 1274 4781 adjiciet
1287 4711 1365 4767 ultra
1381 4715 1413 4768 ut
1429 4716 1611 4785 pertranseat
1622 4712 1651 4768 in
1663 4716 1691 4769 te
1705 4703 1793 4767 Belial:

155 4785 183 4838 ct
194 4779 260 4850 quis
276 4779 392 4835 resistet
406 4778 436 4833 in
451 4779 495 4834 ira
510 4777 617 4834 luroris
632 4778 719 4850 ejus?
1030 4781 1184 4838 universus
1199 4781 1319 4838 interiit.

119 4848 284 4924 Indignatio
295 4849 359 4931 ctus
371 4848 464 4906 eliusa
474 4852 519 4905 est
531 4858 561 4905 nt
573 4847 650 4920 ignis
666 4864 673 4903 :
955 4870 980 4935 Ι)
994 4854 1073 4926 (Cap.
1087 4853 1134 4925 ll.)
1149 4853 1288 4910 Ascendit
1303 4853 1353 4938 qui
1368 4854 1520 4980 dispergat
1533 4870 1634 4910 coram
1650 4858 1690 4921 tc,

154 4929 184 4981 et
199 4925 288 4995 petrin
302 4920 450 4976 dissoluta
465 4924 535 4976 sunt
548 4920 585 4975 ab
599 4936 643 4977 co.
1031 4925 1082 4999 qui
1096 4924 1243 4981 custodiat
1256 4925 1459 4997 obsidionem(
1486 4926 1503 4981 t.
1515 4925 1544 4982 in
1561 4926 1637 4982 iaoie
1653 4932 1701 4982 tua
1717 4923 1794 4981 custo·

119 4996 219 5054 Donus
233 4991 387 5059 Dominus,
404 4999 431 5047 et
445 4992 613 5048 contortans
628 4993 659 5047 in
674 4990 721 5047 die
741 4991 941 5052 tribulationis
1065 4996 1158 5068 diens)
1173 5013 1180 5052 :

156 5070 185 5124 e't
195 5065 293 5123 sciens
309 5068 464 5137 sperantes
478 5062 509 5117 in
526 5078 566 5118 se.
995 5066 1198 5142 Contemplnrc
1213 5067 1301 5132 viem,

119 5138 155 5195 Dt
169 5140 199 5195 in
216 5135 324 5194 diluvio
341 5136 542 5208 praetereunte,
553 5132 838 5191 consummationem
854 5135 941 5192 iaciat
1030 5140 1162 5196 contorta
1176 5139 1306 5205 lumbos,

192 5209 247 5267 loci
262 5209 325 5280 ejus
342 5223 349 5262 ε
1030 5210 1134 5267 robora
1148 5210 1285 5266 virtutem
1301 5209 1394 5266 valde.

155 5286 184 5339 ct
195 5280 330 5339 inimicos
345 5278 410 5350 ejus
423 5278 639 5348 persequuntur
653 5274 791 5331 tenebrae.
1028 5281 1102 5345 Quia
1115 5282 1241 5338 reddidit
1257 5281 1398 5337 Dominus
1413 5281 1583 5352 snperbiam
1599 5283 1703 5351 Jacob,

119 5352 193 5418 O'uld
214 5350 350 5426 cogitatis
366 5346 662 5429 ⁰⁰11li⁸D0mlssDffli
1029 5353 1107 5409 sicut
1121 5353 1290 5424 snperbiam
1308 5351 1394 5409 lsrael
1410 5353 1612 5423 (Atouoniam
1626 5355 1705 5411 sicut
1720 5346 1800 5410 reddi·

154 5422 442 5483 consummationem
457 5418 520 5491 ipse
536 5418 622 5502 lactei
637 5433 653 5501 t·
1064 5426 1108 5481 dit
1122 5424 1261 5482 Dominus
1271 5424 1414 5498 superbia
1424 5425 1515 5482 Jacob
1526 5444 1533 5482 :
1544 5426 1587 5482 sio
1598 5427 1703 5484 reddet
1717 5437 1803 5499 super·

155 5514 213 5553 non
230 5497 386 5579 consurget
399 5490 507 5577 duplex
522 5487 683 5547 tribulatio.
1064 5496 1118 5551 bin
1130 5496 1213 5568 lsral)
1229 5513 1236 5550 :

119 5567 193 5633 Quia
208 5567 284 5624 sicut
298 5582 389 5649 spina
401 5579 432 5622 so
447 5562 570 5620 invicem
586 5559 831 5642 complectuntur,
1029 5567 1098 5636 qnia
1113 5572 1275 5624 vastatores
1290 5567 1508 5639 dissipaverunt
1522 5584 1583 5640 ens,
1595 5573 1627 5626 et
1642 5567 1806 5645 propagines

155 5637 198 5694 sio
212 5639 376 5695 convivium
388 5652 488 5694 corum
504 5633 612 5719 paritor
624 5635 788 5705 potantium
806 5647 812 5685 :
1064 5655 1164 5695 eorum
1179 5646 1381 5711 corruperunt.

155 5711 367 5767 consumentur
380 5707 465 5783 quasi
481 5704 591 5782 stipula
606 5701 740 5762 ariditate
756 5700 852 5776 plena.
993 5704 1117 5782 clypeus
1133 5708 1252 5784 sortium
1268 5710 1333 5783 ejus
1349 5709 1473 5783 ignitus,
