3870 6120
70 205 142 265 1301

746 219 855 275 niens
872 221 1106 280 Psstuoituli.
1169 206 1173 217 '

1708 224 1777 282 isos

107 335 180 419 quisi
193 351 252 392 non
263 334 475 407 iustificabitur
489 339 519 395 iii
541 344 699 414 conspeetu
723 347 775 401 tno
801 344 898 402 omnis
912 347 939 416 Α
989 351 1018 404 et
1032 350 1151 407 dextera
1165 365 1278 420 aarum,
1294 350 1412 407 dextma
1427 350 1582 407 mendacii.

143 423 255 465 vivens.

69 482 248 536 Persecutus
263 485 307 536 est
321 479 399 535 enim
416 480 555 538 inimicus
570 483 700 542 animam
717 502 825 555 meam,

108 551 252 623 confregit
267 551 296 607 iii
310 556 389 607 terra
402 553 491 608 vitam
507 570 602 611 meam
617 571 624 611 :

107 623 647 708 posuitmeintenebrislbeollocavit
658 628 897 704 meinteuebris)

143 696 229 767 quasi
246 699 378 751 mortuos
393 699 531 769 antiquos
546 697 587 770 (li.
605 698 726 770 saculi).

70 764 105 822 lit
118 767 254 824 anxiatus
269 766 325 822 luit
340 769 349 803 ¹
366 767 396 822 io
412 783 459 824 me
473 768 596 841 spiritus
612 786 715 828 meus:

105 837 136 893 iu
154 839 250 895 medio
266 838 323 893 mei
339 836 498 896 sollicitum
514 841 569 896 luit
583 857 633 898 cor
647 857 757 899 meum.

67 909 255 967 Recordabar
269 909 384 965 dierum
399 912 603 984 antiquorum,

104 981 270 1038 meditabar
285 980 385 1037 omnia
399 998 487 1054 opera
502 987 572 1039 tuo:

106 1053 182 1108 lacta
196 1067 340 1109 manuum
356 1058 475 1110 tuarum
492 1054 643 1126 loquebar.

66 1123 202 1197 Expandi
216 1141 323 1181 manus
338 1140 419 1182 meas
435 1128 469 1181 ad
485 1130 532 1181 to:
641 1185 648 1194 ,

104 1199 205 1253 anima
221 1211 287 1252 msa
301 1196 386 1266 quasi
401 1202 479 1254 terra
490 1197 594 1254 sitiens
609 1198 645 1254 ad
660 1201 698 1254 te.
715 1197 842 1255 Saurea.

69 1267 202 1395 Citot(h.
219 1267 337 1339 festina)
360 1269 463 1325 exaudi
489 1284 547 1334 me,
563 1269 696 1337 Domino,
713 1270 819 1327 deiecit
831 1271 891 1345 spi·

156 1357 190 1396 us
202 1356 304 1395 meus:

102 1427 139 1466 ne
154 1411 318 1467 abscondas
334 1410 438 1466 taciem
453 1415 535 1466 tunm
550 1428 567 1466 a
583 1427 640 1477 ine,

102 1486 130 1538 st
145 1483 340 1554 comparabor
351 1483 599 1538 descendentibus
615 1484 642 1537 in
658 1481 765 1538 lacum.

66 1554 123 1610 Fac
138 1571 184 1610 me
200 1555 301 1609 audire
316 1569 402 1609 mane
418 1553 648 1611 misericordiam
664 1559 758 1624 tuam,

102 1626 242 1698 quoniam
262 1624 291 1680 iii
306 1629 336 1680 te
351 1625 466 1680 conlido
481 1641 487 1680 :

64 1696 172 1753 Notaui
188 1697 232 1752 lac
248 1696 321 1752 mibi
334 1696 410 1751 dam
426 1697 456 1753 in
471 1712 528 1767 qua
543 1696 703 1768 ambulem,

99 1768 241 1841 quoniam
257 1769 293 1824 ad
308 1771 337 1824 te
350 1767 442 1825 levavi
458 1767 588 1824 animam
602 1784 710 1824 meam.

63 1840 169 1897 Libera
184 1855 230 1896 me
243 1840 279 1896 de
295 1839 423 1895 inimicis
440 1840 524 1906 meis,
540 1839 683 1897 Domine:

98 1913 135 1968 ad
153 1917 180 1968 te
196 1917 346 1983 protectus
362 1911 452 1967 sum¹.

61 1990 209 2049 onosma,
226 1988 259 2037 ut
271 1984 376 2038 taniam
391 1983 572 2040 voluntatem
589 1987 683 2056 tuam,

97 2054 166 2128 quia
183 2059 214 2109 tu
228 2054 306 2110 Deus
321 2069 424 2110 meus:

96 2126 219 2200 spiritus
229 2130 300 2182 tuus
309 2126 405 2182 bonus
415 2125 539 2180 deducet
549 2138 596 2180 me
607 2125 636 2180 in
645 2129 754 2182 terram
766 2129 885 2184 rectam.

60 2202 184 2270 Propter
200 2213 307 2253 nomen
324 2201 421 2261 tuum,
436 2195 570 2265 Domine,
586 2196 747 2255 vivificabis
762 2214 827 2256 me:

98 2271 128 2325 in
153 2269 272 2341 justitia
297 2274 349 2325 tua
376 2270 482 2325 educes
516 2269 552 2325 de
585 2269 723 2341 angustia
757 2271 886 2329 animam

135 2357 244 2396 meam.

58 2414 94 2469 Ht
111 2411 315 2469 misericordia
330 2415 380 2467 tua
395 2409 557 2482 dissipabis
571 2409 708 2468 inimicos
725 2428 814 2481 meos,

93 2490 121 2541 et
136 2485 241 2556 perdes
259 2498 363 2540 omnes
377 2482 553 2539 tribulentes
563 2484 574 2518 ⁸
586 2482 717 2540 animam
732 2499 848 2541 meam:

92 2556 237 2630 egoenim
253 2571 320 2611 sum
336 2570 439 2611 servus
454 2560 535 2610 tuus.

411 2685 496 2726 navio
510 2671 533 2738 ⁸,

93 2767 236 2841 (cxiiii.)
252 2767 425 2824 Benedictus
441 2766 585 2824 Dominus
600 2767 684 2824 lortis
699 2785 794 2836 meus,

94 2839 146 2966 Ἆυὶ
161 2840 246 2895 doeet
262 2856 366 2895 maniis
381 2855 462 2894 meos
477 2839 514 2894 ad
529 2839 584 2911 (ΑΙ.
602 2839 644 2910 in)
660 2840 793 2912 pralium
808 2858 815 2898 ι

59 2911 353 3066 ΜὶεὲξῖἑὲἰάᾞξἙεῖῗ
362 2910 544 3037 elioiiilil‘il'iudo
560 2997 635 3050 maa,

97 3056 252 3111 auxilietur
267 3070 362 3119 meus,
378 3059 407 3110 ot
420 3052 547 3110 salvator
559 3068 663 3116 meas:

59 3130 180 3183 scutum
198 3141 309 3191 insum,
325 3129 354 3181 et
369 3124 398 3179 in
415 3125 479 3197 ipso
493 3125 628 3207 speravi:

94 3199 145 3272 qui
161 3197 288 3268 subjecit
303 3196 426 3269 populos
442 3196 514 3252 milii
529 3196 550 3250 ⁸.

57 3269 192 3335 Domine,
208 3268 279 3340 quid
294 3274 339 3325 est
354 3269 451 3334 bomo,
468 3267 537 3339 quia
552 3267 704 3341 cognoscis
719 3283 796 3324 aum.

96 3340 175 3397 lilius
192 3339 334 3409 hominis,
350 3340 420 3423 quia
435 3343 589 3410 computas
604 3355 682 3396 eum.

60 3412 155 3469 Homo
167 3412 291 3468 vanitati
306 3411 488 3467 assimilatus
504 3414 567 3467 est:

96 3484 161 3541 dies
176 3485 242 3556 ejus
257 3483 342 3554 quasi
358 3485 464 3539 umbre
479 3481 688 3554 pertransiens.

58 3555 194 3624 Domlne‚
208 3554 319 3611 inclina
331 3554 417 3610 coelos
431 3558 509 3619 tuos,
524 3559 552 3608 et
566 3554 731 3610 descende:

96 3632 146 3682 tao
170 3632 327 3693 amantes,
338 3631 367 3681 et
382 3626 580 3695 fumigabunt.

61 3697 140 3756 Mica
150 3643 279 3754 ¹iulmine
290 3699 312 3767 ¹,
328 3702 357 3753 et
372 3697 484 3768 dissipa
498 3713 559 3752 eos.

95 3770 181 3896 mitfie
192 3770 327 3842 sagittam
339 3773 432 3838 tuam,
442 3772 471 3825 et
482 3766 613 3825 interfice
627 3767 670 3839 (h.
682 3767 884 3841 conturbabis)

135 3858 143 3896 i
169 3858 212 3898 oe.

58 3913 190 3969 Extende
205 3928 327 3968 manum
343 3915 424 3967 tuam
439 3911 476 3966 de
489 3909 603 3966 exelso:

96 3984 190 4041 libera
205 4000 261 4047 ino,
277 3989 306 4040 et
321 3999 390 4038 erue
405 3998 452 4037 me
467 3983 501 4038 de
516 3981 599 4051 aquis
613 3980 736 4038 multis:

94 4057 131 4112 de
147 4072 236 4112 manu
252 4055 380 4110 liliorum
410 4053 595 4110 alienorum:

58 4129 192 4194 Quorum
207 4143 241 4184 os
256 4126 386 4184 locutum
403 4131 449 4182 est
462 4124 633 4191 vanitatem,

98 4326 107 4360 ¹
125 4323 242 4394 Regina
259 4338 328 4394 ma,
343 4321 445 4379 anxias
461 4336 513 4394 pro
528 4321 662 4377 anxiatae
676 4336 683 4377 ε
699 4320 886 4380 cisterciens.

57 4397 311 4522 alffilriztfeurto‘iens.
329 4481 396 4535 ms,
411 4480 428 4518 a
443 4468 471 4519 te
482 4465 632 4535 protectur,
649 4467 703 4519 eto.

97 4538 107 4573 ¹
126 4537 170 4593 Ita
184 4537 377 4595 carnutensis
401 4536 577 4591 emendatus
599 4538 627 4588 et
644 4551 698 4590 ms.
714 4539 742 4590 H.
759 4536 888 4592 Michae-

57 4609 107 4666 lis.
125 4609 181 4665 Alii
195 4610 299 4678 legunt
313 4609 431 4678 lipoaics
443 4623 449 4662 :
462 4607 540 4677 quod
557 4606 687 4661 secunda
702 4623 808 4663 maniis
824 4625 889 4664 mu·

58 4679 135 4738 tavit
147 4680 177 4735 iii
193 4680 336 4750 tiii‘pouter
350 4680 380 4735 iii
405 4695 515 4734 canone
538 4677 775 4735 Carcassonensi.
797 4681 888 4737 llinr.

59 4751 198 4808 -Nostri
214 4767 318 4808 omnes
332 4768 416 4818 mss,
428 4749 555 4820 liparia«,
566 4750 725 4821 praeierunt
736 4767 787 4822 pro
800 4752 889 4808 iritu-

62 4825 310 4951 'avg'mmignffi
327 4891 462 4951 inscribit
479 4891 622 4947 Canticum
638 4891 732 4948 llaiiiil.

100 4967 112 5002 ¹
139 4966 192 5037 Qui
219 4966 335 5037 subiecit
362 4962 500 5037 papalum
527 4964 578 5018 cal
604 4978 660 5020 me.
690 4963 736 5019 Sic
765 4964 890 5036 legimus

62 5039 94 5094 in
107 5037 335 5095 carcassonensi
355 5041 384 5093 et
407 5037 437 5091 in
461 5052 515 5091 ins.
531 5033 687 5103 Micbaslia‚
703 5052 756 5090 iieo
780 5054 837 5093 non
859 5038 890 5095 in

59 5109 216 5167 Vaticano.
245 5111 338 5166 Hiar.
369 5138 403 5150 -
431 5111 485 5164 Hs.
503 5106 630 5179 Regina,
650 5106 776 5179 subjiciet
802 5124 890 5181 popa·

61 5182 115 5289 '⁰⁸⁸⁹
125 5186 246 5325 Xffouot
260 5267 346 5320 mss„
362 5251 446 5306 Hisce
459 5248 593 5322 fulmina.
609 5248 703 5304 Mean.

98 5325 110 5360 ²
140 5328 212 5382 Has.
243 5327 304 5382 tras
333 5327 385 5380 aut
411 5328 550 5395 quatuor,
565 5320 599 5376 dc
626 5321 719 5391 plodio
749 5322 888 5396 maligno.

61 5396 161 5524 ΜΛ’.Ιτιι
175 5466 278 5524 eodem
293 5482 362 5535 ms,
378 5467 501 5537 Hymnus
515 5463 603 5521 David
617 5481 623 5521 :
639 5462 669 5519 iii
691 5462 890 5538 Cisteroiens.,

61 5542 138 5597 laus
151 5538 249 5607 Dauid,
265 5542 456 5612 praenotatur.

100 5613 112 5647 ¹
125 5611 310 5683 Exemplaria
323 5611 448 5666 Cenoma
462 5612 491 5663 ct
505 5623 576 5663 mss.
589 5608 617 5662 S.
631 5605 781 5663 Michaelis
791 5625 825 5664 ac
836 5606 890 5663 Va·

61 5681 252 5812 aetanffillliwoo
267 5683 355 5741 modo
369 5681 491 5755 legunt:
508 5680 536 5735 lii
552 5680 663 5736 catoris
679 5679 801 5735 iacciiti'o
816 5680 889 5751 legl-

953 423 1030 476 Daas
1044 421 1191 478 canticum
1207 438 1314 479 novum
1330 422 1453 478 cantabo
1469 420 1535 491 tibi,

988 491 1017 547 in
1034 493 1169 562 psalterio
1185 493 1366 550 decachordo
1381 492 1505 566 psallam
1522 493 1587 563 tibi,

951 562 1005 629 Qui
1021 564 1072 618 dat
1087 567 1213 621 salutem
1230 565 1360 638 regibus,

986 633 1037 705 qui
1052 635 1129 690 eruit
1137 635 1226 692 David
1240 651 1357 691 servum
1368 634 1623 708 saumldegladio
1633 637 1772 709 pessimo.

950 704 1120 778 Liberama
1130 712 1159 763 et
1168 721 1236 762 erue
1246 707 1336 763 mede
1345 722 1434 762 mauu
1447 706 1576 764 liliorum
1588 708 1752 766 alienorum
1764 726 1771 766 :

985 793 1112 849 quorum
1127 794 1160 834 os
1174 778 1305 834 locutum
1320 781 1366 834 est
1378 777 1558 847 vanitatem

985 854 1013 904 et
1028 848 1145 906 dextera
1160 865 1273 917 eorum,
1290 849 1409 904 dextera
1424 850 1581 906 mendacii.

948 919 986 977 Ut
1001 918 1063 975 sint
1077 920 1130 977 lilii
1146 920 1239 976 nostri
1255 920 1340 993 quasi
1356 919 1497 991 plantatio

984 1007 1118 1048 crescens
1133 993 1162 1048 iu
1178 991 1375 1048 adolescentia
1389 1007 1461 1048 sua:

948 1061 1026 1117 Filia
1042 1068 1149 1120 nostrie
1164 1063 1249 1135 quasi
1265 1061 1379 1135 anguli,

983 1135 1078 1190 ornati
1094 1136 1130 1190 ad
1148 1134 1373 1190 similitudinem
1387 1132 1501 1206 templi.

947 1204 1150 1278 Promptuaria
1165 1209 1267 1262 nostra
1282 1205 1377 1289 plena,

982 1281 1012 1333 et
1026 1294 1115 1350 super
1130 1277 1311 1333 effundentia
1325 1294 1359 1333 ex
1372 1276 1428 1332 hoo
1442 1274 1471 1330 in
1488 1274 1582 1332 illud:

982 1364 1088 1420 pecora
1102 1354 1202 1405 nostra
1216 1348 1246 1404 in
1262 1347 1406 1411 millibus.

981 1424 1010 1475 st
1024 1419 1253 1476 innumerabilia
1267 1420 1297 1475 in
1313 1417 1449 1490 compitis
1464 1418 1583 1474 nostris.

945 1491 1034 1546 Tauri
1049 1492 1143 1547 nostri
1159 1492 1283 1563 pingues
1297 1490 1339 1561 (b.
1352 1491 1441 1545 duces
1457 1489 1549 1544 nostri
1567 1491 1749 1567 portentosi:

980 1578 1038 1618 non
1054 1569 1099 1618 est
1112 1564 1208 1618 interu
1230 1562 1280 1624 tio.
1294 1567 1323 1617 et
1338 1579 1395 1617 non
1411 1566 1455 1617 est
1469 1575 1624 1633 egressus:

980 1638 1009 1689 et
1024 1651 1082 1691 non
1097 1639 1142 1690 est
1156 1580 1289 1690 ulufatus
1302 1632 1331 1689 iu
1348 1633 1453 1705 plateis
1469 1634 1588 1689 nostris.

904 1711 929 1778 Β
943 1703 1049 1762 beatus
1064 1704 1189 1778 populus
1203 1706 1287 1777 cujus
1301 1704 1372 1761 talia
1387 1708 1476 1760 sunt:

980 1776 1087 1833 beatus
1103 1777 1228 1850 populus
1243 1777 1329 1848 cujus
1343 1774 1487 1833 Dominus
1502 1775 1579 1831 Deus
1594 1790 1676 1832 suus.

1215 1906 1354 1946 monario
1373 1905 1457 1947 namn
1472 1888 1493 1944 ¹.

943 1987 1067 2061 (CXLV.)
1095 1989 1214 2060 (llapl.)
1238 1988 1377 2044 Exaltabo
1399 1991 1439 2055 te,
1455 1992 1531 2044 Deus
1555 2002 1638 2044 meus
1663 1991 1767 2057 rex,et

979 2060 1151 2117 benedicam
1167 2059 1342 2117 nominituo
1357 2059 1387 2115 in
1397 2064 1538 2116 aternum
1548 2058 1589 2130 (b.
1600 2058 1764 2132 seculum),

942 2131 1186 2278 (Hgltlifllltlrnaomni
1201 2201 1249 2257 dia
1263 2200 1432 2257 benedicam
1448 2200 1513 2271 tibi,
1528 2202 1557 2255 et
1570 2200 1697 2257 laudabo
1716 2217 1767 2257 no·

973 2278 1147 2418 ffigptgpum
1160 2274 1190 2331 in
1206 2274 1420 2346 sempiternum
1432 2271 1475 2345 (li.
1486 2271 1627 2329 seculum
1643 2276 1672 2328 et
1686 2269 1765 2330 ultra

941 2418 1083 2491 totiaci.)
1098 2415 1223 2488 Magnus
1238 2414 1391 2484 Dominus,
1403 2417 1432 2471 et
1445 2413 1604 2471 laudabilis
1620 2413 1723 2471 nimis:
1735 2418 1765 2472 et
1862 2496 1864 2501 Ι
1913 2436 1918 2449 ·

978 2486 1202 2555 magnificentie
1218 2487 1283 2557 ejus
1298 2503 1356 2542 non
1372 2492 1417 2541 est
1428 2486 1614 2556 investigatio
1629 2487 1650 2539 ¹.

940 2559 1071 2631 (bauti.)
1081 2557 1236 2614 Generatio
1252 2558 1286 2613 sd
1302 2557 1521 2629 generationem
1533 2557 1765 2629 laudabitopera

976 2638 1037 2698 tua,
1054 2634 1084 2686 at
1099 2628 1285 2685 lorlitudiuee
1299 2635 1366 2683 tuas
1382 2628 1611 2684 annuntiabunt.

941 2704 1018 2776 (He.)
1030 2702 1167 2758 Deooiam
1183 2699 1280 2774 gloria
1305 2697 1518 2772 magnitudinis
1541 2702 1610 2768 tae,
1625 2702 1655 2754 et
1676 2697 1765 2755 verba

1013 2771 1194 2830 mirabilium
1210 2776 1327 2827 tuorum
1339 2770 1453 2852 loquar.

939 2848 1032 2919 (Vno.)
1042 2844 1077 2900 Et
1092 2842 1293 2899 fortitudinem
1310 2839 1497 2897 horribilium
1509 2843 1627 2896 tuorum
1640 2839 1762 2912 loqueu-

1011 2922 1068 2980 tur‚
1085 2920 1114 2970 et
1129 2913 1345 2979 magnitudines
1360 2916 1427 2967 tuas
1442 2912 1606 2967 narrabunt
1621 2912 1652 2965 ¹⁰.

939 2986 1228 3062 (Zaia.)ltlemoriam
1237 2981 1760 3054 multabonitatistualoquenturlb.

902 3082 924 3151 c
1014 3058 1208 3125 eructabunt),
1224 3060 1254 3111 et
1265 3054 1398 3127 justitias
1412 3058 1480 3110 tuiis
1497 3054 1671 3111 laudabunt.

945 3128 1256 3204 (lliclb.lClemens,et
1266 3127 1434 3183 misericors
1444 3126 1597 3182 Dominus:
1608 3124 1764 3197 patiens,et

1015 3199 1114 3257 mults
1130 3197 1328 3256 miserationis
1343 3198 1383 3268 (li.
1402 3197 1506 3254 tardus
1528 3197 1563 3254 ad
1588 3196 1717 3254 furorem
1732 3200 1763 3253 et

1013 3287 1128 3338 magum
1143 3269 1370 3340 misericordias).

941 3344 1040 3428 (iaia.)
1055 3344 1154 3427 Bonus
1180 3341 1320 3426 [lominus
1344 3339 1490 3423 omnibus,
1505 3343 1534 3396 et
1555 3337 1761 3396 misericordia

1012 3431 1077 3487 eJus
1091 3431 1122 3469 iii
1138 3429 1274 3469 universa
1288 3428 1376 3485 opero
1390 3427 1465 3482 ejus.

939 3487 1019 3558 (lod.)
1034 3485 1233 3545 confiteantur
1246 3484 1311 3551 tibi,
1326 3483 1459 3549 Domine,
1475 3482 1573 3538 omnia
1597 3497 1686 3554 opera
1699 3485 1761 3548 tua,

1011 3563 1040 3614 at
1055 3556 1149 3614 sancti
1162 3557 1203 3624 (b.
1220 3555 1435 3623 misericordes)
1450 3555 1493 3609 tui
1517 3555 1692 3610 benedicant
1707 3551 1761 3607 tibi

941 3630 1048 3702 (Copti.)
1072 3627 1200 3685 Gloriam
1226 3627 1308 3700 regni
1332 3628 1374 3683 tui
1399 3627 1507 3693 dicent,
1523 3629 1552 3682 et
1576 3624 1761 3681 tortitudines

1011 3706 1078 3757 tuas
1094 3699 1262 3771 loquentur.

940 3771 1074 3845 (lamed.)
1088 3770 1125 3826 Ut
1139 3770 1297 3851 ostendant
1312 3766 1382 3822 ssliis
1399 3766 1552 3848 bominum
1565 3764 1764 3849 ‚tortitudines

940 3838 1765 3990 (Memeppfiggnplingpplzipnnilgignclpgsornppli'ilissgiiflizhulomm,

1013 3990 1042 4040 st
1057 3988 1185 4053 potestus
1196 3988 1248 4038 tua
1261 3982 1291 4036 in
1308 3980 1387 4036 omni
1399 3984 1600 4052 generations,
1609 3984 1637 4035 at
1646 3992 1765 4051 genara-

1013 4056 1136 4111 tionem.

941 4128 1253 4202 (Sumecli.)Hasteotat
1264 4124 1285 4159 ¹¹
1296 4123 1437 4180 Dominus
1447 4137 1550 4178 omnes
1560 4123 1768 4178 corruenteset

979 4325 1001 4360 ¹¹
1016 4322 1106 4378 lidem
1123 4336 1209 4387 mss..
1224 4319 1347 4376 sonabo
1362 4335 1414 4391 pro
1428 4316 1597 4374 narrabant.

979 4397 1000 4433 ¹¹
1022 4395 1053 4451 ln
1077 4391 1264 4450 cisterciens.
1289 4408 1357 4457 ms..
1372 4389 1550 4461 fortitudines
1572 4394 1645 4458 liius,
1660 4392 1687 4445 et
1705 4387 1766 4459 plo·

904 4451 928 4516 Ῐ)
943 4469 1016 4524 rium
1029 4466 1138 4522 decoris
1153 4463 1232 4533 regni
1246 4462 1298 4518 iai.

980 4540 1001 4574 ¹¹
1016 4531 1490 4594 AbestinHebraeisvoluminibus
1502 4529 1616 4602 integer
1636 4527 1765 4585 versicu-

942 4610 990 4666 lus
1005 4610 1056 4682 qui
1073 4606 1202 4664 alittera
1216 4623 1276 4661 aaa
1298 4604 1415 4659 initium
1432 4603 1566 4658 ducebat.
1583 4602 1658 4658 Hinc
1682 4602 1766 4656 colli-

944 4698 996 4755 gas
1013 4679 1150 4736 mutilum
1166 4693 1230 4734 esse
1246 4675 1344 4746 aliqua
1359 4674 1403 4731 sui
1419 4677 1501 4745 parte
1522 4677 1618 4729 totum
1645 4671 1767 4729 llabrai·

944 4770 1023 4819 cuin,
1035 4757 1064 4807 ot
1078 4754 1145 4806 ante
1159 4746 1325 4820 llieronymi
1341 4750 1474 4818 tempora
1489 4744 1633 4801 excidisse
1646 4759 1764 4800 versum

944 4824 1245 4904 decimumquartum
1262 4819 1351 4888 liujus
1375 4816 1500 4890 psalmi:
1518 4832 1613 4888 neque
1637 4831 1703 4872 vero
1728 4814 1765 4869 il·

944 4895 1099 4967 lumlegas
1119 4910 1149 4950 in
1165 4889 1382 4963 exemplaribus
1402 4886 1528 4945 Cononis
1550 4888 1697 4944 Hebraico
1720 4902 1767 4941 ae·

945 4965 1128 5023 ritatiaistai
1151 4964 1280 5035 scriptus
1304 4960 1465 5033 reperiatur
1490 4960 1652 5016 temeritate
1676 4958 1768 5012 libra·

945 5040 1056 5094 riorum
1071 5037 1102 5092 in
1117 5040 1245 5107 quotuor
1268 5049 1340 5089 mss.
1357 5032 1509 5089 codicibus
1535 5029 1765 5103 lliaronymiana

944 5108 1032 5165 istius
1046 5107 1199 5164 versionis.
1216 5109 1281 5160 Hae
1295 5108 1366 5160 sunt
1379 5108 1476 5159 autem
1497 5117 1562 5174 quae
1576 5102 1766 5157 exciderunt:

944 5180 1046 5237 Fidelis
1060 5180 1193 5235 Dominae
1215 5179 1245 5233 in
1270 5175 1397 5233 omnibus
1418 5175 1507 5232 vertis
1521 5173 1589 5241 sair,
1603 5180 1629 5229 ct
1652 5178 1769 5229 aaroni

944 5252 976 5308 ia
991 5251 1118 5306 omullus
1132 5248 1261 5323 operitur
1274 5247 1331 5304 cais
1346 5250 1437 5302 Hiar.
1712 5313 1717 5326 ι

983 5353 1015 5364 -
1029 5321 1145 5380 Suilloit
1168 5319 1371 5377 Cistereiensis
1396 5334 1464 5386 ma,
1479 5314 1669 5381 versiculum,
1686 5312 1766 5369 Fida·

945 5395 980 5451 li'r
997 5396 1127 5450 Domitiae
1145 5394 1176 5449 ia
1203 5391 1330 5447 omnibus
1356 5386 1518 5446 vartisaaii
1546 5391 1572 5443 et
1597 5388 1709 5442 sauctus
1736 5384 1770 5441 iii

944 5467 1071 5524 omailiae
1085 5467 1213 5531 oneribus
1233 5465 1303 5524 iiiii.
1320 5477 1406 5533 quem
1435 5460 1472 5516 ab
1500 5457 1642 5514 Hebraico
1670 5472 1768 5512 exem·

944 5537 1018 5610 plari
1033 5536 1177 5593 excidisse
1192 5540 1304 5590 certum
1325 5537 1370 5586 est
1392 5548 1427 5586 cx
1451 5532 1515 5613 ipso
1539 5529 1642 5584 litteras
1667 5544 1771 5596 riam

967 5627 1001 5665 ui
1017 5613 1062 5664 est
1076 5608 1274 5676 incipiendus,
1290 5605 1418 5660 delectu.
1440 5601 1562 5656 uidetur
1577 5603 1674 5654 autern
1690 5599 1770 5656 exei-

945 5627 1024 5738 flisse
1039 5686 1106 5736 ante
1121 5677 1289 5749 Hieronymi
1305 5675 1402 5749 ipsius
1421 5679 1563 5744 tempora,
1579 5670 1726 5753 siquidem
1741 5674 1771 5726 et

945 5749 1076 5809 melioris
1092 5754 1165 5810 noto
1180 5749 1309 5823 codioes,
1324 5744 1373 5820 qui
1386 5743 1466 5804 bano
1480 5743 1545 5815 etus
1557 5756 1720 5801 versionem
1736 5758 1771 5800 ex
