<?xml version="1.0" encoding="UTF-8"?>
<!DOCTYPE html PUBLIC "-//W3C//DTD XHTML 1.0 Transitional//EN"
    "http://www.w3.org/TR/xhtml1/DTD/xhtml1-transitional.dtd">
<html xmlns="http://www.w3.org/1999/xhtml" xml:lang="en" lang="en">
 <head>
  <title>
</title>
<meta http-equiv="Content-Type" content="text/html;charset=utf-8" />
  <meta name='ocr-system' content='tesseract 3.04.00' />
  <meta name='ocr-capabilities' content='ocr_page ocr_carea ocr_par ocr_line ocrx_word'/>
</head>
<body>
  <div class='ocr_page' id='page_1' title='image "./patrologiaecurs13goog/patrologiaecurs13goog_0660.png"; bbox 0 0 3870 6120; ppageno 0'>
   <div class='ocr_carea' id='block_1_1' title="bbox 66 210 1139 278">
    <p class='ocr_par' dir='ltr' id='par_1_1' title="bbox 66 210 1139 278">
     <span class='ocr_line' id='line_1_1' title="bbox 66 210 1139 278; baseline 0.005 -7"><span class='ocrx_word' id='word_1_1' title='bbox 66 210 140 271; x_wconf 81' lang='lat'>13¹3</span> <span class='ocrx_word' id='word_1_2' title='bbox 713 218 821 275; x_wconf 72' lang='lat' dir='ltr'>LIBER</span> <span class='ocrx_word' id='word_1_3' title='bbox 839 214 1139 278; x_wconf 79' lang='lat' dir='ltr'>uuovueelouuat.</span> 
     </span>
    </p>
   </div>
   <div class='ocr_carea' id='block_1_2' title="bbox 45 337 1521 479">
    <p class='ocr_par' dir='ltr' id='par_1_2' title="bbox 45 337 1521 479">
     <span class='ocr_line' id='line_1_2' title="bbox 45 337 1521 479; baseline 0.007 -80"><span class='ocrx_word' id='word_1_4' title='bbox 45 342 137 399; x_wconf 88' lang='lat' dir='ltr'>·Viee</span> <span class='ocrx_word' id='word_1_5' title='bbox 151 338 245 408; x_wconf 89' lang='lat' dir='ltr'>enim,</span> <span class='ocrx_word' id='word_1_6' title='bbox 260 355 325 413; x_wconf 84' lang='lat' dir='ltr'>que</span> <span class='ocrx_word' id='word_1_7' title='bbox 341 356 358 396; x_wconf 92' lang='lat' dir='ltr'>a</span> <span class='ocrx_word' id='word_1_8' title='bbox 372 337 484 397; x_wconf 77' lang='lat' dir='ltr'><strong>dextris</strong></span> <span class='ocrx_word' id='word_1_9' title='bbox 498 347 579 411; x_wconf 88' lang='lat' dir='ltr'>eunt,</span> <span class='ocrx_word' id='word_1_10' title='bbox 597 344 676 402; x_wconf 82' lang='lat' dir='ltr'>novit</span> <span class='ocrx_word' id='word_1_11' title='bbox 687 345 833 403; x_wconf 76' lang='lat' dir='ltr'><strong>Dominus</strong></span> <span class='ocrx_word' id='word_1_12' title='bbox 849 365 858 417; x_wconf 73' lang='grc' dir='ltr'><strong>ς</strong></span> <span class='ocrx_word' id='word_1_13' title='bbox 909 348 936 416; x_wconf 64' lang='grc' dir='ltr'><strong>Α</strong></span> <span class='ocrx_word' id='word_1_14' title='bbox 987 344 1017 402; x_wconf 89' lang='lat' dir='ltr'>ln</span> <span class='ocrx_word' id='word_1_15' title='bbox 1029 363 1131 404; x_wconf 88' lang='lat' dir='ltr'>amore</span> <span class='ocrx_word' id='word_1_16' title='bbox 1146 347 1211 419; x_wconf 80' lang='lat' dir='ltr'>eius</span> <span class='ocrx_word' id='word_1_17' title='bbox 1224 347 1372 407; x_wconf 80' lang='lat' dir='ltr'>delectare</span> <span class='ocrx_word' id='word_1_18' title='bbox 1398 351 1521 479; x_wconf 77' lang='lat' dir='ltr'>jugiter.</span> 
     </span>
    </p>
   </div>
   <div class='ocr_carea' id='block_1_3' title="bbox 61 414 1772 3491">
    <p class='ocr_par' dir='ltr' id='par_1_3' title="bbox 61 414 1772 3491">
     <span class='ocr_line' id='line_1_3' title="bbox 101 414 1525 498; baseline 0.008 -27"><span class='ocrx_word' id='word_1_19' title='bbox 101 427 245 486; x_wconf 85' lang='lat' dir='ltr'>perverse</span> <span class='ocrx_word' id='word_1_20' title='bbox 260 428 328 469; x_wconf 86' lang='lat' dir='ltr'>uero</span> <span class='ocrx_word' id='word_1_21' title='bbox 341 418 517 495; x_wconf 83' lang='lat' dir='ltr'>suntquea</span> <span class='ocrx_word' id='word_1_22' title='bbox 530 414 662 474; x_wconf 90' lang='lat' dir='ltr'>sinistris</span> <span class='ocrx_word' id='word_1_23' title='bbox 676 424 756 476; x_wconf 81' lang='lat' dir='ltr'>sunt</span> <span class='ocrx_word' id='word_1_24' title='bbox 951 418 1046 484; x_wconf 81' lang='lat' dir='ltr'>Quare</span> <span class='ocrx_word' id='word_1_25' title='bbox 1061 419 1224 490; x_wconf 89' lang='lat' dir='ltr'>seduceris,</span> <span class='ocrx_word' id='word_1_26' title='bbox 1240 420 1282 476; x_wconf 85' lang='lat' dir='ltr'>uli</span> <span class='ocrx_word' id='word_1_27' title='bbox 1299 421 1349 491; x_wconf 90' lang='lat' dir='ltr'>mi,</span> <span class='ocrx_word' id='word_1_28' title='bbox 1365 423 1402 479; x_wconf 91' lang='lat' dir='ltr'>eb</span> <span class='ocrx_word' id='word_1_29' title='bbox 1417 424 1525 498; x_wconf 89' lang='lat' dir='ltr'>eieue,</span> 
     </span>
     <span class='ocr_line' id='line_1_4' title="bbox 64 484 1422 561; baseline 0.005 -18"><span class='ocrx_word' id='word_1_30' title='bbox 64 486 134 561; x_wconf 88' lang='lat' dir='ltr'>lpse</span> <span class='ocrx_word' id='word_1_31' title='bbox 148 491 247 542; x_wconf 88' lang='lat' dir='ltr'>eutem</span> <span class='ocrx_word' id='word_1_32' title='bbox 263 487 357 541; x_wconf 88' lang='lat' dir='ltr'>rectos</span> <span class='ocrx_word' id='word_1_33' title='bbox 372 484 458 541; x_wconf 86' lang='lat' dir='ltr'>lucret</span> <span class='ocrx_word' id='word_1_34' title='bbox 472 492 669 556; x_wconf 89' lang='lat' dir='ltr'>cureustuoe,</span> <span class='ocrx_word' id='word_1_35' title='bbox 980 494 1010 545; x_wconf 93' lang='lat' dir='ltr'>et</span> <span class='ocrx_word' id='word_1_36' title='bbox 1025 490 1132 546; x_wconf 84' lang='lat' dir='ltr'>leveris</span> <span class='ocrx_word' id='word_1_37' title='bbox 1147 491 1178 548; x_wconf 90' lang='lat' dir='ltr'>in</span> <span class='ocrx_word' id='word_1_38' title='bbox 1194 491 1261 547; x_wconf 91' lang='lat' dir='ltr'>sinu</span> <span class='ocrx_word' id='word_1_39' title='bbox 1277 491 1422 550; x_wconf 85' lang='lat' dir='ltr'>ulterius?</span> 
     </span>
     <span class='ocr_line' id='line_1_5' title="bbox 101 556 1473 640; baseline 0.007 -27"><span class='ocrx_word' id='word_1_40' title='bbox 101 557 209 613; x_wconf 90' lang='lat' dir='ltr'>itinera</span> <span class='ocrx_word' id='word_1_41' title='bbox 222 560 322 639; x_wconf 81' lang='lat' dir='ltr'>eutem</span> <span class='ocrx_word' id='word_1_42' title='bbox 337 560 390 640; x_wconf 76' lang='lat' dir='ltr'>tue</span> <span class='ocrx_word' id='word_1_43' title='bbox 404 556 435 612; x_wconf 90' lang='lat' dir='ltr'>lu</span> <span class='ocrx_word' id='word_1_44' title='bbox 450 573 521 628; x_wconf 89' lang='lat' dir='ltr'>pecc</span> <span class='ocrx_word' id='word_1_45' title='bbox 536 560 685 631; x_wconf 82' lang='lat' dir='ltr'>producet.</span> <span class='ocrx_word' id='word_1_46' title='bbox 945 559 1080 632; x_wconf 84' lang='lat' dir='ltr'>Respicit</span> <span class='ocrx_word' id='word_1_47' title='bbox 1093 564 1238 619; x_wconf 86' lang='lat' dir='ltr'>Dominus</span> <span class='ocrx_word' id='word_1_48' title='bbox 1253 567 1316 620; x_wconf 84' lang='lat' dir='ltr'>vias</span> <span class='ocrx_word' id='word_1_49' title='bbox 1330 564 1473 632; x_wconf 88' lang='lat' dir='ltr'>bominis,</span> 
     </span>
     <span class='ocr_line' id='line_1_6' title="bbox 61 629 1541 706; baseline 0.007 -21"><span class='ocrx_word' id='word_1_50' title='bbox 61 629 143 702; x_wconf 83' lang='lat' dir='ltr'>[Cup.</span> <span class='ocrx_word' id='word_1_51' title='bbox 178 630 218 698; x_wconf 71' lang='grc'>7.]</span> <span class='ocrx_word' id='word_1_52' title='bbox 233 630 286 682; x_wconf 74' lang='lat' dir='ltr'>Fili</span> <span class='ocrx_word' id='word_1_53' title='bbox 304 644 356 694; x_wconf 88' lang='lat' dir='ltr'>mr,</span> <span class='ocrx_word' id='word_1_54' title='bbox 371 629 489 685; x_wconf 77' lang='lat' dir='ltr'>attende</span> <span class='ocrx_word' id='word_1_55' title='bbox 503 631 539 686; x_wconf 86' lang='lat' dir='ltr'>ed</span> <span class='ocrx_word' id='word_1_56' title='bbox 555 631 730 704; x_wconf 74' lang='lat' dir='ltr'>sapientiem</span> <span class='ocrx_word' id='word_1_57' title='bbox 746 646 855 690; x_wconf 91' lang='lat' dir='ltr'>meam.</span> <span class='ocrx_word' id='word_1_58' title='bbox 982 638 1012 687; x_wconf 91' lang='lat' dir='ltr'>et</span> <span class='ocrx_word' id='word_1_59' title='bbox 1026 649 1130 690; x_wconf 89' lang='lat' dir='ltr'>omnes</span> <span class='ocrx_word' id='word_1_60' title='bbox 1144 649 1267 706; x_wconf 87' lang='lat' dir='ltr'>gressus</span> <span class='ocrx_word' id='word_1_61' title='bbox 1281 634 1347 705; x_wconf 86' lang='lat' dir='ltr'>ejus</span> <span class='ocrx_word' id='word_1_62' title='bbox 1363 639 1541 695; x_wconf 87' lang='lat' dir='ltr'>considerat.</span> 
     </span>
     <span class='ocr_line' id='line_1_7' title="bbox 98 698 1477 782; baseline 0.005 -24"><span class='ocrx_word' id='word_1_63' title='bbox 98 706 128 758; x_wconf 87' lang='lat' dir='ltr'>st</span> <span class='ocrx_word' id='word_1_64' title='bbox 143 698 305 772; x_wconf 82' lang='lat' dir='ltr'>prudentie</span> <span class='ocrx_word' id='word_1_65' title='bbox 321 700 517 782; x_wconf 26' lang='lat' dir='ltr'>meeuiuuiina</span> <span class='ocrx_word' id='word_1_66' title='bbox 531 719 632 760; x_wconf 90' lang='lat' dir='ltr'>eurem</span> <span class='ocrx_word' id='word_1_67' title='bbox 649 712 742 774; x_wconf 89' lang='lat' dir='ltr'>tuem,</span> <span class='ocrx_word' id='word_1_68' title='bbox 946 702 1120 775; x_wconf 76' lang='lat' dir='ltr'>iniquitates</span> <span class='ocrx_word' id='word_1_69' title='bbox 1135 721 1195 761; x_wconf 83' lang='lat' dir='ltr'>sue</span> <span class='ocrx_word' id='word_1_70' title='bbox 1205 706 1327 777; x_wconf 88' lang='lat' dir='ltr'>cupiunt</span> <span class='ocrx_word' id='word_1_71' title='bbox 1341 708 1477 780; x_wconf 89' lang='lat' dir='ltr'>impium,</span> 
     </span>
     <span class='ocr_line' id='line_1_8' title="bbox 64 770 1703 855; baseline 0.008 -26"><span class='ocrx_word' id='word_1_72' title='bbox 64 772 103 829; x_wconf 88' lang='lat' dir='ltr'>Ut</span> <span class='ocrx_word' id='word_1_73' title='bbox 116 770 270 854; x_wconf 78' lang='lat' dir='ltr'>custodies</span> <span class='ocrx_word' id='word_1_74' title='bbox 280 776 484 855; x_wconf 71' lang='lat' dir='ltr'>cogitationes,</span> <span class='ocrx_word' id='word_1_75' title='bbox 982 783 1011 830; x_wconf 87' lang='lat' dir='ltr'>et</span> <span class='ocrx_word' id='word_1_76' title='bbox 1024 776 1144 832; x_wconf 85' lang='lat' dir='ltr'>t&#39;unibus</span> <span class='ocrx_word' id='word_1_77' title='bbox 1155 783 1340 849; x_wconf 90' lang='lat' dir='ltr'>peccatorum</span> <span class='ocrx_word' id='word_1_78' title='bbox 1351 795 1472 837; x_wconf 90' lang='lat' dir='ltr'>suorum</span> <span class='ocrx_word' id='word_1_79' title='bbox 1482 780 1703 853; x_wconf 85' lang='lat' dir='ltr'>constringitur.</span> 
     </span>
     <span class='ocr_line' id='line_1_9' title="bbox 99 841 1651 926; baseline 0.006 -25"><span class='ocrx_word' id='word_1_80' title='bbox 99 849 129 901; x_wconf 89' lang='lat' dir='ltr'>et</span> <span class='ocrx_word' id='word_1_81' title='bbox 143 841 331 915; x_wconf 82' lang='lat' dir='ltr'>disciplinam</span> <span class='ocrx_word' id='word_1_82' title='bbox 346 841 425 899; x_wconf 86' lang='lat' dir='ltr'>labra</span> <span class='ocrx_word' id='word_1_83' title='bbox 438 847 491 900; x_wconf 90' lang='lat' dir='ltr'>tua</span> <span class='ocrx_word' id='word_1_84' title='bbox 505 850 687 903; x_wconf 83' lang='lat' dir='ltr'>conseruent.</span> <span class='ocrx_word' id='word_1_85' title='bbox 947 845 1013 919; x_wconf 90' lang='lat' dir='ltr'>lpse</span> <span class='ocrx_word' id='word_1_86' title='bbox 1026 848 1178 916; x_wconf 89' lang='lat' dir='ltr'>morietur,</span> <span class='ocrx_word' id='word_1_87' title='bbox 1190 849 1261 920; x_wconf 89' lang='lat' dir='ltr'>quia</span> <span class='ocrx_word' id='word_1_88' title='bbox 1275 866 1332 906; x_wconf 92' lang='lat' dir='ltr'>non</span> <span class='ocrx_word' id='word_1_89' title='bbox 1344 850 1447 908; x_wconf 91' lang='lat' dir='ltr'>babuit</span> <span class='ocrx_word' id='word_1_90' title='bbox 1460 852 1651 926; x_wconf 83' lang='lat' dir='ltr'>disciplinae,</span> 
     </span>
     <span class='ocr_line' id='line_1_10' title="bbox 137 913 1660 996; baseline 0.008 -26"><span class='ocrx_word' id='word_1_91' title='bbox 137 918 146 952; x_wconf 92' lang='lat'>¹</span> <span class='ocrx_word' id='word_1_92' title='bbox 162 918 256 971; x_wconf 68' lang='lat' dir='ltr'>davus</span> <span class='ocrx_word' id='word_1_93' title='bbox 271 914 350 971; x_wconf 89' lang='lat' dir='ltr'>enim</span> <span class='ocrx_word' id='word_1_94' title='bbox 365 913 515 972; x_wconf 78' lang='lat' dir='ltr'>distillans</span> <span class='ocrx_word' id='word_1_95' title='bbox 528 915 606 975; x_wconf 90' lang='lat' dir='ltr'>labia</span> <span class='ocrx_word' id='word_1_96' title='bbox 621 917 797 986; x_wconf 86' lang='lat' dir='ltr'>meretricie,</span> <span class='ocrx_word' id='word_1_97' title='bbox 986 924 1015 974; x_wconf 89' lang='lat' dir='ltr'>et</span> <span class='ocrx_word' id='word_1_98' title='bbox 1027 919 1057 974; x_wconf 92' lang='lat' dir='ltr'>in</span> <span class='ocrx_word' id='word_1_99' title='bbox 1072 918 1263 976; x_wconf 90' lang='lat' dir='ltr'>multitudine</span> <span class='ocrx_word' id='word_1_100' title='bbox 1276 920 1408 978; x_wconf 69' lang='lat' dir='ltr'>stultitiae</span> <span class='ocrx_word' id='word_1_101' title='bbox 1419 940 1478 980; x_wconf 80' lang='lat' dir='ltr'>aue</span> <span class='ocrx_word' id='word_1_102' title='bbox 1489 924 1660 996; x_wconf 89' lang='lat' dir='ltr'>decipietur.</span> 
     </span>
     <span class='ocr_line' id='line_1_11' title="bbox 100 984 1707 1068; baseline 0.008 -26"><span class='ocrx_word' id='word_1_103' title='bbox 100 991 130 1042; x_wconf 88' lang='lat' dir='ltr'>et</span> <span class='ocrx_word' id='word_1_104' title='bbox 144 986 269 1043; x_wconf 86' lang='lat' dir='ltr'>nitidius</span> <span class='ocrx_word' id='word_1_105' title='bbox 279 984 343 1042; x_wconf 89' lang='lat' dir='ltr'>oleo</span> <span class='ocrx_word' id='word_1_106' title='bbox 379 988 460 1042; x_wconf 84' lang='lat' dir='ltr'>uitur</span> <span class='ocrx_word' id='word_1_107' title='bbox 474 987 539 1059; x_wconf 73' lang='lat' dir='ltr'>ejus</span> <span class='ocrx_word' id='word_1_108' title='bbox 555 1003 563 1043; x_wconf 75' lang='grc' dir='ltr'><strong>ε</strong></span> <span class='ocrx_word' id='word_1_109' title='bbox 948 988 1017 1061; x_wconf 82' lang='lat' dir='ltr'>[Cup</span> <span class='ocrx_word' id='word_1_110' title='bbox 1036 990 1148 1062; x_wconf 82' lang='lat' dir='ltr'>Vi.]t·&#39;ili</span> <span class='ocrx_word' id='word_1_111' title='bbox 1165 991 1216 1060; x_wconf 92' lang='lat' dir='ltr'>mi,</span> <span class='ocrx_word' id='word_1_112' title='bbox 1232 991 1256 1048; x_wconf 90' lang='lat' dir='ltr'>sl</span> <span class='ocrx_word' id='word_1_113' title='bbox 1272 994 1467 1065; x_wconf 90' lang='lat' dir='ltr'>spoponderis</span> <span class='ocrx_word' id='word_1_114' title='bbox 1483 1012 1534 1068; x_wconf 93' lang='lat' dir='ltr'>pro</span> <span class='ocrx_word' id='word_1_115' title='bbox 1547 998 1641 1054; x_wconf 84' lang='lat' dir='ltr'>emico</span> <span class='ocrx_word' id='word_1_116' title='bbox 1656 1002 1707 1055; x_wconf 90' lang='lat' dir='ltr'>tuo</span> 
     </span>
     <span class='ocr_line' id='line_1_12' title="bbox 63 1002 1718 1142; baseline 0.007 -27"><span class='ocrx_word' id='word_1_117' title='bbox 63 1057 234 1115; x_wconf 84' lang='lat' dir='ltr'>Novissime</span> <span class='ocrx_word' id='word_1_118' title='bbox 247 1062 347 1140; x_wconf 84' lang='lat' dir='ltr'>autem</span> <span class='ocrx_word' id='word_1_119' title='bbox 358 1002 550 1142; x_wconf 31' lang='lat' dir='ltr'>iiiiii-semera</span> <span class='ocrx_word' id='word_1_120' title='bbox 560 1059 646 1133; x_wconf 91' lang='lat' dir='ltr'>quasi</span> <span class='ocrx_word' id='word_1_121' title='bbox 661 1057 857 1127; x_wconf 81' lang='lat' dir='ltr'>absinthium,</span> <span class='ocrx_word' id='word_1_122' title='bbox 982 1060 1108 1118; x_wconf 83' lang='lat' dir='ltr'>defixisti</span> <span class='ocrx_word' id='word_1_123' title='bbox 1121 1063 1197 1134; x_wconf 90' lang='lat' dir='ltr'>epud</span> <span class='ocrx_word' id='word_1_124' title='bbox 1211 1069 1380 1121; x_wconf 86' lang='lat' dir='ltr'>extraneum</span> <span class='ocrx_word' id='word_1_125' title='bbox 1397 1082 1519 1123; x_wconf 89' lang='lat' dir='ltr'>menum</span> <span class='ocrx_word' id='word_1_126' title='bbox 1534 1072 1638 1139; x_wconf 78' lang='lat' dir='ltr'>tuam3</span> <span class='ocrx_word' id='word_1_127' title='bbox 1710 1040 1718 1068; x_wconf 71' lang='grc'><strong>’</strong></span> 
     </span>
     <span class='ocr_line' id='line_1_13' title="bbox 100 1129 1419 1204; baseline 0.006 -19"><span class='ocrx_word' id='word_1_128' title='bbox 100 1133 131 1185; x_wconf 91' lang='lat' dir='ltr'>et</span> <span class='ocrx_word' id='word_1_129' title='bbox 145 1133 232 1185; x_wconf 87' lang='lat' dir='ltr'>acuta</span> <span class='ocrx_word' id='word_1_130' title='bbox 246 1144 330 1201; x_wconf 85' lang='lat' dir='ltr'>quasi</span> <span class='ocrx_word' id='word_1_131' title='bbox 343 1129 462 1201; x_wconf 76' lang='lat' dir='ltr'>gladius</span> <span class='ocrx_word' id='word_1_132' title='bbox 473 1129 584 1202; x_wconf 78' lang='lat' dir='ltr'>biceps.</span> <span class='ocrx_word' id='word_1_133' title='bbox 947 1131 1117 1204; x_wconf 85' lang='lat' dir='ltr'>iluqueatue</span> <span class='ocrx_word' id='word_1_134' title='bbox 1132 1150 1163 1189; x_wconf 89' lang='lat' dir='ltr'>es</span> <span class='ocrx_word' id='word_1_135' title='bbox 1175 1135 1271 1190; x_wconf 86' lang='lat' dir='ltr'>verbis</span> <span class='ocrx_word' id='word_1_136' title='bbox 1289 1136 1349 1192; x_wconf 90' lang='lat' dir='ltr'>oris</span> <span class='ocrx_word' id='word_1_137' title='bbox 1364 1137 1419 1204; x_wconf 92' lang='lat' dir='ltr'>tui,</span> 
     </span>
     <span class='ocr_line' id='line_1_14' title="bbox 63 1201 1481 1283; baseline 0.006 -26"><span class='ocrx_word' id='word_1_138' title='bbox 63 1201 158 1258; x_wconf 85' lang='lat' dir='ltr'>Pedes</span> <span class='ocrx_word' id='word_1_139' title='bbox 172 1201 238 1272; x_wconf 72' lang='lat' dir='ltr'>elue</span> <span class='ocrx_word' id='word_1_140' title='bbox 253 1201 441 1257; x_wconf 88' lang='lat' dir='ltr'>descendunt</span> <span class='ocrx_word' id='word_1_141' title='bbox 454 1202 488 1283; x_wconf 83' lang='lat' dir='ltr'>in</span> <span class='ocrx_word' id='word_1_142' title='bbox 500 1209 636 1260; x_wconf 88' lang='lat' dir='ltr'>mortem.</span> <span class='ocrx_word' id='word_1_143' title='bbox 983 1209 1012 1260; x_wconf 90' lang='lat' dir='ltr'>et</span> <span class='ocrx_word' id='word_1_144' title='bbox 1026 1211 1128 1275; x_wconf 86' lang='lat' dir='ltr'>eaptus</span> <span class='ocrx_word' id='word_1_145' title='bbox 1141 1221 1192 1277; x_wconf 87' lang='lat' dir='ltr'>pro</span> <span class='ocrx_word' id='word_1_146' title='bbox 1215 1205 1267 1262; x_wconf 88' lang='lat' dir='ltr'>riis</span> <span class='ocrx_word' id='word_1_147' title='bbox 1282 1209 1481 1266; x_wconf 83' lang='lat' dir='ltr'>sermonibus.</span> 
     </span>
     <span class='ocr_line' id='line_1_15' title="bbox 98 1223 1770 1358; baseline 0.008 -30"><span class='ocrx_word' id='word_1_148' title='bbox 98 1277 128 1328; x_wconf 90' lang='lat' dir='ltr'>et</span> <span class='ocrx_word' id='word_1_149' title='bbox 138 1272 174 1328; x_wconf 94' lang='lat' dir='ltr'>ad</span> <span class='ocrx_word' id='word_1_150' title='bbox 188 1271 298 1328; x_wconf 84' lang='lat' dir='ltr'>interos</span> <span class='ocrx_word' id='word_1_151' title='bbox 310 1287 432 1343; x_wconf 80' lang='lat' dir='ltr'>gressus</span> <span class='ocrx_word' id='word_1_152' title='bbox 447 1271 528 1330; x_wconf 85' lang='lat' dir='ltr'>illius</span> <span class='ocrx_word' id='word_1_153' title='bbox 543 1278 709 1347; x_wconf 89' lang='lat' dir='ltr'>penetrant.</span> <span class='ocrx_word' id='word_1_154' title='bbox 947 1274 1003 1331; x_wconf 81' lang='lat' dir='ltr'>Fac</span> <span class='ocrx_word' id='word_1_155' title='bbox 1018 1290 1086 1349; x_wconf 91' lang='lat' dir='ltr'>ergo</span> <span class='ocrx_word' id='word_1_156' title='bbox 1100 1277 1178 1358; x_wconf 89' lang='lat' dir='ltr'>quod</span> <span class='ocrx_word' id='word_1_157' title='bbox 1190 1223 1266 1343; x_wconf 72' lang='lat' dir='ltr'>irco,</span> <span class='ocrx_word' id='word_1_158' title='bbox 1282 1277 1323 1334; x_wconf 84' lang='lat' dir='ltr'>sili</span> <span class='ocrx_word' id='word_1_159' title='bbox 1339 1278 1391 1350; x_wconf 90' lang='lat' dir='ltr'>mi,</span> <span class='ocrx_word' id='word_1_160' title='bbox 1408 1285 1437 1337; x_wconf 91' lang='lat' dir='ltr'>et</span> <span class='ocrx_word' id='word_1_161' title='bbox 1451 1280 1641 1353; x_wconf 88' lang='lat' dir='ltr'>temetipsum</span> <span class='ocrx_word' id='word_1_162' title='bbox 1658 1282 1770 1342; x_wconf 86' lang='lat' dir='ltr'>libera:</span> 
     </span>
     <span class='ocr_line' id='line_1_16' title="bbox 62 1342 1583 1426; baseline 0.007 -27"><span class='ocrx_word' id='word_1_163' title='bbox 62 1342 117 1401; x_wconf 90' lang='lat' dir='ltr'>Per</span> <span class='ocrx_word' id='word_1_164' title='bbox 133 1344 271 1426; x_wconf 79' lang='lat' dir='ltr'>semitam</span> <span class='ocrx_word' id='word_1_165' title='bbox 286 1342 352 1400; x_wconf 83' lang='lat' dir='ltr'>vite</span> <span class='ocrx_word' id='word_1_166' title='bbox 365 1360 423 1400; x_wconf 90' lang='lat' dir='ltr'>non</span> <span class='ocrx_word' id='word_1_167' title='bbox 437 1344 603 1418; x_wconf 90' lang='lat' dir='ltr'>ambulant,</span> <span class='ocrx_word' id='word_1_168' title='bbox 1005 1345 1055 1403; x_wconf 89' lang='lat' dir='ltr'>uia</span> <span class='ocrx_word' id='word_1_169' title='bbox 1063 1347 1195 1404; x_wconf 85' lang='lat' dir='ltr'>incidisti</span> <span class='ocrx_word' id='word_1_170' title='bbox 1210 1347 1239 1404; x_wconf 92' lang='lat' dir='ltr'>in</span> <span class='ocrx_word' id='word_1_171' title='bbox 1254 1365 1376 1407; x_wconf 90' lang='lat' dir='ltr'>manum</span> <span class='ocrx_word' id='word_1_172' title='bbox 1392 1352 1583 1423; x_wconf 89' lang='lat' dir='ltr'>proximitui.</span> 
     </span>
     <span class='ocr_line' id='line_1_17' title="bbox 62 1363 1667 1558; baseline 0.009 -88"><span class='ocrx_word' id='word_1_173' title='bbox 62 1420 251 1558; x_wconf 50' lang='lat' dir='ltr'>Nggogregggt</span> <span class='ocrx_word' id='word_1_174' title='bbox 260 1415 477 1544; x_wconf 49' lang='lat' dir='ltr'>ilieniiiiieiries’</span> <span class='ocrx_word' id='word_1_175' title='bbox 492 1424 521 1473; x_wconf 89' lang='lat' dir='ltr'>et</span> <span class='ocrx_word' id='word_1_176' title='bbox 535 1417 757 1491; x_wconf 84' lang='lat' dir='ltr'>investigabiles</span> <span class='ocrx_word' id='word_1_177' title='bbox 772 1416 794 1473; x_wconf 80' lang='lat'>².</span> <span class='ocrx_word' id='word_1_178' title='bbox 949 1363 1273 1547; x_wconf 46' lang='lat' dir='ltr'>Nffiiffl‘iss’ffiffi&#39;,</span> <span class='ocrx_word' id='word_1_179' title='bbox 1283 1420 1395 1549; x_wconf 45' lang='lat' dir='ltr'>sgscgte</span> <span class='ocrx_word' id='word_1_180' title='bbox 1407 1424 1540 1550; x_wconf 56' lang='lat' dir='ltr'>:emicunt</span> <span class='ocrx_word' id='word_1_181' title='bbox 1556 1429 1642 1481; x_wconf 88' lang='lat' dir='ltr'>tuum</span> <span class='ocrx_word' id='word_1_182' title='bbox 1659 1442 1667 1484; x_wconf 75' lang='grc' dir='ltr'>ι</span> 
     </span>
     <span class='ocr_line' id='line_1_18' title="bbox 236 1509 1468 1554; baseline -0.002 0"><span class='ocrx_word' id='word_1_183' title='bbox 236 1531 244 1554; x_wconf 76' lang='grc'>,</span> <span class='ocrx_word' id='word_1_184' title='bbox 305 1530 313 1554; x_wconf 74' lang='grc'><em>,</em></span> <span class='ocrx_word' id='word_1_185' title='bbox 465 1528 473 1553; x_wconf 69' lang='lat'>2</span> <span class='ocrx_word' id='word_1_186' title='bbox 1316 1509 1352 1549; x_wconf 93' lang='lat' dir='ltr'>cn</span> <span class='ocrx_word' id='word_1_187' title='bbox 1367 1509 1392 1550; x_wconf 86' lang='lat' dir='ltr'>re</span> <span class='ocrx_word' id='word_1_188' title='bbox 1421 1510 1468 1552; x_wconf 83' lang='lat' dir='ltr'>uis</span> 
     </span>
     <span class='ocr_line' id='line_1_19' title="bbox 98 1537 1477 1635; baseline 0.007 -21"><span class='ocrx_word' id='word_1_189' title='bbox 98 1563 128 1614; x_wconf 90' lang='lat' dir='ltr'>et</span> <span class='ocrx_word' id='word_1_190' title='bbox 143 1575 180 1615; x_wconf 93' lang='lat' dir='ltr'>ne</span> <span class='ocrx_word' id='word_1_191' title='bbox 195 1558 315 1614; x_wconf 89' lang='lat' dir='ltr'>recedas</span> <span class='ocrx_word' id='word_1_192' title='bbox 330 1576 348 1614; x_wconf 93' lang='lat' dir='ltr'>e</span> <span class='ocrx_word' id='word_1_193' title='bbox 372 1557 471 1614; x_wconf 82' lang='lat' dir='ltr'>verbis</span> <span class='ocrx_word' id='word_1_194' title='bbox 486 1558 547 1617; x_wconf 89' lang='lat' dir='ltr'>oris</span> <span class='ocrx_word' id='word_1_195' title='bbox 558 1560 627 1618; x_wconf 88' lang='lat' dir='ltr'>mei.</span> <span class='ocrx_word' id='word_1_196' title='bbox 985 1574 1039 1617; x_wconf 90' lang='lat' dir='ltr'>nso</span> <span class='ocrx_word' id='word_1_197' title='bbox 1051 1561 1214 1619; x_wconf 88' lang='lat' dir='ltr'>dormitent</span> <span class='ocrx_word' id='word_1_198' title='bbox 1229 1562 1375 1635; x_wconf 84' lang='lat' dir='ltr'>palpebre</span> <span class='ocrx_word' id='word_1_199' title='bbox 1383 1571 1452 1623; x_wconf 74' lang='lat' dir='ltr'>tues.</span> <span class='ocrx_word' id='word_1_200' title='bbox 1470 1537 1477 1564; x_wconf 69' lang='grc'><strong><em>’</em></strong></span> 
     </span>
     <span class='ocr_line' id='line_1_20' title="bbox 61 1629 1462 1704; baseline 0.005 -17"><span class='ocrx_word' id='word_1_201' title='bbox 61 1630 164 1702; x_wconf 82' lang='lat' dir='ltr'>Longe</span> <span class='ocrx_word' id='word_1_202' title='bbox 179 1629 223 1686; x_wconf 88' lang='lat' dir='ltr'>iac</span> <span class='ocrx_word' id='word_1_203' title='bbox 238 1630 276 1685; x_wconf 89' lang='lat' dir='ltr'>ab</span> <span class='ocrx_word' id='word_1_204' title='bbox 292 1645 327 1686; x_wconf 90' lang='lat' dir='ltr'>ea</span> <span class='ocrx_word' id='word_1_205' title='bbox 341 1630 418 1685; x_wconf 87' lang='lat' dir='ltr'>viem</span> <span class='ocrx_word' id='word_1_206' title='bbox 431 1633 528 1697; x_wconf 89' lang='lat' dir='ltr'>tuam,</span> <span class='ocrx_word' id='word_1_207' title='bbox 949 1632 1058 1688; x_wconf 82' lang='lat' dir='ltr'>Eruere</span> <span class='ocrx_word' id='word_1_208' title='bbox 1074 1633 1160 1704; x_wconf 87' lang='lat' dir='ltr'>quusi</span> <span class='ocrx_word' id='word_1_209' title='bbox 1175 1634 1295 1691; x_wconf 88' lang='lat' dir='ltr'>demule</span> <span class='ocrx_word' id='word_1_210' title='bbox 1310 1636 1346 1692; x_wconf 89' lang='lat' dir='ltr'>de</span> <span class='ocrx_word' id='word_1_211' title='bbox 1363 1653 1462 1704; x_wconf 84' lang='lat' dir='ltr'>mauu,</span> 
     </span>
     <span class='ocr_line' id='line_1_21' title="bbox 99 1700 1520 1789; baseline 0.008 -32"><span class='ocrx_word' id='word_1_212' title='bbox 99 1708 128 1758; x_wconf 88' lang='lat' dir='ltr'>et</span> <span class='ocrx_word' id='word_1_213' title='bbox 143 1717 179 1757; x_wconf 89' lang='lat' dir='ltr'>ne</span> <span class='ocrx_word' id='word_1_214' title='bbox 193 1700 415 1773; x_wconf 87' lang='lat' dir='ltr'>appropinques</span> <span class='ocrx_word' id='word_1_215' title='bbox 432 1701 546 1760; x_wconf 88' lang='lat' dir='ltr'>loribus</span> <span class='ocrx_word' id='word_1_216' title='bbox 561 1702 669 1760; x_wconf 87' lang='lat' dir='ltr'>domus</span> <span class='ocrx_word' id='word_1_217' title='bbox 683 1702 760 1775; x_wconf 78' lang='lat' dir='ltr'>elus.</span> <span class='ocrx_word' id='word_1_218' title='bbox 910 1723 936 1789; x_wconf 75' lang='lat' dir='ltr'>B</span> <span class='ocrx_word' id='word_1_219' title='bbox 986 1709 1015 1759; x_wconf 88' lang='lat' dir='ltr'>et</span> <span class='ocrx_word' id='word_1_220' title='bbox 1029 1703 1115 1775; x_wconf 88' lang='lat' dir='ltr'>quasi</span> <span class='ocrx_word' id='word_1_221' title='bbox 1129 1705 1191 1760; x_wconf 86' lang='lat' dir='ltr'>avis</span> <span class='ocrx_word' id='word_1_222' title='bbox 1206 1707 1242 1761; x_wconf 92' lang='lat' dir='ltr'>de</span> <span class='ocrx_word' id='word_1_223' title='bbox 1256 1707 1373 1764; x_wconf 89' lang='lat' dir='ltr'>insidiis</span> <span class='ocrx_word' id='word_1_224' title='bbox 1387 1708 1520 1783; x_wconf 88' lang='lat' dir='ltr'>aucupis.</span> 
     </span>
     <span class='ocr_line' id='line_1_22' title="bbox 63 1772 1387 1851; baseline 0.005 -22"><span class='ocrx_word' id='word_1_225' title='bbox 63 1772 108 1829; x_wconf 88' lang='lat' dir='ltr'>Ne</span> <span class='ocrx_word' id='word_1_226' title='bbox 122 1774 175 1829; x_wconf 92' lang='lat' dir='ltr'>des</span> <span class='ocrx_word' id='word_1_227' title='bbox 189 1772 295 1829; x_wconf 89' lang='lat' dir='ltr'>alienis</span> <span class='ocrx_word' id='word_1_228' title='bbox 309 1773 450 1830; x_wconf 89' lang='lat' dir='ltr'>bonorem</span> <span class='ocrx_word' id='word_1_229' title='bbox 460 1779 555 1845; x_wconf 90' lang='lat' dir='ltr'>tuum,</span> <span class='ocrx_word' id='word_1_230' title='bbox 949 1773 1028 1831; x_wconf 89' lang='lat' dir='ltr'>Vade</span> <span class='ocrx_word' id='word_1_231' title='bbox 1041 1774 1077 1831; x_wconf 87' lang='lat' dir='ltr'>ed</span> <span class='ocrx_word' id='word_1_232' title='bbox 1093 1776 1284 1842; x_wconf 56' lang='lat' dir='ltr'>formicano</span> <span class='ocrx_word' id='word_1_233' title='bbox 1296 1779 1387 1851; x_wconf 89' lang='lat' dir='ltr'>piger,</span> 
     </span>
     <span class='ocr_line' id='line_1_23' title="bbox 102 1842 1696 1926; baseline 0.006 -26"><span class='ocrx_word' id='word_1_234' title='bbox 102 1848 130 1901; x_wconf 86' lang='lat' dir='ltr'>st</span> <span class='ocrx_word' id='word_1_235' title='bbox 144 1859 239 1902; x_wconf 90' lang='lat' dir='ltr'>annos</span> <span class='ocrx_word' id='word_1_236' title='bbox 252 1848 320 1901; x_wconf 89' lang='lat' dir='ltr'>tuos</span> <span class='ocrx_word' id='word_1_237' title='bbox 334 1842 457 1901; x_wconf 90' lang='lat' dir='ltr'>crudeli.</span> <span class='ocrx_word' id='word_1_238' title='bbox 983 1852 1014 1903; x_wconf 91' lang='lat' dir='ltr'>et</span> <span class='ocrx_word' id='word_1_239' title='bbox 1027 1847 1254 1905; x_wconf 71' lang='lat' dir='ltr'>considerantes</span> <span class='ocrx_word' id='word_1_240' title='bbox 1268 1850 1346 1920; x_wconf 75' lang='lat' dir='ltr'>eius,</span> <span class='ocrx_word' id='word_1_241' title='bbox 1361 1856 1390 1908; x_wconf 90' lang='lat' dir='ltr'>et</span> <span class='ocrx_word' id='word_1_242' title='bbox 1403 1851 1668 1926; x_wconf 89' lang='lat' dir='ltr'>disceeepientiam</span> <span class='ocrx_word' id='word_1_243' title='bbox 1687 1871 1696 1923; x_wconf 74' lang='grc' dir='ltr'>ς</span> 
     </span>
     <span class='ocr_line' id='line_1_24' title="bbox 63 1914 1424 1989; baseline 0.006 -17"><span class='ocrx_word' id='word_1_244' title='bbox 63 1915 106 1972; x_wconf 90' lang='lat' dir='ltr'>Ne</span> <span class='ocrx_word' id='word_1_245' title='bbox 117 1916 192 1972; x_wconf 88' lang='lat' dir='ltr'>iorta</span> <span class='ocrx_word' id='word_1_246' title='bbox 205 1914 385 1989; x_wconf 86' lang='lat' dir='ltr'>impleantur</span> <span class='ocrx_word' id='word_1_247' title='bbox 399 1915 530 1973; x_wconf 85' lang='lat' dir='ltr'>extranei</span> <span class='ocrx_word' id='word_1_248' title='bbox 545 1915 659 1974; x_wconf 86' lang='lat' dir='ltr'>viribus</span> <span class='ocrx_word' id='word_1_249' title='bbox 674 1916 745 1985; x_wconf 89' lang='lat' dir='ltr'>tuis,</span> <span class='ocrx_word' id='word_1_250' title='bbox 948 1918 1017 1983; x_wconf 82' lang='lat' dir='ltr'>Quae</span> <span class='ocrx_word' id='word_1_251' title='bbox 1032 1934 1099 1974; x_wconf 88' lang='lat' dir='ltr'>oum</span> <span class='ocrx_word' id='word_1_252' title='bbox 1116 1935 1174 1976; x_wconf 93' lang='lat' dir='ltr'>nou</span> <span class='ocrx_word' id='word_1_253' title='bbox 1190 1918 1297 1979; x_wconf 81' lang='lat' dir='ltr'>babent</span> <span class='ocrx_word' id='word_1_254' title='bbox 1307 1921 1424 1988; x_wconf 85' lang='lat' dir='ltr'>ducem,</span> 
     </span>
     <span class='ocr_line' id='line_1_25' title="bbox 104 1987 1515 2067; baseline 0.006 -24"><span class='ocrx_word' id='word_1_255' title='bbox 104 1992 133 2044; x_wconf 91' lang='lat' dir='ltr'>et</span> <span class='ocrx_word' id='word_1_256' title='bbox 149 1987 263 2044; x_wconf 87' lang='lat' dir='ltr'>labores</span> <span class='ocrx_word' id='word_1_257' title='bbox 275 1987 319 2044; x_wconf 90' lang='lat' dir='ltr'>tui</span> <span class='ocrx_word' id='word_1_258' title='bbox 333 1987 394 2044; x_wconf 89' lang='lat' dir='ltr'>eint</span> <span class='ocrx_word' id='word_1_259' title='bbox 408 1987 439 2044; x_wconf 91' lang='lat' dir='ltr'>iu</span> <span class='ocrx_word' id='word_1_260' title='bbox 454 1989 540 2045; x_wconf 90' lang='lat' dir='ltr'>doruo</span> <span class='ocrx_word' id='word_1_261' title='bbox 555 1988 671 2047; x_wconf 89' lang='lat' dir='ltr'>aliena:</span> <span class='ocrx_word' id='word_1_262' title='bbox 985 2005 1037 2046; x_wconf 92' lang='lat' dir='ltr'>nec</span> <span class='ocrx_word' id='word_1_263' title='bbox 1052 1994 1269 2062; x_wconf 77' lang='lat' dir='ltr'>preceptorem,</span> <span class='ocrx_word' id='word_1_264' title='bbox 1285 2008 1339 2048; x_wconf 89' lang='lat' dir='ltr'>uec</span> <span class='ocrx_word' id='word_1_265' title='bbox 1353 1992 1515 2067; x_wconf 89' lang='lat' dir='ltr'>principem</span> 
     </span>
     <span class='ocr_line' id='line_1_26' title="bbox 68 2058 1348 2134; baseline 0.004 -19"><span class='ocrx_word' id='word_1_266' title='bbox 68 2059 105 2115; x_wconf 84' lang='lat' dir='ltr'>lit</span> <span class='ocrx_word' id='word_1_267' title='bbox 118 2074 220 2131; x_wconf 89' lang='lat' dir='ltr'>gemae</span> <span class='ocrx_word' id='word_1_268' title='bbox 235 2059 265 2116; x_wconf 93' lang='lat' dir='ltr'>in</span> <span class='ocrx_word' id='word_1_269' title='bbox 281 2058 462 2131; x_wconf 87' lang='lat' dir='ltr'>novissimis,</span> <span class='ocrx_word' id='word_1_270' title='bbox 948 2064 1036 2118; x_wconf 83' lang='lat' dir='ltr'>Paret</span> <span class='ocrx_word' id='word_1_271' title='bbox 1048 2066 1149 2118; x_wconf 81' lang='lat' dir='ltr'>estete</span> <span class='ocrx_word' id='word_1_272' title='bbox 1163 2062 1263 2120; x_wconf 90' lang='lat' dir='ltr'>cibum</span> <span class='ocrx_word' id='word_1_273' title='bbox 1278 2063 1348 2134; x_wconf 88' lang='lat' dir='ltr'>sibi,</span> 
     </span>
     <span class='ocr_line' id='line_1_27' title="bbox 106 2130 1593 2206; baseline 0.005 -20"><span class='ocrx_word' id='word_1_274' title='bbox 106 2131 229 2198; x_wconf 82' lang='lat' dir='ltr'>Quando</span> <span class='ocrx_word' id='word_1_275' title='bbox 243 2130 464 2204; x_wconf 86' lang='lat' dir='ltr'>consumpseris</span> <span class='ocrx_word' id='word_1_276' title='bbox 491 2147 595 2188; x_wconf 88' lang='lat' dir='ltr'>cernes</span> <span class='ocrx_word' id='word_1_277' title='bbox 622 2134 702 2200; x_wconf 89' lang='lat' dir='ltr'>tuas,</span> <span class='ocrx_word' id='word_1_278' title='bbox 730 2135 760 2189; x_wconf 93' lang='lat' dir='ltr'>et</span> <span class='ocrx_word' id='word_1_279' title='bbox 786 2146 895 2204; x_wconf 89' lang='lat' dir='ltr'>corpus</span> <span class='ocrx_word' id='word_1_280' title='bbox 984 2137 1014 2189; x_wconf 88' lang='lat' dir='ltr'>et</span> <span class='ocrx_word' id='word_1_281' title='bbox 1029 2138 1188 2206; x_wconf 79' lang='lat' dir='ltr'>congreget</span> <span class='ocrx_word' id='word_1_282' title='bbox 1201 2134 1231 2189; x_wconf 90' lang='lat' dir='ltr'>in</span> <span class='ocrx_word' id='word_1_283' title='bbox 1247 2150 1344 2192; x_wconf 91' lang='lat' dir='ltr'>messe</span> <span class='ocrx_word' id='word_1_284' title='bbox 1357 2136 1435 2206; x_wconf 90' lang='lat' dir='ltr'>quod</span> <span class='ocrx_word' id='word_1_285' title='bbox 1449 2137 1593 2206; x_wconf 89' lang='lat' dir='ltr'>comedet,</span> 
     </span>
     <span class='ocr_line' id='line_1_28' title="bbox 142 2204 1391 2277; baseline 0.004 -18"><span class='ocrx_word' id='word_1_286' title='bbox 142 2209 241 2259; x_wconf 87' lang='lat' dir='ltr'>tuum.</span> <span class='ocrx_word' id='word_1_287' title='bbox 949 2204 1116 2276; x_wconf 87' lang='lat' dir='ltr'>Usquequc,</span> <span class='ocrx_word' id='word_1_288' title='bbox 1132 2220 1224 2277; x_wconf 86' lang='lat' dir='ltr'>piger,</span> <span class='ocrx_word' id='word_1_289' title='bbox 1237 2205 1391 2264; x_wconf 75' lang='lat' dir='ltr'>dormies?</span> 
     </span>
     <span class='ocr_line' id='line_1_29' title="bbox 68 2271 1526 2349; baseline 0.003 -19"><span class='ocrx_word' id='word_1_290' title='bbox 68 2273 105 2330; x_wconf 83' lang='lat' dir='ltr'>iit</span> <span class='ocrx_word' id='word_1_291' title='bbox 117 2272 201 2330; x_wconf 90' lang='lat' dir='ltr'>dicas</span> <span class='ocrx_word' id='word_1_292' title='bbox 217 2289 224 2329; x_wconf 75' lang='grc' dir='ltr'>ι</span> <span class='ocrx_word' id='word_1_293' title='bbox 241 2272 299 2329; x_wconf 85' lang='lat' dir='ltr'>Gur</span> <span class='ocrx_word' id='word_1_294' title='bbox 312 2273 475 2331; x_wconf 89' lang='lat' dir='ltr'>detestatus</span> <span class='ocrx_word' id='word_1_295' title='bbox 489 2289 556 2330; x_wconf 89' lang='lat' dir='ltr'>sum</span> <span class='ocrx_word' id='word_1_296' title='bbox 573 2271 773 2344; x_wconf 87' lang='lat' dir='ltr'>disciplinam,</span> <span class='ocrx_word' id='word_1_297' title='bbox 984 2276 1102 2347; x_wconf 77' lang='lat' dir='ltr'>quando</span> <span class='ocrx_word' id='word_1_298' title='bbox 1116 2291 1276 2349; x_wconf 87' lang='lat' dir='ltr'>consurges</span> <span class='ocrx_word' id='word_1_299' title='bbox 1290 2295 1306 2334; x_wconf 93' lang='lat' dir='ltr'>e</span> <span class='ocrx_word' id='word_1_300' title='bbox 1320 2293 1425 2334; x_wconf 90' lang='lat' dir='ltr'>somno</span> <span class='ocrx_word' id='word_1_301' title='bbox 1441 2281 1491 2334; x_wconf 88' lang='lat' dir='ltr'>tuo</span> <span class='ocrx_word' id='word_1_302' title='bbox 1511 2276 1526 2334; x_wconf 82' lang='lat' dir='ltr'>l</span> 
     </span>
     <span class='ocr_line' id='line_1_30' title="bbox 104 2344 1629 2420; baseline 0.005 -20"><span class='ocrx_word' id='word_1_303' title='bbox 104 2350 134 2400; x_wconf 92' lang='lat' dir='ltr'>et</span> <span class='ocrx_word' id='word_1_304' title='bbox 148 2344 400 2417; x_wconf 87' lang='lat' dir='ltr'>increpationibus</span> <span class='ocrx_word' id='word_1_305' title='bbox 417 2361 474 2401; x_wconf 90' lang='lat' dir='ltr'>nou</span> <span class='ocrx_word' id='word_1_306' title='bbox 488 2346 635 2418; x_wconf 80' lang='lat' dir='ltr'>acquievit</span> <span class='ocrx_word' id='word_1_307' title='bbox 647 2362 699 2402; x_wconf 93' lang='lat' dir='ltr'>cor</span> <span class='ocrx_word' id='word_1_308' title='bbox 712 2360 823 2416; x_wconf 90' lang='lat' dir='ltr'>meum,</span> <span class='ocrx_word' id='word_1_309' title='bbox 949 2346 1105 2403; x_wconf 86' lang='lat' dir='ltr'>Paululum</span> <span class='ocrx_word' id='word_1_310' title='bbox 1117 2347 1257 2415; x_wconf 88' lang='lat' dir='ltr'>dormies,</span> <span class='ocrx_word' id='word_1_311' title='bbox 1274 2348 1427 2420; x_wconf 89' lang='lat' dir='ltr'>paululum</span> <span class='ocrx_word' id='word_1_312' title='bbox 1442 2349 1629 2419; x_wconf 86' lang='lat' dir='ltr'>dormitabis,</span> 
     </span>
     <span class='ocr_line' id='line_1_31' title="bbox 66 2413 1732 2490; baseline 0.006 -19"><span class='ocrx_word' id='word_1_313' title='bbox 66 2413 126 2472; x_wconf 84' lang='lat' dir='ltr'>lieo</span> <span class='ocrx_word' id='word_1_314' title='bbox 141 2415 240 2473; x_wconf 83' lang='lat' dir='ltr'>audiui</span> <span class='ocrx_word' id='word_1_315' title='bbox 256 2431 356 2474; x_wconf 88' lang='lat' dir='ltr'>vocem</span> <span class='ocrx_word' id='word_1_316' title='bbox 367 2418 536 2473; x_wconf 89' lang='lat' dir='ltr'>docentium</span> <span class='ocrx_word' id='word_1_317' title='bbox 552 2432 609 2484; x_wconf 90' lang='lat' dir='ltr'>me,</span> <span class='ocrx_word' id='word_1_318' title='bbox 986 2416 1138 2490; x_wconf 82' lang='lat' dir='ltr'>paululum</span> <span class='ocrx_word' id='word_1_319' title='bbox 1153 2434 1291 2476; x_wconf 85' lang='lat' dir='ltr'>conseres</span> <span class='ocrx_word' id='word_1_320' title='bbox 1310 2437 1427 2490; x_wconf 87' lang='lat' dir='ltr'>manue,</span> <span class='ocrx_word' id='word_1_321' title='bbox 1443 2427 1477 2478; x_wconf 90' lang='lat' dir='ltr'>ut</span> <span class='ocrx_word' id='word_1_322' title='bbox 1490 2421 1645 2480; x_wconf 87' lang='lat' dir='ltr'>dormias:</span> <span class='ocrx_word' id='word_1_323' title='bbox 1727 2449 1732 2458; x_wconf 92' lang='lat'><strong>·</strong></span> 
     </span>
     <span class='ocr_line' id='line_1_32' title="bbox 103 2487 1523 2571; baseline 0.004 -27"><span class='ocrx_word' id='word_1_324' title='bbox 103 2494 133 2544; x_wconf 88' lang='lat' dir='ltr'>st</span> <span class='ocrx_word' id='word_1_325' title='bbox 148 2488 300 2571; x_wconf 88' lang='lat' dir='ltr'>magistris</span> <span class='ocrx_word' id='word_1_326' title='bbox 315 2505 374 2545; x_wconf 88' lang='lat' dir='ltr'>nou</span> <span class='ocrx_word' id='word_1_327' title='bbox 388 2487 526 2545; x_wconf 86' lang='lat' dir='ltr'>inclinavi</span> <span class='ocrx_word' id='word_1_328' title='bbox 539 2503 643 2545; x_wconf 89' lang='lat' dir='ltr'>eurem</span> <span class='ocrx_word' id='word_1_329' title='bbox 658 2502 755 2545; x_wconf 91' lang='lat' dir='ltr'>meam</span> <span class='ocrx_word' id='word_1_330' title='bbox 778 2505 787 2545; x_wconf 74' lang='grc' dir='ltr'><strong>ε</strong></span> <span class='ocrx_word' id='word_1_331' title='bbox 949 2489 985 2545; x_wconf 81' lang='lat' dir='ltr'>ut</span> <span class='ocrx_word' id='word_1_332' title='bbox 1000 2489 1096 2545; x_wconf 86' lang='lat' dir='ltr'>veniet</span> <span class='ocrx_word' id='word_1_333' title='bbox 1109 2489 1160 2546; x_wconf 88' lang='lat' dir='ltr'>tibi</span> <span class='ocrx_word' id='word_1_334' title='bbox 1176 2490 1263 2563; x_wconf 91' lang='lat' dir='ltr'>quasi</span> <span class='ocrx_word' id='word_1_335' title='bbox 1277 2491 1379 2558; x_wconf 79' lang='lat' dir='ltr'>viator,</span> <span class='ocrx_word' id='word_1_336' title='bbox 1395 2498 1523 2565; x_wconf 89' lang='lat' dir='ltr'>egestas,</span> 
     </span>
     <span class='ocr_line' id='line_1_33' title="bbox 68 2557 1523 2633; baseline 0.003 -18"><span class='ocrx_word' id='word_1_337' title='bbox 68 2557 147 2616; x_wconf 88' lang='lat' dir='ltr'>Peue</span> <span class='ocrx_word' id='word_1_338' title='bbox 161 2559 204 2615; x_wconf 84' lang='lat' dir='ltr'>tur</span> <span class='ocrx_word' id='word_1_339' title='bbox 218 2560 248 2615; x_wconf 92' lang='lat' dir='ltr'>in</span> <span class='ocrx_word' id='word_1_340' title='bbox 263 2560 344 2616; x_wconf 87' lang='lat' dir='ltr'>omui</span> <span class='ocrx_word' id='word_1_341' title='bbox 361 2560 451 2629; x_wconf 93' lang='lat' dir='ltr'>malo,</span> <span class='ocrx_word' id='word_1_342' title='bbox 985 2565 1014 2616; x_wconf 88' lang='lat' dir='ltr'>et</span> <span class='ocrx_word' id='word_1_343' title='bbox 1028 2560 1165 2633; x_wconf 92' lang='lat' dir='ltr'>pauperis</span> <span class='ocrx_word' id='word_1_344' title='bbox 1189 2562 1274 2633; x_wconf 88' lang='lat' dir='ltr'>quasi</span> <span class='ocrx_word' id='word_1_345' title='bbox 1290 2564 1333 2619; x_wconf 80' lang='lat' dir='ltr'>sir</span> <span class='ocrx_word' id='word_1_346' title='bbox 1347 2571 1480 2621; x_wconf 89' lang='lat' dir='ltr'>armatus</span> <span class='ocrx_word' id='word_1_347' title='bbox 1501 2565 1523 2620; x_wconf 83' lang='lat'>⁸.</span> 
     </span>
     <span class='ocr_line' id='line_1_34' title="bbox 102 2630 1468 2706; baseline 0.003 -21"><span class='ocrx_word' id='word_1_348' title='bbox 102 2630 133 2686; x_wconf 91' lang='lat' dir='ltr'>in</span> <span class='ocrx_word' id='word_1_349' title='bbox 149 2630 246 2687; x_wconf 90' lang='lat' dir='ltr'>medio</span> <span class='ocrx_word' id='word_1_350' title='bbox 261 2630 397 2687; x_wconf 78' lang='lat' dir='ltr'>Eculesiae</span> <span class='ocrx_word' id='word_1_351' title='bbox 411 2637 440 2687; x_wconf 89' lang='lat' dir='ltr'>et</span> <span class='ocrx_word' id='word_1_352' title='bbox 447 2645 612 2705; x_wconf 77' lang='lat' dir='ltr'>synagoge.</span> <span class='ocrx_word' id='word_1_353' title='bbox 723 2651 728 2659; x_wconf 93' lang='lat'>·</span> <span class='ocrx_word' id='word_1_354' title='bbox 1020 2635 1111 2688; x_wconf 89' lang='lat' dir='ltr'>llomo</span> <span class='ocrx_word' id='word_1_355' title='bbox 1126 2638 1271 2705; x_wconf 87' lang='lat' dir='ltr'>epostata,</span> <span class='ocrx_word' id='word_1_356' title='bbox 1286 2635 1331 2690; x_wconf 85' lang='lat' dir='ltr'>vir</span> <span class='ocrx_word' id='word_1_357' title='bbox 1343 2633 1468 2706; x_wconf 86' lang='lat' dir='ltr'>inutilis,</span> 
     </span>
     <span class='ocr_line' id='line_1_35' title="bbox 67 2701 1341 2776; baseline 0.004 -19"><span class='ocrx_word' id='word_1_358' title='bbox 67 2701 139 2759; x_wconf 84' lang='lat' dir='ltr'>Bibe</span> <span class='ocrx_word' id='word_1_359' title='bbox 153 2717 260 2775; x_wconf 82' lang='lat' dir='ltr'>aquam</span> <span class='ocrx_word' id='word_1_360' title='bbox 276 2705 313 2759; x_wconf 93' lang='lat' dir='ltr'>de</span> <span class='ocrx_word' id='word_1_361' title='bbox 327 2703 455 2759; x_wconf 84' lang='lat' dir='ltr'>cisterna</span> <span class='ocrx_word' id='word_1_362' title='bbox 468 2708 531 2771; x_wconf 90' lang='lat' dir='ltr'>tue,</span> <span class='ocrx_word' id='word_1_363' title='bbox 984 2702 1119 2774; x_wconf 89' lang='lat' dir='ltr'>graditur</span> <span class='ocrx_word' id='word_1_364' title='bbox 1134 2719 1183 2760; x_wconf 92' lang='lat' dir='ltr'>ore</span> <span class='ocrx_word' id='word_1_365' title='bbox 1195 2720 1341 2776; x_wconf 76' lang='lat' dir='ltr'>perverso,</span> 
     </span>
     <span class='ocr_line' id='line_1_36' title="bbox 102 2772 1356 2850; baseline 0.002 -20"><span class='ocrx_word' id='word_1_366' title='bbox 102 2777 133 2830; x_wconf 85' lang='lat' dir='ltr'>et</span> <span class='ocrx_word' id='word_1_367' title='bbox 148 2773 260 2830; x_wconf 90' lang='lat' dir='ltr'>ilueuta</span> <span class='ocrx_word' id='word_1_368' title='bbox 275 2773 356 2847; x_wconf 90' lang='lat' dir='ltr'>putei</span> <span class='ocrx_word' id='word_1_369' title='bbox 369 2773 412 2830; x_wconf 90' lang='lat' dir='ltr'>tui</span> <span class='ocrx_word' id='word_1_370' title='bbox 428 2790 436 2830; x_wconf 75' lang='grc' dir='ltr'>ι</span> <span class='ocrx_word' id='word_1_371' title='bbox 948 2775 1059 2830; x_wconf 82' lang='lat' dir='ltr'>Annuit</span> <span class='ocrx_word' id='word_1_372' title='bbox 1072 2772 1177 2843; x_wconf 88' lang='lat' dir='ltr'>oculis,</span> <span class='ocrx_word' id='word_1_373' title='bbox 1192 2776 1260 2833; x_wconf 92' lang='lat' dir='ltr'>terit</span> <span class='ocrx_word' id='word_1_374' title='bbox 1273 2777 1356 2850; x_wconf 87' lang='lat' dir='ltr'>pede,</span> 
     </span>
     <span class='ocr_line' id='line_1_37' title="bbox 103 2844 1219 2918; baseline 0.002 -18"><span class='ocrx_word' id='word_1_375' title='bbox 103 2845 278 2902; x_wconf 86' lang='lat' dir='ltr'>Dariventur</span> <span class='ocrx_word' id='word_1_376' title='bbox 290 2845 388 2902; x_wconf 82' lang='lat' dir='ltr'>iontae</span> <span class='ocrx_word' id='word_1_377' title='bbox 402 2844 445 2902; x_wconf 91' lang='lat' dir='ltr'>tui</span> <span class='ocrx_word' id='word_1_378' title='bbox 468 2845 559 2914; x_wconf 85' lang='lat' dir='ltr'>iores,</span> <span class='ocrx_word' id='word_1_379' title='bbox 984 2846 1077 2918; x_wconf 90' lang='lat' dir='ltr'>digito</span> <span class='ocrx_word' id='word_1_380' title='bbox 1088 2846 1219 2917; x_wconf 87' lang='lat' dir='ltr'>loquitur</span> 
     </span>
     <span class='ocr_line' id='line_1_38' title="bbox 103 2888 1474 2989; baseline 0.002 -17"><span class='ocrx_word' id='word_1_381' title='bbox 103 2924 131 2972; x_wconf 89' lang='lat' dir='ltr'>et</span> <span class='ocrx_word' id='word_1_382' title='bbox 148 2915 180 2973; x_wconf 90' lang='lat' dir='ltr'>iu</span> <span class='ocrx_word' id='word_1_383' title='bbox 197 2916 301 2988; x_wconf 88' lang='lat' dir='ltr'>plateis</span> <span class='ocrx_word' id='word_1_384' title='bbox 316 2932 405 2989; x_wconf 91' lang='lat' dir='ltr'>equae</span> <span class='ocrx_word' id='word_1_385' title='bbox 419 2921 487 2975; x_wconf 88' lang='lat' dir='ltr'>tuas</span> <span class='ocrx_word' id='word_1_386' title='bbox 501 2915 609 2975; x_wconf 79' lang='lat' dir='ltr'>divide.</span> <span class='ocrx_word' id='word_1_387' title='bbox 948 2915 1040 2974; x_wconf 83' lang='lat' dir='ltr'>Pravo</span> <span class='ocrx_word' id='word_1_388' title='bbox 1055 2919 1142 2975; x_wconf 91' lang='lat' dir='ltr'>corde</span> <span class='ocrx_word' id='word_1_389' title='bbox 1156 2888 1342 2974; x_wconf 78' lang='lat' dir='ltr'>mecirlnatur</span> <span class='ocrx_word' id='word_1_390' title='bbox 1352 2918 1474 2989; x_wconf 90' lang='lat' dir='ltr'>malum,</span> 
     </span>
     <span class='ocr_line' id='line_1_39' title="bbox 66 2986 1561 3062; baseline 0.002 -18"><span class='ocrx_word' id='word_1_391' title='bbox 66 2986 185 3045; x_wconf 79' lang='lat' dir='ltr'>Habeto</span> <span class='ocrx_word' id='word_1_392' title='bbox 199 2987 356 3054; x_wconf 88' lang='lat' dir='ltr'>eassolus,</span> <span class='ocrx_word' id='word_1_393' title='bbox 984 2988 1343 3062; x_wconf 87' lang='lat' dir='ltr'>etiuomuitemporcju</span> <span class='ocrx_word' id='word_1_394' title='bbox 1383 2989 1561 3047; x_wconf 85' lang='lat' dir='ltr'>inseminat.</span> 
     </span>
     <span class='ocr_line' id='line_1_40' title="bbox 106 3057 1508 3146; baseline 0.003 -31"><span class='ocrx_word' id='word_1_395' title='bbox 106 3074 160 3115; x_wconf 91' lang='lat' dir='ltr'>uec</span> <span class='ocrx_word' id='word_1_396' title='bbox 176 3058 334 3116; x_wconf 88' lang='lat' dir='ltr'>siutalieui</span> <span class='ocrx_word' id='word_1_397' title='bbox 346 3057 503 3132; x_wconf 88' lang='lat' dir='ltr'>participes</span> <span class='ocrx_word' id='word_1_398' title='bbox 518 3058 574 3116; x_wconf 89' lang='lat' dir='ltr'>tui.</span> <span class='ocrx_word' id='word_1_399' title='bbox 908 3076 931 3146; x_wconf 73' lang='lat' dir='ltr'><strong>c</strong></span> <span class='ocrx_word' id='word_1_400' title='bbox 949 3058 1180 3133; x_wconf 86' lang='lat' dir='ltr'>lluloextempio</span> <span class='ocrx_word' id='word_1_401' title='bbox 1194 3061 1291 3118; x_wconf 80' lang='lat' dir='ltr'>veniet</span> <span class='ocrx_word' id='word_1_402' title='bbox 1304 3077 1355 3133; x_wconf 89' lang='lat' dir='ltr'>per</span> <span class='ocrx_word' id='word_1_403' title='bbox 1377 3062 1428 3118; x_wconf 91' lang='lat' dir='ltr'>itio</span> <span class='ocrx_word' id='word_1_404' title='bbox 1443 3078 1508 3130; x_wconf 87' lang='lat' dir='ltr'>sue,</span> 
     </span>
     <span class='ocr_line' id='line_1_41' title="bbox 66 3130 1772 3204; baseline 0.002 -17"><span class='ocrx_word' id='word_1_405' title='bbox 66 3130 111 3188; x_wconf 79' lang='lat' dir='ltr'>sit</span> <span class='ocrx_word' id='word_1_406' title='bbox 122 3146 200 3188; x_wconf 84' lang='lat' dir='ltr'>vena</span> <span class='ocrx_word' id='word_1_407' title='bbox 213 3138 264 3188; x_wconf 88' lang='lat' dir='ltr'>tue</span> <span class='ocrx_word' id='word_1_408' title='bbox 277 3130 442 3198; x_wconf 87' lang='lat' dir='ltr'>benedicta,</span> <span class='ocrx_word' id='word_1_409' title='bbox 986 3136 1016 3189; x_wconf 89' lang='lat' dir='ltr'>et</span> <span class='ocrx_word' id='word_1_410' title='bbox 1029 3132 1127 3191; x_wconf 85' lang='lat' dir='ltr'>subito</span> <span class='ocrx_word' id='word_1_411' title='bbox 1138 3137 1316 3204; x_wconf 56' lang='lat' dir='ltr'>coneretur,</span> <span class='ocrx_word' id='word_1_412' title='bbox 1331 3148 1385 3190; x_wconf 89' lang='lat' dir='ltr'>nec</span> <span class='ocrx_word' id='word_1_413' title='bbox 1399 3132 1518 3191; x_wconf 86' lang='lat' dir='ltr'>babebit</span> <span class='ocrx_word' id='word_1_414' title='bbox 1545 3133 1624 3191; x_wconf 90' lang='lat' dir='ltr'>ultra</span> <span class='ocrx_word' id='word_1_415' title='bbox 1650 3133 1772 3192; x_wconf 89' lang='lat' dir='ltr'>medici·</span> 
     </span>
     <span class='ocr_line' id='line_1_42' title="bbox 103 3198 1064 3276; baseline -0.001 -18"><span class='ocrx_word' id='word_1_416' title='bbox 103 3202 241 3260; x_wconf 83' lang='lat' dir='ltr'>atletare</span> <span class='ocrx_word' id='word_1_417' title='bbox 255 3202 310 3275; x_wconf 79' lang='lat' dir='ltr'>[lt.</span> <span class='ocrx_word' id='word_1_418' title='bbox 326 3202 440 3276; x_wconf 84' lang='lat' dir='ltr'>lecture]</span> <span class='ocrx_word' id='word_1_419' title='bbox 464 3216 531 3258; x_wconf 88' lang='lat' dir='ltr'>cum</span> <span class='ocrx_word' id='word_1_420' title='bbox 555 3198 895 3258; x_wconf 83' lang='lat' dir='ltr'>muliereadoleecantie</span> <span class='ocrx_word' id='word_1_421' title='bbox 984 3219 1064 3260; x_wconf 89' lang='lat' dir='ltr'>nam.</span> 
     </span>
     <span class='ocr_line' id='line_1_43' title="bbox 103 3274 1410 3356; baseline 0.001 -26"><span class='ocrx_word' id='word_1_422' title='bbox 103 3278 187 3330; x_wconf 82' lang='lat' dir='ltr'>tuas:</span> <span class='ocrx_word' id='word_1_423' title='bbox 497 3342 504 3356; x_wconf 38' lang='lat'>⁸</span> <span class='ocrx_word' id='word_1_424' title='bbox 541 3342 548 3356; x_wconf 33' lang='lat'><strong>⁹</strong></span> <span class='ocrx_word' id='word_1_425' title='bbox 651 3340 659 3354; x_wconf 93' lang='lat'>.</span> <span class='ocrx_word' id='word_1_426' title='bbox 947 3277 1091 3342; x_wconf 72' lang='lat' dir='ltr'>sexcent,</span> <span class='ocrx_word' id='word_1_427' title='bbox 1107 3290 1171 3347; x_wconf 77' lang='lat' dir='ltr'>que</span> <span class='ocrx_word' id='word_1_428' title='bbox 1186 3274 1410 3344; x_wconf 86' lang='lat' dir='ltr'>oditDomiuus,</span> 
     </span>
     <span class='ocr_line' id='line_1_44' title="bbox 65 3341 1586 3419; baseline 0.003 -18"><span class='ocrx_word' id='word_1_429' title='bbox 65 3347 158 3402; x_wconf 82' lang='lat' dir='ltr'>cerva</span> <span class='ocrx_word' id='word_1_430' title='bbox 172 3342 376 3411; x_wconf 87' lang='lat' dir='ltr'>charrissima,</span> <span class='ocrx_word' id='word_1_431' title='bbox 386 3346 416 3401; x_wconf 88' lang='lat' dir='ltr'>et</span> <span class='ocrx_word' id='word_1_432' title='bbox 430 3347 618 3416; x_wconf 83' lang='lat' dir='ltr'>gratissimus</span> <span class='ocrx_word' id='word_1_433' title='bbox 630 3341 784 3401; x_wconf 82' lang='lat' dir='ltr'>binnulus.</span> <span class='ocrx_word' id='word_1_434' title='bbox 983 3351 1012 3403; x_wconf 88' lang='lat' dir='ltr'>et</span> <span class='ocrx_word' id='word_1_435' title='bbox 1026 3346 1188 3419; x_wconf 88' lang='lat' dir='ltr'>septimum</span> <span class='ocrx_word' id='word_1_436' title='bbox 1202 3346 1371 3403; x_wconf 89' lang='lat' dir='ltr'>detestatur</span> <span class='ocrx_word' id='word_1_437' title='bbox 1385 3344 1484 3403; x_wconf 89' lang='lat' dir='ltr'>anime</span> <span class='ocrx_word' id='word_1_438' title='bbox 1498 3345 1562 3419; x_wconf 85' lang='lat' dir='ltr'>ejus</span> <span class='ocrx_word' id='word_1_439' title='bbox 1578 3364 1586 3406; x_wconf 73' lang='grc' dir='ltr'><strong><em>ε</em></strong></span> 
     </span>
     <span class='ocr_line' id='line_1_45' title="bbox 104 3415 1567 3491; baseline 0.001 -17"><span class='ocrx_word' id='word_1_440' title='bbox 104 3415 202 3475; x_wconf 89' lang='lat' dir='ltr'>Ubere</span> <span class='ocrx_word' id='word_1_441' title='bbox 211 3417 279 3489; x_wconf 87' lang='lat' dir='ltr'>ejus</span> <span class='ocrx_word' id='word_1_442' title='bbox 293 3415 440 3475; x_wconf 90' lang='lat' dir='ltr'>inebrient</span> <span class='ocrx_word' id='word_1_443' title='bbox 453 3419 481 3472; x_wconf 89' lang='lat' dir='ltr'>te</span> <span class='ocrx_word' id='word_1_444' title='bbox 496 3416 577 3472; x_wconf 88' lang='lat' dir='ltr'>omni</span> <span class='ocrx_word' id='word_1_445' title='bbox 592 3419 736 3488; x_wconf 88' lang='lat' dir='ltr'>tempore,</span> <span class='ocrx_word' id='word_1_446' title='bbox 948 3416 1055 3476; x_wconf 87' lang='lat' dir='ltr'>Oculos</span> <span class='ocrx_word' id='word_1_447' title='bbox 1064 3417 1218 3490; x_wconf 87' lang='lat' dir='ltr'>sublimes,</span> <span class='ocrx_word' id='word_1_448' title='bbox 1229 3416 1362 3491; x_wconf 84' lang='lat' dir='ltr'>linguam</span> <span class='ocrx_word' id='word_1_449' title='bbox 1383 3418 1567 3490; x_wconf 88' lang='lat' dir='ltr'>mendacem,</span> 
     </span>
    </p>
   </div>
   <div class='ocr_carea' id='block_1_4' title="bbox 65 3628 1776 5772">
    <p class='ocr_par' dir='ltr' id='par_1_4' title="bbox 65 3628 1776 5772">
     <span class='ocr_line' id='line_1_46' title="bbox 105 3628 1773 3757; baseline 0.002 -71"><span class='ocrx_word' id='word_1_450' title='bbox 105 3629 309 3687; x_wconf 86' lang='lat' dir='ltr'>¹lndicetme</span> <span class='ocrx_word' id='word_1_451' title='bbox 347 3629 435 3688; x_wconf 87' lang='lat' dir='ltr'>luatis</span> <span class='ocrx_word' id='word_1_452' title='bbox 449 3628 504 3688; x_wconf 87' lang='lat' dir='ltr'>iste</span> <span class='ocrx_word' id='word_1_453' title='bbox 526 3629 632 3688; x_wconf 90' lang='lat' dir='ltr'>obelus</span> <span class='ocrx_word' id='word_1_454' title='bbox 657 3632 894 3689; x_wconf 90' lang='lat' dir='ltr'>additamentum</span> <span class='ocrx_word' id='word_1_455' title='bbox 948 3629 1087 3757; x_wconf 49' lang='lat' dir='ltr'>anougmi</span> <span class='ocrx_word' id='word_1_456' title='bbox 1110 3634 1221 3688; x_wconf 87' lang='lat' dir='ltr'>attexta</span> <span class='ocrx_word' id='word_1_457' title='bbox 1245 3631 1281 3687; x_wconf 91' lang='lat' dir='ltr'>ad</span> <span class='ocrx_word' id='word_1_458' title='bbox 1310 3630 1420 3688; x_wconf 88' lang='lat' dir='ltr'>calcem</span> <span class='ocrx_word' id='word_1_459' title='bbox 1444 3629 1553 3714; x_wconf 85' lang='lat' dir='ltr'>prioris</span> <span class='ocrx_word' id='word_1_460' title='bbox 1582 3630 1773 3701; x_wconf 79' lang='lat' dir='ltr'>prefationie.</span> 
     </span>
     <span class='ocr_line' id='line_1_47' title="bbox 67 3700 1773 3775; baseline 0.001 -17"><span class='ocrx_word' id='word_1_461' title='bbox 67 3703 221 3774; x_wconf 89' lang='lat' dir='ltr'>quoddam</span> <span class='ocrx_word' id='word_1_462' title='bbox 235 3718 251 3758; x_wconf 90' lang='lat' dir='ltr'>e</span> <span class='ocrx_word' id='word_1_463' title='bbox 266 3702 316 3759; x_wconf 78' lang='lat' dir='ltr'>Lx</span> <span class='ocrx_word' id='word_1_464' title='bbox 354 3700 566 3775; x_wconf 89' lang='lat' dir='ltr'>iuterpretibus</span> <span class='ocrx_word' id='word_1_465' title='bbox 581 3703 759 3760; x_wconf 87' lang='lat' dir='ltr'>translatum</span> <span class='ocrx_word' id='word_1_466' title='bbox 774 3703 804 3759; x_wconf 91' lang='lat' dir='ltr'>in</span> <span class='ocrx_word' id='word_1_467' title='bbox 818 3703 893 3759; x_wconf 86' lang='lat' dir='ltr'>Vul·</span> <span class='ocrx_word' id='word_1_468' title='bbox 947 3703 1020 3760; x_wconf 87' lang='lat' dir='ltr'>Dein</span> <span class='ocrx_word' id='word_1_469' title='bbox 1042 3701 1233 3758; x_wconf 90' lang='lat' dir='ltr'>euonnullan</span> <span class='ocrx_word' id='word_1_470' title='bbox 1250 3707 1363 3774; x_wconf 90' lang='lat' dir='ltr'>partem</span> <span class='ocrx_word' id='word_1_471' title='bbox 1381 3702 1551 3758; x_wconf 83' lang='lat' dir='ltr'>additarum</span> <span class='ocrx_word' id='word_1_472' title='bbox 1559 3702 1773 3760; x_wconf 87' lang='lat' dir='ltr'>sententiarum</span> 
     </span>
     <span class='ocr_line' id='line_1_48' title="bbox 67 3771 1773 3847; baseline 0.001 -18"><span class='ocrx_word' id='word_1_473' title='bbox 67 3779 168 3847; x_wconf 87' lang='lat' dir='ltr'>getam</span> <span class='ocrx_word' id='word_1_474' title='bbox 185 3774 319 3830; x_wconf 88' lang='lat' dir='ltr'>Letluam</span> <span class='ocrx_word' id='word_1_475' title='bbox 335 3772 504 3845; x_wconf 88' lang='lat' dir='ltr'>editionem,</span> <span class='ocrx_word' id='word_1_476' title='bbox 520 3774 561 3830; x_wconf 91' lang='lat' dir='ltr'>uti</span> <span class='ocrx_word' id='word_1_477' title='bbox 577 3791 656 3831; x_wconf 93' lang='lat' dir='ltr'>nnnc</span> <span class='ocrx_word' id='word_1_478' title='bbox 677 3774 826 3847; x_wconf 86' lang='lat' dir='ltr'>legimus:</span> <span class='ocrx_word' id='word_1_479' title='bbox 854 3775 895 3831; x_wconf 83' lang='lat' dir='ltr'>Ne</span> <span class='ocrx_word' id='word_1_480' title='bbox 947 3773 977 3830; x_wconf 90' lang='lat' dir='ltr'>io</span> <span class='ocrx_word' id='word_1_481' title='bbox 993 3789 1113 3844; x_wconf 84' lang='lat' dir='ltr'>corpore</span> <span class='ocrx_word' id='word_1_482' title='bbox 1128 3773 1253 3846; x_wconf 88' lang='lat' dir='ltr'>positem</span> <span class='ocrx_word' id='word_1_483' title='bbox 1269 3773 1512 3840; x_wconf 83' lang='lat' dir='ltr'>retinet;cutere</span> <span class='ocrx_word' id='word_1_484' title='bbox 1539 3788 1555 3828; x_wconf 93' lang='lat' dir='ltr'>e</span> <span class='ocrx_word' id='word_1_485' title='bbox 1584 3771 1704 3845; x_wconf 89' lang='lat' dir='ltr'>regione</span> <span class='ocrx_word' id='word_1_486' title='bbox 1735 3774 1773 3831; x_wconf 85' lang='lat' dir='ltr'>ed</span> 
     </span>
     <span class='ocr_line' id='line_1_49' title="bbox 67 3842 1773 3927; baseline 0.001 -27"><span class='ocrx_word' id='word_1_487' title='bbox 67 3845 334 3927; x_wconf 70' lang='lat' dir='ltr'>attendussullueiae</span> <span class='ocrx_word' id='word_1_488' title='bbox 348 3845 486 3903; x_wconf 81' lang='lat' dir='ltr'>mulieris.</span> <span class='ocrx_word' id='word_1_489' title='bbox 514 3848 583 3913; x_wconf 82' lang='lat' dir='ltr'>Que</span> <span class='ocrx_word' id='word_1_490' title='bbox 611 3845 699 3902; x_wconf 87' lang='lat' dir='ltr'>verba</span> <span class='ocrx_word' id='word_1_491' title='bbox 726 3848 836 3902; x_wconf 87' lang='lat' dir='ltr'>absunt</span> <span class='ocrx_word' id='word_1_492' title='bbox 862 3845 893 3902; x_wconf 91' lang='lat' dir='ltr'>in</span> <span class='ocrx_word' id='word_1_493' title='bbox 948 3844 1110 3915; x_wconf 87' lang='lat' dir='ltr'>marginem</span> <span class='ocrx_word' id='word_1_494' title='bbox 1122 3843 1382 3916; x_wconf 82' lang='lat' dir='ltr'>representat;itu</span> <span class='ocrx_word' id='word_1_495' title='bbox 1391 3848 1424 3899; x_wconf 88' lang='lat' dir='ltr'>ut</span> <span class='ocrx_word' id='word_1_496' title='bbox 1437 3842 1549 3898; x_wconf 89' lang='lat' dir='ltr'>diceres</span> <span class='ocrx_word' id='word_1_497' title='bbox 1560 3842 1773 3901; x_wconf 88' lang='lat' dir='ltr'>Memmiauum</span> 
     </span>
     <span class='ocr_line' id='line_1_50' title="bbox 67 3913 1773 3989; baseline 0.001 -17"><span class='ocrx_word' id='word_1_498' title='bbox 67 3916 191 3974; x_wconf 76' lang='lat' dir='ltr'>Hebraeo</span> <span class='ocrx_word' id='word_1_499' title='bbox 206 3934 237 3973; x_wconf 89' lang='grc' dir='ltr'>ιιι</span> <span class='ocrx_word' id='word_1_500' title='bbox 249 3916 467 3989; x_wconf 87' lang='lat' dir='ltr'>exemplaribus</span> <span class='ocrx_word' id='word_1_501' title='bbox 481 3915 612 3974; x_wconf 88' lang='lat' dir='ltr'>canonis.</span> <span class='ocrx_word' id='word_1_502' title='bbox 641 3916 769 3974; x_wconf 77' lang='lat' dir='ltr'>Heraios</span> <span class='ocrx_word' id='word_1_503' title='bbox 791 3915 895 3973; x_wconf 84' lang='lat' dir='ltr'>uerita·</span> <span class='ocrx_word' id='word_1_504' title='bbox 947 3915 1077 3973; x_wconf 91' lang='lat' dir='ltr'>codicem</span> <span class='ocrx_word' id='word_1_505' title='bbox 1094 3931 1162 3970; x_wconf 91' lang='lat' dir='ltr'>eum</span> <span class='ocrx_word' id='word_1_506' title='bbox 1176 3930 1242 3971; x_wconf 88' lang='lat' dir='ltr'>esse</span> <span class='ocrx_word' id='word_1_507' title='bbox 1257 3913 1286 3970; x_wconf 91' lang='lat' dir='ltr'>iu</span> <span class='ocrx_word' id='word_1_508' title='bbox 1303 3930 1361 3986; x_wconf 90' lang='lat' dir='ltr'>quo</span> <span class='ocrx_word' id='word_1_509' title='bbox 1377 3916 1505 3986; x_wconf 89' lang='lat' dir='ltr'>primum</span> <span class='ocrx_word' id='word_1_510' title='bbox 1529 3918 1631 3971; x_wconf 86' lang='lat' dir='ltr'>auctor</span> <span class='ocrx_word' id='word_1_511' title='bbox 1654 3915 1729 3971; x_wconf 92' lang='lat' dir='ltr'>banc</span> <span class='ocrx_word' id='word_1_512' title='bbox 1757 3930 1773 3973; x_wconf 96' lang='lat' dir='ltr'>e</span> 
     </span>
     <span class='ocr_line' id='line_1_51' title="bbox 67 3983 1774 4060; baseline -0.001 -16"><span class='ocrx_word' id='word_1_513' title='bbox 67 3989 118 4055; x_wconf 85' lang='lat' dir='ltr'>tie,</span> <span class='ocrx_word' id='word_1_514' title='bbox 136 3994 165 4045; x_wconf 84' lang='lat' dir='ltr'>et</span> <span class='ocrx_word' id='word_1_515' title='bbox 179 3988 208 4043; x_wconf 90' lang='lat' dir='ltr'>in</span> <span class='ocrx_word' id='word_1_516' title='bbox 224 3988 363 4045; x_wconf 90' lang='lat' dir='ltr'>omuibus</span> <span class='ocrx_word' id='word_1_517' title='bbox 377 3987 507 4060; x_wconf 90' lang='lat' dir='ltr'>antiquis</span> <span class='ocrx_word' id='word_1_518' title='bbox 523 4005 595 4045; x_wconf 88' lang='lat' dir='ltr'>mss.</span> <span class='ocrx_word' id='word_1_519' title='bbox 611 3988 763 4045; x_wconf 91' lang='lat' dir='ltr'>codicibus</span> <span class='ocrx_word' id='word_1_520' title='bbox 778 4004 786 4047; x_wconf 91' lang='lat'><strong>:</strong></span> <span class='ocrx_word' id='word_1_521' title='bbox 799 4003 896 4060; x_wconf 90' lang='lat' dir='ltr'>neque</span> <span class='ocrx_word' id='word_1_522' title='bbox 947 3991 1045 4044; x_wconf 80' lang='lat' dir='ltr'>Graeco</span> <span class='ocrx_word' id='word_1_523' title='bbox 1062 3984 1274 4043; x_wconf 87' lang='lat' dir='ltr'>admissionem</span> <span class='ocrx_word' id='word_1_524' title='bbox 1289 3983 1415 4042; x_wconf 89' lang='lat' dir='ltr'>inseruit</span> <span class='ocrx_word' id='word_1_525' title='bbox 1429 3986 1459 4041; x_wconf 92' lang='lat' dir='ltr'>iu</span> <span class='ocrx_word' id='word_1_526' title='bbox 1473 3985 1699 4042; x_wconf 87' lang='lat' dir='ltr'>translationem</span> <span class='ocrx_word' id='word_1_527' title='bbox 1713 3989 1774 4043; x_wconf 83' lang='lat' dir='ltr'>lle·</span> 
     </span>
     <span class='ocr_line' id='line_1_52' title="bbox 68 4057 1773 4132; baseline -0.001 -17"><span class='ocrx_word' id='word_1_528' title='bbox 68 4057 162 4131; x_wconf 87' lang='lat' dir='ltr'>bujue</span> <span class='ocrx_word' id='word_1_529' title='bbox 176 4059 371 4116; x_wconf 87' lang='lat' dir='ltr'>eddilemeati</span> <span class='ocrx_word' id='word_1_530' title='bbox 388 4059 523 4115; x_wconf 86' lang='lat' dir='ltr'>meminit</span> <span class='ocrx_word' id='word_1_531' title='bbox 531 4060 686 4130; x_wconf 78' lang='lat' dir='ltr'>Speculum</span> <span class='ocrx_word' id='word_1_532' title='bbox 698 4059 895 4132; x_wconf 62' lang='lat' dir='ltr'>&amp;Augustini</span> <span class='ocrx_word' id='word_1_533' title='bbox 949 4058 1089 4115; x_wconf 86' lang='lat' dir='ltr'>brelcam.</span> <span class='ocrx_word' id='word_1_534' title='bbox 1101 4058 1164 4115; x_wconf 91' lang='lat' dir='ltr'>Non</span> <span class='ocrx_word' id='word_1_535' title='bbox 1180 4058 1222 4114; x_wconf 88' lang='lat' dir='ltr'>sie</span> <span class='ocrx_word' id='word_1_536' title='bbox 1236 4073 1330 4113; x_wconf 88' lang='lat' dir='ltr'>cauou</span> <span class='ocrx_word' id='word_1_537' title='bbox 1344 4057 1598 4124; x_wconf 77' lang='lat' dir='ltr'>carcassonensis,</span> <span class='ocrx_word' id='word_1_538' title='bbox 1614 4059 1700 4128; x_wconf 77' lang='lat' dir='ltr'>culus</span> <span class='ocrx_word' id='word_1_539' title='bbox 1723 4073 1773 4113; x_wconf 92' lang='lat' dir='ltr'>ex·</span> 
     </span>
     <span class='ocr_line' id='line_1_53' title="bbox 70 4127 1772 4205; baseline 0 -19"><span class='ocrx_word' id='word_1_540' title='bbox 70 4132 108 4186; x_wconf 84' lang='lat' dir='ltr'>ad</span> <span class='ocrx_word' id='word_1_541' title='bbox 126 4131 385 4205; x_wconf 79' lang='lat' dir='ltr'>Hieronymianam</span> <span class='ocrx_word' id='word_1_542' title='bbox 400 4146 434 4187; x_wconf 91' lang='lat' dir='ltr'>ex</span> <span class='ocrx_word' id='word_1_543' title='bbox 445 4130 565 4188; x_wconf 83' lang='lat' dir='ltr'>liebreo</span> <span class='ocrx_word' id='word_1_544' title='bbox 576 4130 799 4188; x_wconf 86' lang='lat' dir='ltr'>translationem</span> <span class='ocrx_word' id='word_1_545' title='bbox 823 4146 895 4189; x_wconf 89' lang='lat' dir='ltr'>con·</span> <span class='ocrx_word' id='word_1_546' title='bbox 951 4129 1079 4202; x_wconf 86' lang='lat' dir='ltr'>scriptor</span> <span class='ocrx_word' id='word_1_547' title='bbox 1091 4129 1192 4186; x_wconf 89' lang='lat' dir='ltr'>omnia</span> <span class='ocrx_word' id='word_1_548' title='bbox 1206 4128 1418 4198; x_wconf 87' lang='lat' dir='ltr'>additamenta,</span> <span class='ocrx_word' id='word_1_549' title='bbox 1430 4145 1488 4186; x_wconf 91' lang='lat' dir='ltr'>uno</span> <span class='ocrx_word' id='word_1_550' title='bbox 1501 4127 1674 4185; x_wconf 85' lang='lat' dir='ltr'>velduobu</span> <span class='ocrx_word' id='word_1_551' title='bbox 1688 4143 1772 4186; x_wconf 85' lang='lat' dir='ltr'>exce·</span> 
     </span>
     <span class='ocr_line' id='line_1_54' title="bbox 67 4199 1772 4275; baseline -0.001 -17"><span class='ocrx_word' id='word_1_552' title='bbox 67 4203 234 4259; x_wconf 88' lang='lat' dir='ltr'>cinnatum.</span> <span class='ocrx_word' id='word_1_553' title='bbox 258 4205 294 4259; x_wconf 81' lang='lat' dir='ltr'>At</span> <span class='ocrx_word' id='word_1_554' title='bbox 308 4203 339 4259; x_wconf 91' lang='lat' dir='ltr'>in</span> <span class='ocrx_word' id='word_1_555' title='bbox 358 4202 386 4258; x_wconf 92' lang='lat' dir='ltr'>id</span> <span class='ocrx_word' id='word_1_556' title='bbox 407 4218 501 4275; x_wconf 89' lang='lat' dir='ltr'>genus</span> <span class='ocrx_word' id='word_1_557' title='bbox 525 4202 804 4267; x_wconf 87' lang='lat' dir='ltr'>additamentorum,</span> <span class='ocrx_word' id='word_1_558' title='bbox 829 4218 895 4275; x_wconf 84' lang='lat' dir='ltr'>que</span> <span class='ocrx_word' id='word_1_559' title='bbox 949 4202 1019 4275; x_wconf 87' lang='lat' dir='ltr'>ptis,</span> <span class='ocrx_word' id='word_1_560' title='bbox 1034 4200 1188 4257; x_wconf 85' lang='lat' dir='ltr'>transtulit</span> <span class='ocrx_word' id='word_1_561' title='bbox 1203 4200 1232 4255; x_wconf 93' lang='lat' dir='ltr'>in</span> <span class='ocrx_word' id='word_1_562' title='bbox 1247 4215 1365 4257; x_wconf 82' lang='lat' dir='ltr'>ecorum</span> <span class='ocrx_word' id='word_1_563' title='bbox 1380 4203 1560 4257; x_wconf 88' lang='lat' dir='ltr'>contextum.</span> <span class='ocrx_word' id='word_1_564' title='bbox 1575 4199 1678 4257; x_wconf 82' lang='lat' dir='ltr'>Ceteri</span> <span class='ocrx_word' id='word_1_565' title='bbox 1700 4215 1772 4257; x_wconf 91' lang='lat' dir='ltr'>mee.</span> 
     </span>
     <span class='ocr_line' id='line_1_55' title="bbox 66 4270 1771 4344; baseline -0.002 -14"><span class='ocrx_word' id='word_1_566' title='bbox 66 4272 164 4331; x_wconf 88' lang='lat' dir='ltr'>obelis</span> <span class='ocrx_word' id='word_1_567' title='bbox 190 4274 302 4331; x_wconf 87' lang='lat' dir='ltr'>anobis</span> <span class='ocrx_word' id='word_1_568' title='bbox 331 4273 501 4330; x_wconf 89' lang='lat' dir='ltr'>iudicentur</span> <span class='ocrx_word' id='word_1_569' title='bbox 528 4273 673 4331; x_wconf 89' lang='lat' dir='ltr'>curiosius</span> <span class='ocrx_word' id='word_1_570' title='bbox 698 4275 895 4344; x_wconf 76' lang='lat' dir='ltr'>attendentes,</span> <span class='ocrx_word' id='word_1_571' title='bbox 952 4274 1068 4330; x_wconf 87' lang='lat' dir='ltr'>codices</span> <span class='ocrx_word' id='word_1_572' title='bbox 1082 4273 1223 4329; x_wconf 89' lang='lat' dir='ltr'>omittunt</span> <span class='ocrx_word' id='word_1_573' title='bbox 1238 4270 1336 4327; x_wconf 85' lang='lat' dir='ltr'>isthec</span> <span class='ocrx_word' id='word_1_574' title='bbox 1346 4270 1506 4339; x_wconf 89' lang='lat' dir='ltr'>adscititia,</span> <span class='ocrx_word' id='word_1_575' title='bbox 1521 4271 1565 4327; x_wconf 89' lang='lat' dir='ltr'>vel</span> <span class='ocrx_word' id='word_1_576' title='bbox 1586 4270 1771 4328; x_wconf 86' lang='lat' dir='ltr'>extrinsecus</span> 
     </span>
     <span class='ocr_line' id='line_1_56' title="bbox 66 4341 1773 4418; baseline -0.001 -17"><span class='ocrx_word' id='word_1_577' title='bbox 66 4360 168 4402; x_wconf 81' lang='lat' dir='ltr'>veram</span> <span class='ocrx_word' id='word_1_578' title='bbox 183 4361 286 4402; x_wconf 88' lang='lat' dir='ltr'>eorum</span> <span class='ocrx_word' id='word_1_579' title='bbox 301 4345 550 4418; x_wconf 85' lang='lat' dir='ltr'>deprehendimus</span> <span class='ocrx_word' id='word_1_580' title='bbox 563 4345 706 4418; x_wconf 88' lang='lat' dir='ltr'>originem</span> <span class='ocrx_word' id='word_1_581' title='bbox 721 4346 752 4402; x_wconf 91' lang='lat' dir='ltr'>iu</span> <span class='ocrx_word' id='word_1_582' title='bbox 775 4345 895 4418; x_wconf 88' lang='lat' dir='ltr'>antiquo</span> <span class='ocrx_word' id='word_1_583' title='bbox 950 4344 1143 4418; x_wconf 87' lang='lat' dir='ltr'>reponuntad</span> <span class='ocrx_word' id='word_1_584' title='bbox 1155 4342 1403 4415; x_wconf 87' lang='lat' dir='ltr'>margines:uude</span> <span class='ocrx_word' id='word_1_585' title='bbox 1413 4343 1490 4399; x_wconf 90' lang='lat' dir='ltr'>idern</span> <span class='ocrx_word' id='word_1_586' title='bbox 1500 4342 1681 4399; x_wconf 90' lang='lat' dir='ltr'>eccidissein</span> <span class='ocrx_word' id='word_1_587' title='bbox 1696 4341 1773 4399; x_wconf 93' lang='lat' dir='ltr'>libro</span> 
     </span>
     <span class='ocr_line' id='line_1_57' title="bbox 65 4413 1769 4508; baseline -0.001 -35"><span class='ocrx_word' id='word_1_588' title='bbox 65 4432 217 4489; x_wconf 76' lang='grc' dir='ltr'>ιιιοιιγιιιο</span> <span class='ocrx_word' id='word_1_589' title='bbox 231 4416 289 4473; x_wconf 84' lang='lat' dir='ltr'>scri</span> <span class='ocrx_word' id='word_1_590' title='bbox 313 4421 387 4482; x_wconf 88' lang='lat' dir='ltr'>tore,</span> <span class='ocrx_word' id='word_1_591' title='bbox 400 4416 452 4488; x_wconf 92' lang='lat' dir='ltr'>qui</span> <span class='ocrx_word' id='word_1_592' title='bbox 467 4422 630 4488; x_wconf 88' lang='lat' dir='ltr'>sequenten</span> <span class='ocrx_word' id='word_1_593' title='bbox 647 4416 770 4473; x_wconf 87' lang='lat' dir='ltr'>attexuit</span> <span class='ocrx_word' id='word_1_594' title='bbox 792 4418 894 4475; x_wconf 88' lang='lat' dir='ltr'>admo·</span> <span class='ocrx_word' id='word_1_595' title='bbox 908 4441 932 4508; x_wconf 70' lang='lat' dir='ltr'>D</span> <span class='ocrx_word' id='word_1_596' title='bbox 946 4417 1152 4473; x_wconf 82' lang='lat' dir='ltr'>Poverborlum</span> <span class='ocrx_word' id='word_1_597' title='bbox 1164 4413 1498 4486; x_wconf 77' lang='lat' dir='ltr'>manifestumeat,quod</span> <span class='ocrx_word' id='word_1_598' title='bbox 1512 4414 1542 4469; x_wconf 92' lang='lat' dir='ltr'>iu</span> <span class='ocrx_word' id='word_1_599' title='bbox 1557 4413 1642 4470; x_wconf 86' lang='lat' dir='ltr'>libris</span> <span class='ocrx_word' id='word_1_600' title='bbox 1656 4418 1769 4497; x_wconf 80' lang='lat' dir='ltr'>Regum</span> 
     </span>
     <span class='ocr_line' id='line_1_58' title="bbox 66 4486 1771 4569; baseline -0.001 -24"><span class='ocrx_word' id='word_1_601' title='bbox 66 4487 212 4545; x_wconf 81' lang='lat' dir='ltr'>uiliorem</span> <span class='ocrx_word' id='word_1_602' title='bbox 228 4489 264 4545; x_wconf 90' lang='lat' dir='ltr'>ed</span> <span class='ocrx_word' id='word_1_603' title='bbox 301 4504 369 4545; x_wconf 88' lang='lat' dir='ltr'>nem</span> <span class='ocrx_word' id='word_1_604' title='bbox 385 4486 893 4560; x_wconf 79' lang='lat' dir='ltr'>prelationisinlibrosSelomonis,</span> <span class='ocrx_word' id='word_1_605' title='bbox 947 4504 1038 4559; x_wconf 90' lang='lat' dir='ltr'>supra</span> <span class='ocrx_word' id='word_1_606' title='bbox 1052 4486 1225 4569; x_wconf 82' lang='lat' dir='ltr'>monuimus</span> <span class='ocrx_word' id='word_1_607' title='bbox 1235 4486 1270 4541; x_wconf 91' lang='lat' dir='ltr'>ad</span> <span class='ocrx_word' id='word_1_608' title='bbox 1281 4501 1345 4558; x_wconf 89' lang='lat' dir='ltr'>cap.</span> <span class='ocrx_word' id='word_1_609' title='bbox 1361 4503 1385 4541; x_wconf 80' lang='lat' dir='ltr'>v.</span> <span class='ocrx_word' id='word_1_610' title='bbox 1403 4487 1462 4541; x_wconf 90' lang='lat' dir='ltr'>lluc</span> <span class='ocrx_word' id='word_1_611' title='bbox 1477 4502 1547 4558; x_wconf 89' lang='lat' dir='ltr'>ergo</span> <span class='ocrx_word' id='word_1_612' title='bbox 1561 4486 1714 4569; x_wconf 77' lang='lat' dir='ltr'>amandari</span> <span class='ocrx_word' id='word_1_613' title='bbox 1739 4499 1771 4544; x_wconf 89' lang='lat' dir='ltr'>se</span> 
     </span>
     <span class='ocr_line' id='line_1_59' title="bbox 67 4556 1773 4632; baseline -0.001 -18"><span class='ocrx_word' id='word_1_614' title='bbox 67 4558 156 4615; x_wconf 79' lang='lat' dir='ltr'>edite</span> <span class='ocrx_word' id='word_1_615' title='bbox 171 4559 207 4615; x_wconf 88' lang='lat' dir='ltr'>ab</span> <span class='ocrx_word' id='word_1_616' title='bbox 221 4558 399 4632; x_wconf 73' lang='lat' dir='ltr'>Hieronymo</span> <span class='ocrx_word' id='word_1_617' title='bbox 413 4575 481 4615; x_wconf 87' lang='lat' dir='ltr'>cum</span> <span class='ocrx_word' id='word_1_618' title='bbox 505 4559 567 4616; x_wconf 77' lang='lat' dir='ltr'>bec</span> <span class='ocrx_word' id='word_1_619' title='bbox 584 4558 735 4616; x_wconf 85' lang='lat' dir='ltr'>volumina</span> <span class='ocrx_word' id='word_1_620' title='bbox 765 4560 894 4632; x_wconf 91' lang='lat' dir='ltr'>primum</span> <span class='ocrx_word' id='word_1_621' title='bbox 948 4561 1076 4632; x_wconf 88' lang='lat' dir='ltr'>patietur</span> <span class='ocrx_word' id='word_1_622' title='bbox 1104 4558 1256 4614; x_wconf 83' lang='lat' dir='ltr'>studiosus</span> <span class='ocrx_word' id='word_1_623' title='bbox 1272 4556 1372 4612; x_wconf 85' lang='lat' dir='ltr'>lector.</span> <span class='ocrx_word' id='word_1_624' title='bbox 1401 4556 1489 4613; x_wconf 85' lang='lat' dir='ltr'>Porro</span> <span class='ocrx_word' id='word_1_625' title='bbox 1513 4556 1644 4630; x_wconf 79' lang='lat' dir='ltr'>prelatio</span> <span class='ocrx_word' id='word_1_626' title='bbox 1670 4561 1773 4613; x_wconf 82' lang='lat' dir='ltr'>Hiero-</span> 
     </span>
     <span class='ocr_line' id='line_1_60' title="bbox 67 4627 1775 4701; baseline -0.001 -14"><span class='ocrx_word' id='word_1_627' title='bbox 67 4630 221 4687; x_wconf 85' lang='lat' dir='ltr'>recensuit</span> <span class='ocrx_word' id='word_1_628' title='bbox 235 4631 270 4686; x_wconf 88' lang='lat' dir='ltr'>ed</span> <span class='ocrx_word' id='word_1_629' title='bbox 293 4630 408 4687; x_wconf 81' lang='lat' dir='ltr'>Grecos</span> <span class='ocrx_word' id='word_1_630' title='bbox 422 4629 537 4687; x_wconf 89' lang='lat' dir='ltr'>codices</span> <span class='ocrx_word' id='word_1_631' title='bbox 567 4629 636 4686; x_wconf 79' lang='lat' dir='ltr'>Lxx</span> <span class='ocrx_word' id='word_1_632' title='bbox 663 4630 894 4698; x_wconf 84' lang='lat' dir='ltr'>Translatorum,</span> <span class='ocrx_word' id='word_1_633' title='bbox 950 4629 1042 4701; x_wconf 79' lang='lat' dir='ltr'>cymi,</span> <span class='ocrx_word' id='word_1_634' title='bbox 1053 4629 1090 4686; x_wconf 85' lang='lat' dir='ltr'>ad</span> <span class='ocrx_word' id='word_1_635' title='bbox 1105 4628 1192 4701; x_wconf 88' lang='lat' dir='ltr'>cujus</span> <span class='ocrx_word' id='word_1_636' title='bbox 1203 4627 1312 4684; x_wconf 88' lang='lat' dir='ltr'>calcem</span> <span class='ocrx_word' id='word_1_637' title='bbox 1325 4644 1401 4685; x_wconf 86' lang='lat' dir='ltr'>anon</span> <span class='ocrx_word' id='word_1_638' title='bbox 1424 4643 1584 4687; x_wconf 87' lang='lat' dir='ltr'>muesuam</span> <span class='ocrx_word' id='word_1_639' title='bbox 1599 4627 1775 4686; x_wconf 85' lang='lat' dir='ltr'>admonitio·</span> 
     </span>
     <span class='ocr_line' id='line_1_61' title="bbox 68 4644 1774 4783; baseline -0.001 -25"><span class='ocrx_word' id='word_1_640' title='bbox 68 4700 165 4758; x_wconf 88' lang='lat' dir='ltr'>obelis</span> <span class='ocrx_word' id='word_1_641' title='bbox 178 4705 208 4758; x_wconf 90' lang='lat' dir='ltr'>et</span> <span class='ocrx_word' id='word_1_642' title='bbox 222 4702 357 4759; x_wconf 56' lang='lat' dir='ltr'>eserieie</span> <span class='ocrx_word' id='word_1_643' title='bbox 370 4717 445 4773; x_wconf 91' lang='lat' dir='ltr'>opus</span> <span class='ocrx_word' id='word_1_644' title='bbox 457 4718 543 4759; x_wconf 88' lang='lat' dir='ltr'>omne</span> <span class='ocrx_word' id='word_1_645' title='bbox 559 4702 747 4774; x_wconf 88' lang='lat' dir='ltr'>distinguens</span> <span class='ocrx_word' id='word_1_646' title='bbox 761 4717 768 4757; x_wconf 93' lang='lat'><strong>:</strong></span> <span class='ocrx_word' id='word_1_647' title='bbox 795 4723 810 4754; x_wconf 73' lang='grc' dir='ltr'><strong>α</strong></span> <span class='ocrx_word' id='word_1_648' title='bbox 826 4702 894 4759; x_wconf 90' lang='lat' dir='ltr'>ideo</span> <span class='ocrx_word' id='word_1_649' title='bbox 949 4717 1016 4758; x_wconf 88' lang='lat' dir='ltr'>uem</span> <span class='ocrx_word' id='word_1_650' title='bbox 1031 4700 1164 4783; x_wconf 76' lang='lat' dir='ltr'>attexuit,</span> <span class='ocrx_word' id='word_1_651' title='bbox 1181 4699 1262 4782; x_wconf 75' lang='lat' dir='ltr'>typis¹</span> <span class='ocrx_word' id='word_1_652' title='bbox 1273 4714 1381 4780; x_wconf 77' lang='lat' dir='ltr'>excuse</span> <span class='ocrx_word' id='word_1_653' title='bbox 1404 4644 1529 4757; x_wconf 82' lang='lat' dir='ltr'>iabetur</span> <span class='ocrx_word' id='word_1_654' title='bbox 1555 4716 1624 4758; x_wconf 89' lang='lat' dir='ltr'>cum</span> <span class='ocrx_word' id='word_1_655' title='bbox 1653 4699 1729 4758; x_wconf 90' lang='lat' dir='ltr'>notis</span> <span class='ocrx_word' id='word_1_656' title='bbox 1743 4698 1774 4756; x_wconf 91' lang='lat' dir='ltr'>in</span> 
     </span>
     <span class='ocr_line' id='line_1_62' title="bbox 68 4769 1534 4855; baseline 0 -26"><span class='ocrx_word' id='word_1_657' title='bbox 68 4772 153 4830; x_wconf 89' lang='lat' dir='ltr'>etde</span> <span class='ocrx_word' id='word_1_658' title='bbox 178 4770 309 4845; x_wconf 76' lang='lat' dir='ltr'>Hebrieo,</span> <span class='ocrx_word' id='word_1_659' title='bbox 337 4772 435 4855; x_wconf 86' lang='lat' dir='ltr'>lnquit</span> <span class='ocrx_word' id='word_1_660' title='bbox 459 4790 535 4830; x_wconf 91' lang='lat' dir='ltr'>anon</span> <span class='ocrx_word' id='word_1_661' title='bbox 559 4789 625 4830; x_wconf 90' lang='lat' dir='ltr'>mue</span> <span class='ocrx_word' id='word_1_662' title='bbox 652 4778 763 4844; x_wconf 89' lang='lat' dir='ltr'>noster,</span> <span class='ocrx_word' id='word_1_663' title='bbox 789 4773 895 4831; x_wconf 80' lang='lat' dir='ltr'>Preie-</span> <span class='ocrx_word' id='word_1_664' title='bbox 948 4772 1007 4829; x_wconf 88' lang='lat' dir='ltr'>tine</span> <span class='ocrx_word' id='word_1_665' title='bbox 1038 4788 1118 4828; x_wconf 81' lang='lat' dir='ltr'>rime</span> <span class='ocrx_word' id='word_1_666' title='bbox 1129 4770 1217 4841; x_wconf 74' lang='lat' dir='ltr'>hujus</span> <span class='ocrx_word' id='word_1_667' title='bbox 1232 4769 1428 4829; x_wconf 72' lang='lat' dir='ltr'>Bibliothecae.</span> <span class='ocrx_word' id='word_1_668' title='bbox 1442 4774 1534 4829; x_wconf 74' lang='lat' dir='ltr'>Mser.</span> 
     </span>
     <span class='ocr_line' id='line_1_63' title="bbox 67 4789 1775 4928; baseline -0.001 -26"><span class='ocrx_word' id='word_1_669' title='bbox 67 4843 205 4928; x_wconf 72' lang='lat' dir='ltr'>liupculs</span> <span class='ocrx_word' id='word_1_670' title='bbox 230 4849 355 4916; x_wconf 91' lang='lat' dir='ltr'>utraque</span> <span class='ocrx_word' id='word_1_671' title='bbox 382 4861 412 4900; x_wconf 85' lang='grc' dir='ltr'>ιιι</span> <span class='ocrx_word' id='word_1_672' title='bbox 436 4814 491 4901; x_wconf 80' lang='lat' dir='ltr'>iroc</span> <span class='ocrx_word' id='word_1_673' title='bbox 517 4790 610 4928; x_wconf 40' lang='lat' dir='ltr'>iiico·</span> <span class='ocrx_word' id='word_1_674' title='bbox 635 4844 790 4927; x_wconf 74' lang='lat' dir='ltr'>praemissa</span> <span class='ocrx_word' id='word_1_675' title='bbox 825 4848 894 4900; x_wconf 82' lang='lat' dir='ltr'>eet:</span> <span class='ocrx_word' id='word_1_676' title='bbox 983 4789 1065 4925; x_wconf 51' lang='lat' dir='ltr'>”iro</span> <span class='ocrx_word' id='word_1_677' title='bbox 1091 4840 1340 4913; x_wconf 73' lang='lat' dir='ltr'>iuicuutioutiles,</span> <span class='ocrx_word' id='word_1_678' title='bbox 1364 4848 1398 4899; x_wconf 89' lang='lat' dir='ltr'>ut</span> <span class='ocrx_word' id='word_1_679' title='bbox 1419 4841 1490 4900; x_wconf 89' lang='lat' dir='ltr'>alibi</span> <span class='ocrx_word' id='word_1_680' title='bbox 1519 4844 1730 4914; x_wconf 87' lang='lat' dir='ltr'>interpretatur</span> <span class='ocrx_word' id='word_1_681' title='bbox 1756 4857 1775 4900; x_wconf 85' lang='lat' dir='ltr'>a</span> 
     </span>
     <span class='ocr_line' id='line_1_64' title="bbox 67 4914 1772 5066; baseline -0.004 -22"><span class='ocrx_word' id='word_1_682' title='bbox 67 4914 897 5059; x_wconf 54' lang='lat' dir='ltr'>giniegeiriiisungtiiiliiititirieiabliliimiiieiiiimiieiinraiicii</span> <span class='ocrx_word' id='word_1_683' title='bbox 947 4922 1014 5021; x_wconf 50' lang='lat' dir='ltr'>uegit</span> <span class='ocrx_word' id='word_1_684' title='bbox 1033 4915 1516 5066; x_wconf 24' lang='lat' dir='ltr'>⁰ni⁰1iiiimumtenussentsnuam</span> <span class='ocrx_word' id='word_1_685' title='bbox 1532 5001 1622 5057; x_wconf 86' lang='lat' dir='ltr'>quern</span> <span class='ocrx_word' id='word_1_686' title='bbox 1638 4983 1668 5040; x_wconf 91' lang='lat' dir='ltr'>ln</span> <span class='ocrx_word' id='word_1_687' title='bbox 1701 4980 1772 5039; x_wconf 90' lang='lat' dir='ltr'>Vul-</span> 
     </span>
     <span class='ocr_line' id='line_1_65' title="bbox 67 5055 1774 5130; baseline -0.004 -15"><span class='ocrx_word' id='word_1_688' title='bbox 67 5058 274 5126; x_wconf 86' lang='lat' dir='ltr'>tranelationi,</span> <span class='ocrx_word' id='word_1_689' title='bbox 286 5056 331 5116; x_wconf 86' lang='lat' dir='ltr'>vel</span> <span class='ocrx_word' id='word_1_690' title='bbox 345 5058 529 5125; x_wconf 80' lang='lat' dir='ltr'>extrinsecus</span> <span class='ocrx_word' id='word_1_691' title='bbox 540 5059 642 5127; x_wconf 85' lang='lat' dir='ltr'>juncta</span> <span class='ocrx_word' id='word_1_692' title='bbox 651 5062 729 5115; x_wconf 80' lang='lat' dir='ltr'>sunt.</span> <span class='ocrx_word' id='word_1_693' title='bbox 742 5058 777 5114; x_wconf 82' lang='lat' dir='ltr'>ut</span> <span class='ocrx_word' id='word_1_694' title='bbox 788 5057 896 5114; x_wconf 87' lang='lat' dir='ltr'>idcirco</span> <span class='ocrx_word' id='word_1_695' title='bbox 949 5062 1017 5130; x_wconf 90' lang='lat' dir='ltr'>gata</span> <span class='ocrx_word' id='word_1_696' title='bbox 1025 5056 1127 5113; x_wconf 74' lang='lat' dir='ltr'>Latina</span> <span class='ocrx_word' id='word_1_697' title='bbox 1141 5055 1241 5111; x_wconf 85' lang='lat' dir='ltr'>eddrta</span> <span class='ocrx_word' id='word_1_698' title='bbox 1251 5061 1351 5110; x_wconf 88' lang='lat' dir='ltr'>monet</span> <span class='ocrx_word' id='word_1_699' title='bbox 1364 5055 1468 5113; x_wconf 87' lang='lat' dir='ltr'>obelus</span> <span class='ocrx_word' id='word_1_700' title='bbox 1482 5062 1591 5124; x_wconf 84' lang='lat' dir='ltr'>noster,</span> <span class='ocrx_word' id='word_1_701' title='bbox 1607 5056 1685 5111; x_wconf 88' lang='lat' dir='ltr'>intra</span> <span class='ocrx_word' id='word_1_702' title='bbox 1702 5069 1774 5110; x_wconf 88' lang='lat' dir='ltr'>con·</span> 
     </span>
     <span class='ocr_line' id='line_1_66' title="bbox 91 5123 1774 5214; baseline -0.002 -29"><span class='ocrx_word' id='word_1_703' title='bbox 91 5127 147 5185; x_wconf 89' lang='lat' dir='ltr'>nil</span> <span class='ocrx_word' id='word_1_704' title='bbox 186 5129 212 5187; x_wconf 90' lang='lat' dir='ltr'>is</span> <span class='ocrx_word' id='word_1_705' title='bbox 226 5144 344 5202; x_wconf 88' lang='lat' dir='ltr'>semper</span> <span class='ocrx_word' id='word_1_706' title='bbox 357 5128 505 5214; x_wconf 90' lang='lat' dir='ltr'>peregrini</span> <span class='ocrx_word' id='word_1_707' title='bbox 520 5134 679 5186; x_wconf 89' lang='lat' dir='ltr'>memento.</span> <span class='ocrx_word' id='word_1_708' title='bbox 696 5151 711 5180; x_wconf 74' lang='grc' dir='ltr'>ιι</span> <span class='ocrx_word' id='word_1_709' title='bbox 739 5132 805 5185; x_wconf 82' lang='lat' dir='ltr'>fleo</span> <span class='ocrx_word' id='word_1_710' title='bbox 830 5131 898 5201; x_wconf 89' lang='lat' dir='ltr'>qui·</span> <span class='ocrx_word' id='word_1_711' title='bbox 948 5133 1060 5185; x_wconf 89' lang='lat' dir='ltr'>textum</span> <span class='ocrx_word' id='word_1_712' title='bbox 1076 5127 1184 5184; x_wconf 88' lang='lat' dir='ltr'>retinet</span> <span class='ocrx_word' id='word_1_713' title='bbox 1198 5123 1341 5209; x_wconf 79' lang='lat' dir='ltr'>hocloco</span> <span class='ocrx_word' id='word_1_714' title='bbox 1356 5143 1376 5209; x_wconf 40' lang='lat'>;·</span> <span class='ocrx_word' id='word_1_715' title='bbox 1391 5127 1489 5185; x_wconf 65' lang='grc' dir='ltr'>(ἓιιιιοιι</span> <span class='ocrx_word' id='word_1_716' title='bbox 1517 5143 1585 5184; x_wconf 86' lang='lat' dir='ltr'>vero</span> <span class='ocrx_word' id='word_1_717' title='bbox 1613 5126 1774 5183; x_wconf 81' lang='lat' dir='ltr'>Carcasso·</span> 
     </span>
     <span class='ocr_line' id='line_1_67' title="bbox 89 5196 1773 5274; baseline -0.003 -18"><span class='ocrx_word' id='word_1_718' title='bbox 89 5199 164 5257; x_wconf 88' lang='lat' dir='ltr'>ami</span> <span class='ocrx_word' id='word_1_719' title='bbox 188 5199 353 5274; x_wconf 86' lang='lat' dir='ltr'>equiequis</span> <span class='ocrx_word' id='word_1_720' title='bbox 369 5200 467 5271; x_wconf 85' lang='lat' dir='ltr'>luerit,</span> <span class='ocrx_word' id='word_1_721' title='bbox 484 5200 546 5256; x_wconf 84' lang='lat' dir='ltr'>slve</span> <span class='ocrx_word' id='word_1_722' title='bbox 571 5200 744 5257; x_wconf 88' lang='lat' dir='ltr'>sobolieetee</span> <span class='ocrx_word' id='word_1_723' title='bbox 771 5199 898 5257; x_wconf 67' lang='lat' dir='ltr'>&amp;nonis</span> <span class='ocrx_word' id='word_1_724' title='bbox 949 5200 1053 5257; x_wconf 90' lang='lat' dir='ltr'>nensis</span> <span class='ocrx_word' id='word_1_725' title='bbox 1066 5199 1249 5255; x_wconf 88' lang='lat' dir='ltr'>extrinsecus</span> <span class='ocrx_word' id='word_1_726' title='bbox 1259 5211 1289 5251; x_wconf 85' lang='lat' dir='ltr'>in</span> <span class='ocrx_word' id='word_1_727' title='bbox 1303 5212 1355 5253; x_wconf 87' lang='lat' dir='ltr'>ora</span> <span class='ocrx_word' id='word_1_728' title='bbox 1369 5198 1515 5255; x_wconf 82' lang='lat' dir='ltr'>interioris</span> <span class='ocrx_word' id='word_1_729' title='bbox 1529 5196 1650 5254; x_wconf 89' lang='lat' dir='ltr'>codicis.</span> <span class='ocrx_word' id='word_1_730' title='bbox 1679 5196 1773 5253; x_wconf 83' lang='lat' dir='ltr'>Maur.</span> 
     </span>
     <span class='ocr_line' id='line_1_68' title="bbox 68 5266 1773 5343; baseline -0.004 -14"><span class='ocrx_word' id='word_1_731' title='bbox 68 5270 222 5329; x_wconf 69' lang='lat' dir='ltr'>Hebraicis</span> <span class='ocrx_word' id='word_1_732' title='bbox 237 5270 379 5340; x_wconf 66' lang='lat' dir='ltr'>vertutis,</span> <span class='ocrx_word' id='word_1_733' title='bbox 395 5270 457 5328; x_wconf 86' lang='lat' dir='ltr'>sive</span> <span class='ocrx_word' id='word_1_734' title='bbox 473 5271 548 5328; x_wconf 92' lang='lat' dir='ltr'>aliue</span> <span class='ocrx_word' id='word_1_735' title='bbox 564 5272 697 5343; x_wconf 87' lang='lat' dir='ltr'>ejusdem</span> <span class='ocrx_word' id='word_1_736' title='bbox 711 5273 805 5328; x_wconf 85' lang='lat' dir='ltr'>etatis</span> <span class='ocrx_word' id='word_1_737' title='bbox 821 5269 897 5327; x_wconf 90' lang='lat' dir='ltr'>scri·</span> <span class='ocrx_word' id='word_1_738' title='bbox 984 5300 1020 5312; x_wconf 91' lang='lat'>-</span> <span class='ocrx_word' id='word_1_739' title='bbox 1033 5269 1264 5327; x_wconf 77' lang='lat' dir='ltr'>Alterumbocee</span> <span class='ocrx_word' id='word_1_740' title='bbox 1278 5266 1513 5326; x_wconf 77' lang='lat' dir='ltr'>eddilamenturn</span> <span class='ocrx_word' id='word_1_741' title='bbox 1526 5270 1557 5325; x_wconf 91' lang='lat' dir='ltr'>in</span> <span class='ocrx_word' id='word_1_742' title='bbox 1572 5267 1710 5340; x_wconf 84' lang='lat' dir='ltr'>Vulgata,</span> <span class='ocrx_word' id='word_1_743' title='bbox 1739 5266 1773 5323; x_wconf 76' lang='grc' dir='ltr'>δι’</span> 
     </span>
     <span class='ocr_line' id='line_1_69' title="bbox 67 5340 1775 5427; baseline -0.003 -28"><span class='ocrx_word' id='word_1_744' title='bbox 67 5343 348 5427; x_wconf 38' lang='grc' dir='ltr'>ρίοι.,οιιιιιοιιιιιιιιο</span> <span class='ocrx_word' id='word_1_745' title='bbox 364 5342 455 5411; x_wconf 85' lang='lat' dir='ltr'>igitur</span> <span class='ocrx_word' id='word_1_746' title='bbox 469 5341 607 5399; x_wconf 90' lang='lat' dir='ltr'>lectorem</span> <span class='ocrx_word' id='word_1_747' title='bbox 623 5343 786 5425; x_wconf 78' lang='lat' dir='ltr'>edmonuit,</span> <span class='ocrx_word' id='word_1_748' title='bbox 803 5342 899 5414; x_wconf 90' lang='lat' dir='ltr'>posita</span> <span class='ocrx_word' id='word_1_749' title='bbox 949 5347 1046 5398; x_wconf 84' lang='lat' dir='ltr'>nutem</span> <span class='ocrx_word' id='word_1_750' title='bbox 1061 5340 1387 5421; x_wconf 73' lang='lat' dir='ltr'>impipersuere&#39;e,ueniet</span> <span class='ocrx_word' id='word_1_751' title='bbox 1402 5344 1433 5397; x_wconf 81' lang='lat' dir='ltr'>et</span> <span class='ocrx_word' id='word_1_752' title='bbox 1455 5342 1519 5412; x_wconf 72' lang='lat' dir='ltr'>soce</span> <span class='ocrx_word' id='word_1_753' title='bbox 1543 5342 1638 5425; x_wconf 70' lang='lat' dir='ltr'>messis</span> <span class='ocrx_word' id='word_1_754' title='bbox 1661 5348 1719 5407; x_wconf 82' lang='lat' dir='ltr'>tuo,</span> <span class='ocrx_word' id='word_1_755' title='bbox 1747 5340 1775 5395; x_wconf 84' lang='lat' dir='ltr'>et</span> 
     </span>
     <span class='ocr_line' id='line_1_70' title="bbox 67 5408 1773 5564; baseline -0.004 -21"><span class='ocrx_word' id='word_1_756' title='bbox 67 5412 898 5559; x_wconf 54' lang='lat' dir='ltr'>attllbltittfltltlttfflltitillet!</span> <span class='ocrx_word' id='word_1_757' title='bbox 949 5408 1773 5564; x_wconf 53' lang='lat' dir='ltr'>iii&#39;iitfflasiliiini‘liiqui‘iiim‘iiuiiii</span> 
     </span>
     <span class='ocr_line' id='line_1_71' title="bbox 68 5550 1775 5680; baseline -0.004 -67"><span class='ocrx_word' id='word_1_758' title='bbox 68 5554 215 5614; x_wconf 82' lang='lat' dir='ltr'>tluucule</span> <span class='ocrx_word' id='word_1_759' title='bbox 229 5556 297 5629; x_wconf 90' lang='lat' dir='ltr'>(hoc</span> <span class='ocrx_word' id='word_1_760' title='bbox 311 5561 366 5623; x_wconf 87' lang='lat' dir='ltr'>est,</span> <span class='ocrx_word' id='word_1_761' title='bbox 382 5560 412 5613; x_wconf 90' lang='lat' dir='ltr'>et</span> <span class='ocrx_word' id='word_1_762' title='bbox 427 5555 521 5626; x_wconf 91' lang='lat' dir='ltr'>prima</span> <span class='ocrx_word' id='word_1_763' title='bbox 541 5572 630 5628; x_wconf 89' lang='lat' dir='ltr'>quam</span> <span class='ocrx_word' id='word_1_764' title='bbox 653 5557 834 5629; x_wconf 83' lang='lat' dir='ltr'>premiserat</span> <span class='ocrx_word' id='word_1_765' title='bbox 861 5556 898 5612; x_wconf 90' lang='lat' dir='ltr'>ad</span> <span class='ocrx_word' id='word_1_766' title='bbox 950 5554 1092 5628; x_wconf 89' lang='lat' dir='ltr'>pleraque</span> <span class='ocrx_word' id='word_1_767' title='bbox 1105 5553 1249 5626; x_wconf 84' lang='lat' dir='ltr'>ejusmodi</span> <span class='ocrx_word' id='word_1_768' title='bbox 1261 5554 1319 5635; x_wconf 80' lang='lat' dir='ltr'>alia</span> <span class='ocrx_word' id='word_1_769' title='bbox 1339 5569 1396 5636; x_wconf 82' lang='lat' dir='ltr'>non</span> <span class='ocrx_word' id='word_1_770' title='bbox 1426 5554 1528 5612; x_wconf 87' lang='lat' dir='ltr'>novit:</span> <span class='ocrx_word' id='word_1_771' title='bbox 1555 5550 1775 5680; x_wconf 51' lang='lat' dir='ltr'>Hieronhmraol</span> 
     </span>
     <span class='ocr_line' id='line_1_72' title="bbox 68 5622 1776 5700; baseline -0.004 -15"><span class='ocrx_word' id='word_1_772' title='bbox 68 5642 160 5685; x_wconf 82' lang='lat' dir='ltr'>auem</span> <span class='ocrx_word' id='word_1_773' title='bbox 174 5629 381 5686; x_wconf 83' lang='lat' dir='ltr'>versionamex</span> <span class='ocrx_word' id='word_1_774' title='bbox 396 5626 698 5700; x_wconf 82' lang='lat' dir='ltr'>Lllliluterpretibus,</span> <span class='ocrx_word' id='word_1_775' title='bbox 710 5630 740 5684; x_wconf 88' lang='lat' dir='ltr'>et</span> <span class='ocrx_word' id='word_1_776' title='bbox 753 5626 901 5700; x_wconf 87' lang='lat' dir='ltr'>posterior</span> <span class='ocrx_word' id='word_1_777' title='bbox 950 5631 1048 5684; x_wconf 86' lang='lat' dir='ltr'>eutem</span> <span class='ocrx_word' id='word_1_778' title='bbox 1063 5627 1239 5683; x_wconf 80' lang='lat' dir='ltr'>vetustiores</span> <span class='ocrx_word' id='word_1_779' title='bbox 1266 5640 1372 5680; x_wconf 79' lang='lat' dir='ltr'>sinceri</span> <span class='ocrx_word' id='word_1_780' title='bbox 1400 5629 1528 5694; x_wconf 88' lang='lat' dir='ltr'>codices,</span> <span class='ocrx_word' id='word_1_781' title='bbox 1554 5627 1639 5698; x_wconf 84' lang='lat' dir='ltr'>juxta</span> <span class='ocrx_word' id='word_1_782' title='bbox 1689 5622 1776 5680; x_wconf 83' lang='lat' dir='ltr'>ebrer</span> 
     </span>
     <span class='ocr_line' id='line_1_73' title="bbox 69 5696 1406 5772; baseline -0.003 -14"><span class='ocrx_word' id='word_1_783' title='bbox 69 5697 902 5772; x_wconf 74' lang='lat' dir='ltr'>editacurntranslaticuellebraicelinitioliborumSalo·</span> <span class='ocrx_word' id='word_1_784' title='bbox 952 5702 1050 5757; x_wconf 88' lang='lat' dir='ltr'>textus</span> <span class='ocrx_word' id='word_1_785' title='bbox 1059 5698 1148 5757; x_wconf 84' lang='lat' dir='ltr'>fldem</span> <span class='ocrx_word' id='word_1_786' title='bbox 1163 5696 1249 5771; x_wconf 89' lang='lat' dir='ltr'>plara</span> <span class='ocrx_word' id='word_1_787' title='bbox 1259 5697 1406 5755; x_wconf 87' lang='lat' dir='ltr'>nesciunt.</span> 
     </span>
    </p>
   </div>
   <div class='ocr_carea' id='block_1_5' title="bbox 71 5768 900 5845">
    <p class='ocr_par' dir='ltr' id='par_1_5' title="bbox 71 5768 900 5845">
     <span class='ocr_line' id='line_1_74' title="bbox 71 5768 900 5845; baseline 0.002 -14"><span class='ocrx_word' id='word_1_788' title='bbox 71 5768 175 5831; x_wconf 81' lang='lat' dir='ltr'>monia</span> <span class='ocrx_word' id='word_1_789' title='bbox 183 5769 322 5832; x_wconf 89' lang='lat' dir='ltr'>ineodiee</span> <span class='ocrx_word' id='word_1_790' title='bbox 331 5769 472 5845; x_wconf 87' lang='lat' dir='ltr'>legantur</span> <span class='ocrx_word' id='word_1_791' title='bbox 480 5786 549 5832; x_wconf 88' lang='lat' dir='ltr'>cum</span> <span class='ocrx_word' id='word_1_792' title='bbox 559 5770 758 5831; x_wconf 84' lang='lat' dir='ltr'>admonitione</span> <span class='ocrx_word' id='word_1_793' title='bbox 765 5770 900 5843; x_wconf 73' lang='lat' dir='ltr'>ejusdem</span> 
     </span>
    </p>
   </div>
   <div class='ocr_carea' id='block_1_6' title="bbox 0 0 1946 6116">
    <p class='ocr_par' dir='ltr' id='par_1_6' title="bbox 0 0 1946 6116">
     <span class='ocr_line' id='line_1_75' title="bbox 0 0 1946 6116; baseline 0 0"><span class='ocrx_word' id='word_1_794' title='bbox 0 0 1946 6116; x_wconf 95' lang='lat' dir='ltr'> </span> 
     </span>
    </p>
   </div>
  </div>
 </body>
</html>
