3870 6120
118 160 187 217 1055
453 242 456 248 Ι
635 164 664 218 s.
685 121 888 219 alanorum
906 162 1034 218 nimus
1051 157 1300 215 sraaroraacs.
1348 166 1359 175 ·
1752 154 1818 210 toea

188 283 255 353 lavi)
270 283 363 353 vobis,
955 289 982 355 Α
1032 287 1061 340 et
1076 282 1105 338 in
1121 280 1413 338 manuairicalamus
1428 295 1573 337 mensore
1583 277 1820 336 sexcubitorum·

155 356 303 413 victimam
317 355 454 427 grandem
470 360 704 428 supermontem
720 356 820 413 lsrael.
1067 358 1097 410 et
1111 352 1208 427 palmo
1225 371 1232 408 :

155 434 187 484 ut
202 429 361 484 comedatis
376 442 505 496 carnem,
521 435 550 483 et
565 428 671 484 bibatis
688 429 873 498 sanguinem.
995 426 1030 482 Et
1044 441 1165 481 mensas
1180 429 1226 481 est
1241 423 1429 480 latitudinem
1445 422 1559 480 aedilicii
1576 421 1695 480 calamo
1711 438 1780 493 uno,

13 518 17 525 ·
117 499 225 557 Carnos
241 500 359 555 sortium
376 499 545 567 comedatis,
1031 496 1219 553 altitudinem
1235 511 1352 568 quoque
1367 496 1480 551 calamo
1496 511 1564 551 uno.

152 577 181 628 et
193 570 366 642 sanguinem
383 570 548 643 principum
565 574 648 627 terrae
663 571 780 641 bibetis,
995 569 1030 625 Et
1043 569 1123 625 venit
1137 568 1172 624 ad
1190 574 1304 640 portam
1320 584 1385 640 quae
1399 565 1575 639 respiciebat
1599 565 1679 621 riam
1696 565 1821 622 orienta-

152 643 288 710 arietum‚
315 657 470 714 agnorum,
486 648 514 698 st
527 641 688 714 hircorum,
715 648 939 716 taurorumque,
1065 640 1134 712 lem,

150 713 287 783 altilium,
303 719 331 769 et
347 713 502 785 pinguium
519 713 664 770 omnium.
1030 723 1059 768 et
1073 710 1206 769 ascendit
1220 726 1272 785 per
1286 709 1395 782 gradus
1409 709 1474 780 e‘jus
1490 725 1497 763 τ

115 785 148 841 lit
163 785 322 842 comedetis
338 785 452 855 adipem
470 785 499 841 in
514 786 710 856 saturitatem,
994 784 1030 840 lit
1040 799 1161 839 mensus
1172 786 1218 838 eat
1229 782 1317 837 limen
1328 784 1416 855 portae
1428 779 1608 837 calamanno
1620 778 1821 843 latitudinem,

147 862 176 912 et
191 855 296 912 bibetis
311 856 483 927 sanguinem
500 857 530 912 in
546 856 727 922 ebrietatem,
1029 853 1058 911 id
1075 859 1130 925 est,
1145 853 1234 909 limen
1251 870 1343 909 unum
1359 851 1471 909 calamo
1487 868 1544 908 uuo
1560 852 1590 908 ia
1606 850 1820 907 latitudinem:

147 929 183 985 de
209 927 338 996 victima,
354 944 443 999 quam
459 944 512 1001 ego
530 928 690 986 immolabo
706 928 761 1001 (Al.
777 927 939 1001 immelavi)
995 929 1030 984 Et
1045 926 1209 983 thalamum
1225 941 1283 981 uno
1298 925 1412 982 calamo
1428 924 1457 980 ia
1469 926 1604 996 longum,

149 999 233 1056 vobio
251 1016 257 1053 :
1030 1003 1059 1054 et
1074 1014 1132 1054 uno
1146 997 1260 1053 calamo
1274 996 1302 1052 in
1319 996 1412 1053 latam
1429 1012 1436 1051 :

113 1071 148 1126 Et
170 1069 376 1128 saturabimini
392 1084 482 1143 super
498 1084 631 1126 moneam
647 1084 743 1125 meam
759 1071 795 1126 de
809 1085 895 1142 equo,
911 1074 941 1127 at
1030 1074 1059 1126 et
1075 1070 1151 1126 inter
1166 1067 1323 1136 thalamos,
1339 1068 1411 1140 quin
1434 1082 1470 1122 us
1485 1066 1602 1122 cubitos
1619 1082 1627 1120 :

149 1141 411 1271 steigitiiriivreti’sis
428 1210 498 1268 viris
514 1210 703 1270 bellatoribus
718 1211 772 1269 'ait
795 1212 940 1272 Dominus
994 1142 1028 1198 Et
1044 1082 1521 1270 'iinaiiraigrriiiojumvesuzumm
1537 1143 1629 1210 pom
1645 1136 1822 1193 intrinsecus

189 1285 276 1341 Deus.
704 1256 727 1286 ’”
995 1285 1028 1341 ht
1042 1300 1164 1341 mensus
1178 1288 1224 1339 est
1238 1279 1414 1339 vestibulum
1431 1285 1519 1354 porte
1534 1284 1599 1337 octo
1617 1279 1801 1350 cubitorum,

24 1404 29 1419 ,
110 1360 146 1412 lit
162 1372 269 1428 ponam
286 1355 408 1426 gloriam
425 1370 521 1410 meam
538 1354 568 1409 in
584 1355 719 1426 gentibus
737 1371 743 1410 :
1030 1362 1058 1411 ct
1073 1357 1198 1411 frontem
1213 1356 1277 1425 ejus
1293 1353 1408 1409 duobus
1423 1353 1553 1409 cubitis:

146 1436 174 1484 et
189 1428 331 1483 videbunt
346 1443 448 1483 omnes
463 1430 564 1499 gentes
576 1426 722 1498 judicium
740 1443 849 1495 meum,
861 1427 938 1499 quod
993 1427 1173 1483 vestibulum
1190 1432 1288 1482 autem
1302 1429 1391 1497 porte
1405 1430 1467 1480 crat
1479 1423 1673 1479 intrinsecus.

184 1499 303 1555 locatim
321 1516 328 1554 :
995 1504 1080 1556 Porro
1096 1497 1217 1555 thalami
1236 1503 1325 1570 portae
1340 1497 1376 1553 ad
1388 1497 1464 1552 viam
1481 1494 1741 1563 orientalem,trcs
1756 1494 1819 1551 bino

147 1575 176 1627 et
190 1587 311 1626 manum
327 1585 435 1638 meam,
451 1585 541 1641 quam
554 1569 702 1641 posuerim
720 1585 809 1642 super
824 1585 884 1625 cos.
1083 1575 1111 1626 et
1126 1575 1187 1626 tres
1202 1569 1270 1624 inde
1287 1585 1293 1623 :

114 1643 149 1699 at
176 1642 271 1699 soient
299 1643 404 1698 doruus
433 1640 534 1709 lsrael,
551 1641 621 1712 quia
637 1657 688 1712 ego
704 1641 849 1697 Dominus
862 1639 976 1730 DeusB
1064 1658 1204 1697 mensura
1216 1656 1275 1697 una
1290 1638 1391 1709 trium,

184 1730 297 1784 eorum,
1080 1718 1109 1769 et
1126 1728 1263 1769 mensura
1278 1727 1338 1767 una
1352 1709 1492 1766 frontium
1508 1725 1543 1765 ex
1558 1712 1686 1781 utraque
1703 1713 1793 1782 parte.

146 1785 223 1841 adie
240 1785 301 1853 illa,
316 1789 345 1841 et
360 1783 508 1856 deinceps.
990 1785 1025 1841 Et
1040 1787 1213 1841 mensusest
1221 1782 1406 1840 latitudinem
1420 1780 1533 1838 liminis
1549 1786 1641 1854 portae
1656 1781 1760 1838 decem
1770 1798 1815 1837 cu·

112 1857 147 1912 lit
159 1858 254 1914 scient
267 1855 331 1927 (Al.
348 1856 420 1912 cdd.
436 1851 548 1924 omnes)
564 1855 665 1924 gentes
680 1851 819 1923 quoniam
835 1851 864 1908 in
880 1852 936 1909 ini·
1063 1857 1207 1922 bitorum,

182 1929 292 2001 quitata
324 1944 379 1985 sua
410 1928 464 1999 (At.
498 1930 616 1998 propter
647 1923 818 1996 iniquitates
854 1925 935 1997 suaa)
1025 1931 1053 1984 et
1067 1927 1282 2011 longitudinem
1299 1929 1389 1997 portae
1403 1923 1543 1981 tredecim
1559 1923 1755 1980 cubitorum:

182 2005 268 2071 capla
284 1998 323 2055 sil
337 2000 444 2055 domus
461 1995 561 2061 lsrael,
990 1999 1024 2055 Et
1038 2015 1204 2072 marginem
1216 2001 1284 2054 ante
1298 1996 1446 2053 thalamos
1460 1995 1552 2051 cubiti
1568 1995 1659 2052 unius
1679 2013 1687 2050 :

144 2070 270 2142 eoquod
287 2068 496 2142 dereliquerint
512 2069 604 2134 meet
617 2065 819 2123 absconderim
831 2066 934 2124 faciem
1024 2077 1052 2127 st
1067 2071 1186 2128 cubitus
1200 2086 1277 2126 unus
1294 2067 1363 2124 linis
1379 2067 1518 2139 utrinque
1536 2083 1543 2120 :

182 2158 276 2198 meam
293 2141 329 2196 ab
342 2142 383 2197 eis
400 2157 406 2195 :
1024 2141 1146 2199 thalami
1163 2147 1262 2198 autem
1278 2156 1329 2197 sex
1342 2139 1508 2196 cubitorum
1523 2142 1607 2193 erant
1620 2136 1691 2194 hino
1702 2137 1808 2194 atinde.

145 2217 174 2269 ei
188 2212 361 2269 tradiderim
377 2228 426 2268 eos
443 2210 471 2266 in
488 2224 595 2264 manue
610 2207 752 2277 boetium,
988 2214 1024 2270 llt
1039 2230 1160 2271 mensus
1176 2216 1220 2270 est
1235 2216 1351 2285 portam
1366 2214 1471 2268 alecto
1499 2207 1625 2267 thalami
1656 2226 1753 2283 usque
1776 2209 1806 2266 ad

145 2289 176 2342 et
191 2283 349 2340 ceciderint
364 2283 394 2338 ia
407 2281 504 2356 gladio
519 2278 659 2335 universi.
1064 2290 1175 2342 tectum
1191 2285 1266 2357 ejus,

10 2438 13 2443 -
108 2355 194 2412 iuxta
211 2352 431 2410 immunditiam
447 2368 548 2409 eorum
562 2355 591 2407 et
606 2350 703 2407 scelus
716 2349 769 2407 leci
785 2350 838 2417 eis,
1023 2356 1209 2414 latitudinem
1221 2353 1324 2429 viginti
1340 2358 1370 2410 et
1384 2352 1512 2426 quinque
1531 2351 1704 2410 cubitorum
1721 2370 1729 2408 :

7 3048 10 3055 .
94 3010 97 3015 ’
180 2999 284 3064 inme,

142 2431 171 2485 et
185 2426 326 2483 abscondi
338 2425 440 2482 laniem
457 2439 552 2479 meam
568 2422 689 2479 abillis.
1025 2430 1136 2485 ostium
1152 2431 1254 2484 eontra
1272 2425 1391 2483 ostium.

109 2502 264 2571 Propterea
278 2498 339 2553 hac
355 2496 425 2552 dicit
444 2495 584 2552 Dominus
601 2495 687 2550 Deus·
986 2500 1021 2556 Et
1036 2500 1103 2556 lecit
1118 2501 1229 2556 frontes
1245 2515 1296 2572 per
1310 2496 1465 2570 sexaginta
1482 2495 1600 2553 cubitos
1618 2511 1625 2551 :

63 2616 66 2623 .
109 2566 675 2651 Νυῦῦῑθᾶυθθῐῐ]ῦθρὶξνίὶᾶῑθωῦθῡῡῧ,
854 2636 859 2648 ,
1023 2567 1598 2642 etadirontrematriumporteuudiquc
1625 2567 1803 2625 ercircuitum

143 2646 172 2699 et
185 2640 346 2698 miserebor
361 2656 458 2697 omnis
472 2639 578 2695 domus
594 2638 647 2711 (At.
664 2635 744 2693 amal
759 2636 873 2710 domur)
890 2637 932 2694 ls·
988 2644 1022 2700 Et
1047 2648 1115 2700 ante
1139 2642 1242 2699 taciem
1267 2649 1366 2714 portae,
1381 2655 1446 2712 quas
1467 2585 1657 2713 pertingebat
1672 2638 1801 2713 usquead

177 2712 236 2770 rael
254 2730 261 2768 :
1058 2715 1164 2771 taciem
1178 2711 1316 2770 vestibuli
1330 2716 1420 2785 porta
1433 2710 1594 2781 interioris,

143 2789 173 2841 et
186 2800 333 2840 assumam
350 2781 444 2838 salum
461 2797 513 2853 pro
530 2780 648 2837 nomine
663 2783 764 2837 sancto
780 2795 855 2837 meo.
1022 2786 1241 2860 quinquaginta
1262 2783 1389 2841 cubitos.

108 2860 142 2912 st
157 2856 315 2929 portabunt
330 2855 531 2912 contusionem
547 2868 643 2920 suam,
986 2858 1022 2914 Et
1035 2859 1181 2914 fenestras
1197 2856 1333 2928 obliquas
1348 2854 1377 2910 in
1392 2852 1543 2920 thalamis,

145 2934 175 2985 et
189 2944 306 2984 omnem
320 2925 662 3000 prevaricationem‚qua
674 2922 853 2996 prevaricati
863 2927 932 2980 sunt
1021 2935 1051 2986 ot
1065 2931 1093 2986 in
1111 2929 1256 3012 hortibus
1271 2943 1386 3012 aprum,
1402 2942 1466 2998 que
1489 2928 1575 2982 erant
1599 2925 1680 2982 intra
1704 2928 1800 2999 portam

143 3085 211 3127 cum
227 3067 422 3151 habitaverint
435 3067 465 3124 in
482 3071 560 3123 terra
574 3084 630 3124 sua
643 3066 825 3124 confidenter
837 3065 931 3123 nemi·
945 3032 968 3101 c
987 3001 1253 3130 sjmfflqggpffi
1264 3002 1442 3127 ἓξὲξυῐιὲἵᾞυ
1452 3066 1606 3125 vestibulis
1623 3068 1751 3126 fenestra
1764 3081 1802 3138 per

181 3158 248 3197 nem
264 3141 480 3197 formidantes:
553 3208 559 3220 .
1058 3145 1367 3217 gyrumintrinsecus,

145 3217 173 3269 ei
189 3214 330 3268 reduxero
345 3226 395 3268 eos
410 3212 445 3267 de
461 3207 600 3292 populls„
638 3279 644 3292 ,
1024 3221 1052 3273 et
1067 3221 1135 3272 ante
1151 3216 1262 3271 frontes
1278 3213 1392 3286 pictura
1408 3211 1586 3284 palmarum.

143 3288 173 3340 et
183 3299 395 3357 congregavero
410 3283 446 3338 de
461 3281 547 3337 terris
562 3295 746 3337 inimicorum
763 3296 896 3350 suorum,
988 3291 1023 3345 Et
1040 3287 1142 3344 eduxit
1158 3302 1204 3342 ma
1219 3287 1255 3342 ad
1271 3286 1380 3343 atrium
1395 3284 1534 3353 exterius,

145 3361 174 3411 et
188 3355 389 3412 sauctillostus
418 3354 499 3409 suero
514 3352 544 3407 in
560 3351 613 3422 eis,
630 3351 659 3407 io
680 3351 773 3408 oculis
800 3352 932 3421 gentium
1023 3363 1052 3416 et
1070 3375 1136 3415 scos
1151 3358 1370 3431 gazophylacia,

179 3426 387 3498 plurimarum·
499 3493 505 3505 .
1024 3437 1052 3487 ct
1068 3430 1267 3503 pavimentum
1282 3432 1408 3485 stratum
1424 3426 1520 3500 lapide
1534 3426 1564 3483 in
1581 3425 1659 3484 atrio
1686 3443 1735 3500 per
1754 3423 1797 3480 cir·

108 3498 142 3553 Et
160 3497 254 3554 scient
269 3498 339 3570 quia
354 3512 407 3569 ego
422 3495 567 3551 Dominus
582 3492 659 3549 Deus
674 3509 787 3565 eorum,
1060 3502 1172 3558 coitum
1189 3518 1196 3557 :

144 3586 178 3626 eo
194 3569 271 3642 quod
296 3570 349 3638 (Al.
366 3567 445 3637 oum)
463 3563 662 3622 transtulerim
678 3580 728 3621 sos
743 3565 772 3620 in
790 3563 934 3632 nationes,
1023 3573 1146 3646 triginta
1160 3570 1366 3645 gazophylacia
1379 3571 1409 3626 io
1425 3570 1550 3626 circuitu
1570 3570 1739 3642 pavimenti.

144 3645 173 3698 et
188 3639 428 3713 congregaverim
443 3638 494 3716 (At.
513 3637 737 3709 congregavero)
766 3650 816 3692 eos
845 3652 935 3709 super
988 3644 1025 3701 Et
1039 3645 1238 3719 pavimentum
1254 3643 1282 3698 in
1298 3642 1392 3698 fronte
1407 3647 1569 3715 portarum,

180 3718 291 3769 terram
303 3727 399 3780 suam,
551 3778 558 3791 .
1025 3717 1187 3773 secundum
1199 3713 1414 3788 longitudinem
1434 3717 1585 3786 portarum
1601 3716 1666 3769 erat
1681 3710 1794 3767 interius.

146 3787 176 3840 et
189 3799 247 3840 non
262 3779 469 3856 dereliquerim
485 3795 520 3837 01
533 3795 575 3862 θὶς
592 3794 770 3851 quemquam
786 3778 837 3863 ibi·
990 3787 1024 3844 dt
1037 3804 1158 3845 mensus
1174 3792 1219 3843 est
1231 3785 1419 3843 latitudinem
1435 3803 1452 3842 a
1466 3785 1539 3842 facie
1555 3789 1646 3857 portae
1670 3781 1795 3840 interioris

107 3856 143 3913 El
158 3873 214 3912 uon
231 3854 410 3912 abscondam
425 3850 503 3908 ultra
518 3850 621 3934 lactem
639 3867 735 3907 mssflffl
751 3850 787 3907 ⁸¹)
803 3866 857 3919 0¹⁸»
1061 3876 1154 3932 usqua
1167 3860 1203 3915 ad
1219 3858 1343 3915 frontem
1371 3856 1437 3913 atrii
1460 3856 1607 3913 interioris
1621 3856 1796 3919 extrinsecos,

143 3944 176 3984 eo
192 3927 270 3999 quod
285 3926 439 3982 effuderim
451 3923 593 4006 ,spirltum
609 3939 708 3980 meum
719 3938 932 3995 superomnem
1025 3940 1140 3987 centum
1157 3929 1272 3986 cubitos
1288 3929 1323 3984 ad
1339 3928 1492 3994 orientem.
1508 3933 1538 3984 et
1550 3928 1587 3983 ad
1603 3927 1775 4000 aquilonem.

180 4000 299 4054 domum
318 3994 731 4063 lsraelissllfflsslissllssflellfl·
989 4001 1105 4058 Portam
1135 4017 1342 4073 quoquequre
1371 3999 1544 4073 respiciebat
1563 3999 1641 4056 viarn
1670 3995 1797 4072 aquilonis

108 4068 187 4143 (Cap.
203 4070 278 4153 XL.)
294 4071 324 4125 ln
337 4067 478 4125 vicesimo
497 4069 526 4121 et
554 4066 657 4137 quinto
686 4081 763 4122 anno
792 4066 935 4123 transmi·
1061 4072 1126 4128 atrii
1142 4073 1303 4138 exterioris,

145 4142 289 4213 gratioris
303 4145 420 4206 nostra,
436 4139 465 4193 in
481 4137 600 4194 exordio
615 4137 697 4208 anal,
712 4136 827 4194 decima
849 4154 935 4194 mea·
1026 4160 1147 4201 mensus
1170 4153 1213 4201 est
1229 4149 1288 4200 tam
1305 4144 1334 4198 in
1350 4141 1545 4216 longitudino,
1562 4159 1654 4216 qrram
1670 4142 1700 4198 in
1714 4137 1797 4196 latito·

146 4212 322 4340 &diffiteri-⁰
339 4213 452 4268 decimo
467 4225 543 4265 anno
560 4214 720 4282 pomam
737 4225 878 4282 pomum
891 4215 937 4266 m
990 4215 1185 4343 Etdtigafamos
1199 4285 1263 4342 e'us
1279 4288 1338 4341 tres
1350 4284 1380 4341 bi
1404 4301 1419 4341 c
1445 4289 1498 4341 ett
1562 4284 1632 4341 inda
1650 4303 1657 4315 ·

145 4351 176 4409 in
193 4355 257 4428 ipsa
272 4354 327 4438 hac
343 4355 393 4438 dia·
404 4354 683 4426 lactaestsuporme
695 4352 933 4423 maausDomini,
949 4384 974 4451 D
1026 4362 1054 4414 et
1067 4304 1194 4414 ionum
1212 4302 1297 4429 Jejus,
1312 4361 1340 4412 et
1353 4302 1547 4414 retriti'buluffrs
1561 4359 1626 4428 ejus
1649 4328 1798 4414 secundun

31 4443 32 4447 ¹
147 4425 467 4483 etadduxrtmerlluc.
1061 4444 1231 4487 mensuram
1248 4433 1336 4501 portas
1353 4428 1469 4500 prioris,

24 4538 27 4543 -
114 4499 147 4553 ln
162 4498 327 4556 visionibus
341 4498 392 4555 Del
407 4495 529 4554 adduxit
544 4510 589 4552 me
603 4495 633 4552 in
648 4499 753 4552 terram
768 4495 868 4564 lsrael,
1026 4500 1243 4583 quinquaginta
1258 4499 1423 4556 cubitorum
1438 4498 1657 4570 longitudinem
1673 4501 1746 4571 ejus,

147 4573 176 4625 et
190 4570 304 4626 dimisit
319 4586 365 4626 me
382 4571 615 4651 supermontem
631 4568 778 4652 excelsum
796 4567 885 4652 nimia
905 4587 911 4624 ε
1026 4577 1055 4629 et
1067 4571 1252 4628 latitudinem
1267 4570 1371 4643 viginti
1388 4571 1459 4644 quin
1483 4587 1518 4626 ue
1532 4570 1713 4627 cubitorum.

146 4657 336 4715 superquam
362 4645 426 4697 erat
440 4655 524 4712 quaer
538 4639 694 4696 aedilicium
719 4645 847 4697 civitatis
872 4657 937 4698 ver·
991 4644 1134 4700 l'cnestrre
1146 4647 1243 4699 autom
1259 4643 1335 4715 ejus,
1352 4648 1380 4698 at
1395 4589 1585 4711 vestiiaulum,

143 4715 237 4784 gentis
252 4714 288 4769 ad
304 4715 448 4769 austrum.
1025 4714 1221 4784 eteculpture
1237 4714 1401 4770 secundom
1417 4729 1587 4770 mensuram
1603 4717 1803 4785 portaquars·

110 4785 146 4840 Et
161 4784 323 4840 introduxit
336 4799 382 4838 me
397 4781 467 4838 illuc
484 4797 491 4835 :
1062 4786 1205 4859 spiciebat
1220 4786 1254 4840 ad
1271 4784 1413 4841 orientem
1432 4803 1438 4840 :

144 4861 173 4912 et
187 4872 254 4911 ecce
268 4855 311 4911 vir
324 4855 410 4924 cujus
422 4855 484 4909 erat
498 4851 610 4924 species
625 4852 710 4922 quasi
727 4852 841 4925 species
858 4854 935 4913 aris
991 4858 1024 4914 lat
1039 4863 1152 4930 septem
1165 4858 1311 4930 graduum
1326 4862 1389 4912 erat
1405 4870 1547 4914 ascensus
1561 4854 1640 4926 ejus,

145 4935 172 4982 et
187 4925 338 4982 funiculus
355 4926 450 4981 lineus
465 4923 495 4978 in
512 4938 601 4978 manu
618 4923 695 4992 ejus,
1026 4935 1055 4986 et
1065 4929 1243 4986 vestibulum
1261 4933 1327 4983 ante
1342 4944 1419 4984 eam,

146 5001 175 5054 et
189 4997 320 5054 calamus
336 5012 480 5052 mensura
495 4992 525 5048 ia
542 5008 648 5051 munus
663 4997 727 5067 ejus
743 5011 750 5049 τ
990 5002 1025 5057 lte
1039 5006 1125 5074 porta
1139 4999 1206 5057 atrii
1220 4999 1369 5056 interioris
1392 5003 1493 5056 contra
1516 5001 1633 5072 portam
1657 4995 1801 5071 aquilonis.

109 5070 326 5126 Stabatautem
343 5068 501 5147 inportar
605 5135 612 5148 ι
1061 5070 1285 5129 etoriontalem,

149 5147 178 5198 et
193 5142 310 5197 locutus
324 5143 369 5197 eet
384 5139 418 5194 ad
433 5153 480 5193 me
493 5135 571 5191 idem
586 5152 630 5191 vir
648 5153 654 5192 :
1026 5146 1056 5199 et
1070 5159 1192 5200 mensus
1207 5147 1251 5200 est
1265 5160 1282 5199 a
1294 5148 1378 5214 porta
1393 5157 1488 5214 usque
1502 5139 1537 5197 ad
1554 5141 1673 5213 portam
1699 5143 1802 5197 centum

112 5213 166 5270 Fili
184 5212 322 5282 bominis,
1062 5214 1187 5271 cubitos.

143 5286 209 5341 vide
222 5283 316 5341 oculis
330 5280 403 5350 tuis,
420 5285 449 5336 et
462 5276 586 5360 auribus
605 5277 758 5350 tuleradi,
991 5284 1025 5339 aa
1039 5285 1139 5341 eduxit
1154 5302 1199 5342 me
1214 5284 1249 5341 ad
1265 5284 1341 5340 viam
1359 5281 1531 5348 australem,

144 5360 173 5413 et
188 5371 263 5428 pone
280 5372 330 5413 cor
344 5358 430 5410 tuum
446 5352 476 5408 in
490 5365 588 5408 omnia
611 5366 675 5422 que
703 5366 754 5423 ego
783 5352 936 5410 ostendam
1027 5361 1055 5411 et
1069 5373 1135 5414 ecce
1150 5360 1233 5429 porta
1248 5373 1311 5428 que
1328 5354 1503 5428 respiciebat
1518 5352 1552 5410 ad
1570 5357 1708 5410 austrum
1725 5369 1733 5411 ε

184 5429 238 5483 tihi
255 5445 261 5483 :
1027 5431 1056 5482 st
1071 5444 1192 5484 mensus
1206 5432 1251 5483 est
1266 5430 1390 5483 frontem
1407 5428 1482 5496 ejus,
1498 5430 1528 5482 et
1541 5424 1723 5482 vestibulum
1741 5423 1803 5496 ejus,

145 5498 215 5570 quia
229 5506 261 5555 ut
273 5497 471 5556 ostendantur
485 5494 537 5551 tihi
552 5492 698 5550 adductus
712 5511 743 5551 ea
755 5493 813 5551 huo
829 5511 837 5549 ε
1024 5499 1109 5570 Juxta
1124 5515 1279 5556 mensuras
1294 5499 1471 5571 superiores.

148 5568 291 5627 annuntia
304 5568 413 5633 omnia.
429 5584 491 5638 ‘luae
506 5570 537 5622 tu
554 5566 646 5630 Videt·
661 5565 763 5622 domui
778 5564 877 5622 lsrael·
991 5573 1028 5626 at
1042 5571 1185 5628 fenestras
1200 5571 1275 5642 ejus,
1293 5575 1322 5626 et
1336 5568 1480 5627 vestibula
1496 5567 1525 5623 in
1541 5565 1762 5639 circuitu‚sicut
1775 5565 1805 5623 lo·

109 5638 146 5693 Et
171 5655 237 5695 ecce
264 5657 368 5698 murus
395 5640 561 5697 lorinsecus
577 5636 606 5695 in
623 5637 747 5695 circuitu
762 5637 869 5693 domus
884 5654 937 5694 un·
1064 5651 1178 5699 nestras
1193 5647 1313 5699 ceteras
1330 5660 1336 5697 :

106 5756 108 5760 ·
184 5709 284 5781 dilue,
1027 5712 1241 5788 quinquaginta
1254 5711 1421 5772 cubitorum
1436 5707 1621 5784 longitudine
