<?xml version="1.0" encoding="UTF-8"?>
<!DOCTYPE html PUBLIC "-//W3C//DTD XHTML 1.0 Transitional//EN"
    "http://www.w3.org/TR/xhtml1/DTD/xhtml1-transitional.dtd">
<html xmlns="http://www.w3.org/1999/xhtml" xml:lang="en" lang="en">
 <head>
  <title>
</title>
<meta http-equiv="Content-Type" content="text/html;charset=utf-8" />
  <meta name='ocr-system' content='tesseract 3.04.00' />
  <meta name='ocr-capabilities' content='ocr_page ocr_carea ocr_par ocr_line ocrx_word'/>
</head>
<body>
  <div class='ocr_page' id='page_1' title='image "./patrologiaecurs13goog_0630.png"; bbox 0 0 3870 6120; ppageno 0'>
   <div class='ocr_carea' id='block_1_1' title="bbox 127 122 1903 253">
    <p class='ocr_par' dir='ltr' id='par_1_1' title="bbox 127 122 1903 253">
     <span class='ocr_line' id='line_1_1' title="bbox 127 122 1903 253; baseline 0.014 -44"><span class='ocrx_word' id='word_1_1' title='bbox 127 158 200 216; x_wconf 82' lang='lat'><strong>1253</strong></span> <span class='ocrx_word' id='word_1_2' title='bbox 640 155 643 160; x_wconf 63' lang='grc'><em>’</em></span> <span class='ocrx_word' id='word_1_3' title='bbox 798 162 905 219; x_wconf 79' lang='lat' dir='ltr'>uelle</span> <span class='ocrx_word' id='word_1_4' title='bbox 923 161 1155 253; x_wconf 68' lang='lat' dir='ltr'>escendenti.</span> <span class='ocrx_word' id='word_1_5' title='bbox 1762 182 1832 239; x_wconf 68' lang='lat'>1254</span> <span class='ocrx_word' id='word_1_6' title='bbox 1897 122 1903 129; x_wconf 92' lang='lat'>·</span> 
     </span>
    </p>
   </div>
   <div class='ocr_carea' id='block_1_2' title="bbox 126 278 1933 364">
    <p class='ocr_par' dir='ltr' id='par_1_2' title="bbox 126 278 1933 364">
     <span class='ocr_line' id='line_1_2' title="bbox 126 278 1933 364; baseline 0.012 -21"><span class='ocrx_word' id='word_1_7' title='bbox 126 286 161 343; x_wconf 75' lang='lat' dir='ltr'>liti</span> <span class='ocrx_word' id='word_1_8' title='bbox 176 282 405 357; x_wconf 85' lang='lat' dir='ltr'>provocaverunt</span> <span class='ocrx_word' id='word_1_9' title='bbox 419 294 486 337; x_wconf 84' lang='lat' dir='ltr'>euin</span> <span class='ocrx_word' id='word_1_10' title='bbox 503 278 533 336; x_wconf 90' lang='lat' dir='ltr'>in</span> <span class='ocrx_word' id='word_1_11' title='bbox 548 281 671 339; x_wconf 87' lang='lat' dir='ltr'>excelsis</span> <span class='ocrx_word' id='word_1_12' title='bbox 686 282 760 352; x_wconf 82' lang='lat' dir='ltr'>suis,</span> <span class='ocrx_word' id='word_1_13' title='bbox 966 294 994 359; x_wconf 69' lang='grc' dir='ltr'><strong>Α</strong></span> <span class='ocrx_word' id='word_1_14' title='bbox 1044 290 1073 344; x_wconf 89' lang='lat' dir='ltr'>et</span> <span class='ocrx_word' id='word_1_15' title='bbox 1087 302 1178 359; x_wconf 88' lang='lat' dir='ltr'>super</span> <span class='ocrx_word' id='word_1_16' title='bbox 1191 303 1282 362; x_wconf 81' lang='lat' dir='ltr'>regna</span> <span class='ocrx_word' id='word_1_17' title='bbox 1296 307 1360 364; x_wconf 84' lang='lat' dir='ltr'>que</span> <span class='ocrx_word' id='word_1_18' title='bbox 1377 309 1482 354; x_wconf 89' lang='lat' dir='ltr'>nomeu</span> <span class='ocrx_word' id='word_1_19' title='bbox 1505 302 1589 359; x_wconf 90' lang='lat' dir='ltr'>tuum</span> <span class='ocrx_word' id='word_1_20' title='bbox 1605 319 1663 360; x_wconf 88' lang='lat' dir='ltr'>uon</span> <span class='ocrx_word' id='word_1_21' title='bbox 1678 303 1832 364; x_wconf 79' lang='lat' dir='ltr'>invocare·</span> <span class='ocrx_word' id='word_1_22' title='bbox 1918 278 1933 315; x_wconf 48' lang='lat'>³</span> 
     </span>
    </p>
   </div>
   <div class='ocr_carea' id='block_1_3' title="bbox 126 352 1783 648">
    <p class='ocr_par' dir='ltr' id='par_1_3' title="bbox 126 352 1783 648">
     <span class='ocr_line' id='line_1_3' title="bbox 163 352 1159 426; baseline 0.004 -15"><span class='ocrx_word' id='word_1_23' title='bbox 163 363 192 412; x_wconf 91' lang='lat' dir='ltr'>et</span> <span class='ocrx_word' id='word_1_24' title='bbox 206 358 235 410; x_wconf 92' lang='lat' dir='ltr'>in</span> <span class='ocrx_word' id='word_1_25' title='bbox 251 352 438 426; x_wconf 71' lang='lat' dir='ltr'>sculptilibus</span> <span class='ocrx_word' id='word_1_26' title='bbox 448 354 511 409; x_wconf 91' lang='lat' dir='ltr'>suis</span> <span class='ocrx_word' id='word_1_27' title='bbox 522 355 558 410; x_wconf 92' lang='lat' dir='ltr'>ad</span> <span class='ocrx_word' id='word_1_28' title='bbox 569 356 844 415; x_wconf 85' lang='lat' dir='ltr'>aemulandumeum</span> <span class='ocrx_word' id='word_1_29' title='bbox 856 356 952 414; x_wconf 85' lang='lat' dir='ltr'>conci·</span> <span class='ocrx_word' id='word_1_30' title='bbox 1079 364 1159 415; x_wconf 87' lang='lat' dir='ltr'>runt.</span> 
     </span>
     <span class='ocr_line' id='line_1_4' title="bbox 200 429 1396 499; baseline 0.008 -17"><span class='ocrx_word' id='word_1_31' title='bbox 200 432 347 482; x_wconf 87' lang='lat' dir='ltr'>taverunt.</span> <span class='ocrx_word' id='word_1_32' title='bbox 1007 429 1078 493; x_wconf 80' lang='lat' dir='ltr'>Ouia</span> <span class='ocrx_word' id='word_1_33' title='bbox 1092 432 1281 489; x_wconf 90' lang='lat' dir='ltr'>comederunt</span> <span class='ocrx_word' id='word_1_34' title='bbox 1295 439 1396 499; x_wconf 78' lang='lat' dir='ltr'>lacot,</span> 
     </span>
     <span class='ocr_line' id='line_1_5' title="bbox 126 496 1528 574; baseline 0.01 -18"><span class='ocrx_word' id='word_1_35' title='bbox 126 500 244 556; x_wconf 77' lang='lat' dir='ltr'>iludivit</span> <span class='ocrx_word' id='word_1_36' title='bbox 262 500 346 563; x_wconf 77' lang='lat' dir='ltr'>usus,</span> <span class='ocrx_word' id='word_1_37' title='bbox 360 502 389 552; x_wconf 93' lang='lat' dir='ltr'>et</span> <span class='ocrx_word' id='word_1_38' title='bbox 403 513 462 551; x_wconf 92' lang='lat' dir='ltr'>non</span> <span class='ocrx_word' id='word_1_39' title='bbox 478 496 595 552; x_wconf 88' lang='lat' dir='ltr'>distulit</span> <span class='ocrx_word' id='word_1_40' title='bbox 611 515 617 552; x_wconf 93' lang='lat'>:</span> <span class='ocrx_word' id='word_1_41' title='bbox 1041 508 1068 556; x_wconf 88' lang='lat' dir='ltr'>et</span> <span class='ocrx_word' id='word_1_42' title='bbox 1082 503 1214 559; x_wconf 77' lang='lat' dir='ltr'><strong>decorem</strong></span> <span class='ocrx_word' id='word_1_43' title='bbox 1231 509 1295 574; x_wconf 90' lang='lat' dir='ltr'>ejus</span> <span class='ocrx_word' id='word_1_44' title='bbox 1311 509 1528 571; x_wconf 83' lang='lat' dir='ltr'>desolaverunt.</span> 
     </span>
     <span class='ocr_line' id='line_1_6' title="bbox 161 568 1783 648; baseline 0.013 -22"><span class='ocrx_word' id='word_1_45' title='bbox 161 578 192 627; x_wconf 90' lang='lat' dir='ltr'>et</span> <span class='ocrx_word' id='word_1_46' title='bbox 206 571 328 642; x_wconf 87' lang='lat' dir='ltr'>projecit</span> <span class='ocrx_word' id='word_1_47' title='bbox 344 568 530 623; x_wconf 87' lang='lat' dir='ltr'>vehementer</span> <span class='ocrx_word' id='word_1_48' title='bbox 545 571 643 624; x_wconf 83' lang='lat' dir='ltr'>lsrael.</span> <span class='ocrx_word' id='word_1_49' title='bbox 1005 572 1048 631; x_wconf 86' lang='lat' dir='ltr'>Ne</span> <span class='ocrx_word' id='word_1_50' title='bbox 1063 578 1223 631; x_wconf 71' lang='lat' dir='ltr'><strong>recorderis</strong></span> <span class='ocrx_word' id='word_1_51' title='bbox 1238 578 1426 648; x_wconf 72' lang='lat' dir='ltr'>iniquitatum</span> <span class='ocrx_word' id='word_1_52' title='bbox 1443 591 1612 642; x_wconf 88' lang='lat' dir='ltr'>nostrarum</span> <span class='ocrx_word' id='word_1_53' title='bbox 1628 591 1758 646; x_wconf 84' lang='lat' dir='ltr'>veterum</span> <span class='ocrx_word' id='word_1_54' title='bbox 1777 609 1783 647; x_wconf 95' lang='lat'><strong>:</strong></span> 
     </span>
    </p>
   </div>
   <div class='ocr_carea' id='block_1_4' title="bbox 124 641 1828 784">
    <p class='ocr_par' dir='ltr' id='par_1_4' title="bbox 124 641 1828 784">
     <span class='ocr_line' id='line_1_7' title="bbox 124 641 1818 725; baseline 0.013 -26"><span class='ocrx_word' id='word_1_55' title='bbox 124 645 161 699; x_wconf 83' lang='lat' dir='ltr'>llt</span> <span class='ocrx_word' id='word_1_56' title='bbox 177 643 298 725; x_wconf 82' lang='lat' dir='ltr'>reiiquit</span> <span class='ocrx_word' id='word_1_57' title='bbox 313 644 539 697; x_wconf 87' lang='lat' dir='ltr'>tabernaculum</span> <span class='ocrx_word' id='word_1_58' title='bbox 556 641 616 722; x_wconf 66' lang='lat' dir='ltr'>Silo</span> <span class='ocrx_word' id='word_1_59' title='bbox 634 657 641 696; x_wconf 79' lang='lat' dir='ltr'><em>z</em></span> <span class='ocrx_word' id='word_1_60' title='bbox 1041 644 1100 699; x_wconf 89' lang='lat' dir='ltr'>cito</span> <span class='ocrx_word' id='word_1_61' title='bbox 1115 647 1155 713; x_wconf 86' lang='lat' dir='ltr'>(b.</span> <span class='ocrx_word' id='word_1_62' title='bbox 1174 649 1291 719; x_wconf 83' lang='lat' dir='ltr'>t&#39;estino)</span> <span class='ocrx_word' id='word_1_63' title='bbox 1307 659 1451 724; x_wconf 87' lang='lat' dir='ltr'>orenprnt</span> <span class='ocrx_word' id='word_1_64' title='bbox 1467 672 1520 712; x_wconf 92' lang='lat' dir='ltr'>nos</span> <span class='ocrx_word' id='word_1_65' title='bbox 1536 660 1745 719; x_wconf 75' lang='lat' dir='ltr'>misericordie</span> <span class='ocrx_word' id='word_1_66' title='bbox 1761 672 1818 720; x_wconf 78' lang='lat' dir='ltr'>tuae</span> 
     </span>
     <span class='ocr_line' id='line_1_8' title="bbox 160 706 1828 784; baseline 0.01 -15"><span class='ocrx_word' id='word_1_67' title='bbox 160 720 320 769; x_wconf 88' lang='lat' dir='ltr'>tentorium</span> <span class='ocrx_word' id='word_1_68' title='bbox 336 713 414 783; x_wconf 91' lang='lat' dir='ltr'>quod</span> <span class='ocrx_word' id='word_1_69' title='bbox 431 712 584 766; x_wconf 89' lang='lat' dir='ltr'>collocavit</span> <span class='ocrx_word' id='word_1_70' title='bbox 597 718 674 769; x_wconf 88' lang='lat' dir='ltr'>inter</span> <span class='ocrx_word' id='word_1_71' title='bbox 688 712 833 771; x_wconf 90' lang='lat' dir='ltr'>homines.</span> <span class='ocrx_word' id='word_1_72' title='bbox 1041 716 1107 784; x_wconf 89' lang='lat' dir='ltr'>quia</span> <span class='ocrx_word' id='word_1_73' title='bbox 1124 722 1266 775; x_wconf 87' lang='lat' dir='ltr'>attenuati</span> <span class='ocrx_word' id='word_1_74' title='bbox 1284 737 1389 778; x_wconf 90' lang='lat' dir='ltr'>sumus</span> <span class='ocrx_word' id='word_1_75' title='bbox 1406 726 1505 784; x_wconf 92' lang='lat' dir='ltr'>nimis.</span> <span class='ocrx_word' id='word_1_76' title='bbox 1820 706 1828 736; x_wconf 71' lang='lat'>’</span> 
     </span>
    </p>
   </div>
   <div class='ocr_carea' id='block_1_5' title="bbox 120 783 1829 1220">
    <p class='ocr_par' dir='ltr' id='par_1_5' title="bbox 123 783 1629 856">
     <span class='ocr_line' id='line_1_9' title="bbox 123 783 1629 856; baseline 0.01 -14"><span class='ocrx_word' id='word_1_77' title='bbox 123 786 160 842; x_wconf 76' lang='lat' dir='ltr'>bi</span> <span class='ocrx_word' id='word_1_78' title='bbox 174 787 297 841; x_wconf 80' lang='lat' dir='ltr'>tradidit</span> <span class='ocrx_word' id='word_1_79' title='bbox 312 785 342 839; x_wconf 91' lang='lat' dir='ltr'>in</span> <span class='ocrx_word' id='word_1_80' title='bbox 358 783 559 852; x_wconf 89' lang='lat' dir='ltr'>captivitatem</span> <span class='ocrx_word' id='word_1_81' title='bbox 575 784 710 841; x_wconf 90' lang='lat' dir='ltr'>virtutem</span> <span class='ocrx_word' id='word_1_82' title='bbox 727 802 812 842; x_wconf 86' lang='lat' dir='ltr'>suain</span> <span class='ocrx_word' id='word_1_83' title='bbox 830 789 839 823; x_wconf 90' lang='lat'><strong>¹</strong></span> <span class='ocrx_word' id='word_1_84' title='bbox 857 803 864 843; x_wconf 92' lang='lat'><strong>:</strong></span> <span class='ocrx_word' id='word_1_85' title='bbox 1003 788 1152 843; x_wconf 76' lang='lat' dir='ltr'>Auxiliare</span> <span class='ocrx_word' id='word_1_86' title='bbox 1169 792 1264 856; x_wconf 82' lang='lat' dir='ltr'>nobis,</span> <span class='ocrx_word' id='word_1_87' title='bbox 1282 792 1358 848; x_wconf 87' lang='lat' dir='ltr'>[leus</span> <span class='ocrx_word' id='word_1_88' title='bbox 1372 795 1458 853; x_wconf 83' lang='lat' dir='ltr'>lestis</span> <span class='ocrx_word' id='word_1_89' title='bbox 1475 804 1577 855; x_wconf 87' lang='lat' dir='ltr'>noster</span> <span class='ocrx_word' id='word_1_90' title='bbox 1593 802 1604 837; x_wconf 65' lang='grc' dir='ltr'>ἵ</span> <span class='ocrx_word' id='word_1_91' title='bbox 1620 821 1629 856; x_wconf 79' lang='grc'>.-</span> 
     </span>
    </p>

    <p class='ocr_par' dir='ltr' id='par_1_6' title="bbox 124 854 1829 999">
     <span class='ocr_line' id='line_1_10' title="bbox 160 854 1829 949; baseline 0.014 -36"><span class='ocrx_word' id='word_1_92' title='bbox 160 862 189 913; x_wconf 87' lang='lat' dir='ltr'>et</span> <span class='ocrx_word' id='word_1_93' title='bbox 204 858 339 937; x_wconf 77' lang='lat' dir='ltr'>decorem</span> <span class='ocrx_word' id='word_1_94' title='bbox 354 871 442 912; x_wconf 90' lang='lat' dir='ltr'>suum</span> <span class='ocrx_word' id='word_1_95' title='bbox 459 854 489 909; x_wconf 89' lang='lat' dir='ltr'>in</span> <span class='ocrx_word' id='word_1_96' title='bbox 507 871 595 910; x_wconf 88' lang='lat' dir='ltr'>ruanu</span> <span class='ocrx_word' id='word_1_97' title='bbox 613 856 718 912; x_wconf 89' lang='lat' dir='ltr'>bostis.</span> <span class='ocrx_word' id='word_1_98' title='bbox 1039 866 1158 930; x_wconf 88' lang='lat' dir='ltr'>propter</span> <span class='ocrx_word' id='word_1_99' title='bbox 1170 863 1292 934; x_wconf 82' lang='lat' dir='ltr'>gloriam</span> <span class='ocrx_word' id='word_1_100' title='bbox 1309 868 1437 923; x_wconf 89' lang='lat' dir='ltr'>nominis</span> <span class='ocrx_word' id='word_1_101' title='bbox 1453 872 1494 925; x_wconf 89' lang='lat' dir='ltr'>tui</span> <span class='ocrx_word' id='word_1_102' title='bbox 1513 873 1565 942; x_wconf 78' lang='lat' dir='ltr'>(lt.</span> <span class='ocrx_word' id='word_1_103' title='bbox 1592 873 1663 930; x_wconf 85' lang='lat' dir='ltr'>add.</span> <span class='ocrx_word' id='word_1_104' title='bbox 1680 876 1721 949; x_wconf 89' lang='lat' dir='ltr'>et)</span> <span class='ocrx_word' id='word_1_105' title='bbox 1735 874 1829 936; x_wconf 83' lang='lat' dir='ltr'>libera</span> 
     </span>
     <span class='ocr_line' id='line_1_11' title="bbox 124 925 1153 999; baseline 0.002 -15"><span class='ocrx_word' id='word_1_106' title='bbox 124 929 158 985; x_wconf 78' lang='lat' dir='ltr'>lit</span> <span class='ocrx_word' id='word_1_107' title='bbox 171 926 317 985; x_wconf 81' lang='lat' dir='ltr'>conclusit</span> <span class='ocrx_word' id='word_1_108' title='bbox 333 943 361 981; x_wconf 90' lang='lat' dir='ltr'>iu</span> <span class='ocrx_word' id='word_1_109' title='bbox 378 925 475 999; x_wconf 84' lang='lat' dir='ltr'>gladio</span> <span class='ocrx_word' id='word_1_110' title='bbox 491 925 633 998; x_wconf 89' lang='lat' dir='ltr'>populum</span> <span class='ocrx_word' id='word_1_111' title='bbox 649 944 749 997; x_wconf 86' lang='lat' dir='ltr'>suum,</span> <span class='ocrx_word' id='word_1_112' title='bbox 1076 947 1130 986; x_wconf 88' lang='lat' dir='ltr'>nos</span> <span class='ocrx_word' id='word_1_113' title='bbox 1147 947 1153 986; x_wconf 93' lang='lat'>:</span> 
     </span>
    </p>

    <p class='ocr_par' dir='ltr' id='par_1_7' title="bbox 120 999 1825 1153">
     <span class='ocr_line' id='line_1_12' title="bbox 159 999 1813 1085; baseline 0.013 -30"><span class='ocrx_word' id='word_1_114' title='bbox 159 1006 189 1056; x_wconf 91' lang='lat' dir='ltr'>et</span> <span class='ocrx_word' id='word_1_115' title='bbox 206 1000 234 1055; x_wconf 90' lang='lat' dir='ltr'>in</span> <span class='ocrx_word' id='word_1_116' title='bbox 251 999 452 1055; x_wconf 78' lang='lat' dir='ltr'>hereditatem</span> <span class='ocrx_word' id='word_1_117' title='bbox 469 1014 554 1053; x_wconf 85' lang='lat' dir='ltr'>suern</span> <span class='ocrx_word' id='word_1_118' title='bbox 571 1014 628 1054; x_wconf 90' lang='lat' dir='ltr'>nou</span> <span class='ocrx_word' id='word_1_119' title='bbox 644 999 771 1056; x_wconf 84' lang='lat' dir='ltr'>distulit.</span> <span class='ocrx_word' id='word_1_120' title='bbox 1039 1003 1231 1074; x_wconf 87' lang='lat' dir='ltr'>etpropitiere</span> <span class='ocrx_word' id='word_1_121' title='bbox 1240 1008 1482 1071; x_wconf 83' lang='lat' dir='ltr'>peccatisnostris</span> <span class='ocrx_word' id='word_1_122' title='bbox 1509 1019 1813 1085; x_wconf 87' lang='lat' dir='ltr'>roptcrnomentuuin</span> 
     </span>
     <span class='ocr_line' id='line_1_13' title="bbox 120 1029 1825 1153; baseline 0.01 -26"><span class='ocrx_word' id='word_1_123' title='bbox 120 1070 248 1128; x_wconf 77' lang='lat' dir='ltr'>iuvenes</span> <span class='ocrx_word' id='word_1_124' title='bbox 263 1074 328 1153; x_wconf 83' lang='lat' dir='ltr'>ejus</span> <span class='ocrx_word' id='word_1_125' title='bbox 343 1071 493 1153; x_wconf 79' lang='lat' dir='ltr'>devoravit</span> <span class='ocrx_word' id='word_1_126' title='bbox 508 1071 598 1151; x_wconf 78' lang='lat' dir='ltr'>ignis,</span> <span class='ocrx_word' id='word_1_127' title='bbox 1002 1072 1096 1137; x_wconf 83' lang='lat' dir='ltr'>Quare</span> <span class='ocrx_word' id='word_1_128' title='bbox 1110 1080 1207 1130; x_wconf 88' lang='lat' dir='ltr'>dicent</span> <span class='ocrx_word' id='word_1_129' title='bbox 1221 1079 1231 1110; x_wconf 81' lang='lat'><strong>¹</strong></span> <span class='ocrx_word' id='word_1_130' title='bbox 1246 1084 1347 1148; x_wconf 82' lang='lat' dir='ltr'>gentes</span> <span class='ocrx_word' id='word_1_131' title='bbox 1363 1081 1411 1135; x_wconf 92' lang='lat' dir='ltr'>ubi</span> <span class='ocrx_word' id='word_1_132' title='bbox 1427 1087 1472 1137; x_wconf 90' lang='lat' dir='ltr'>eet</span> <span class='ocrx_word' id='word_1_133' title='bbox 1489 1029 1567 1140; x_wconf 66' lang='lat' dir='ltr'>liam</span> <span class='ocrx_word' id='word_1_134' title='bbox 1582 1089 1706 1144; x_wconf 80' lang='lat' dir='ltr'>eorum?</span> <span class='ocrx_word' id='word_1_135' title='bbox 1817 1061 1825 1079; x_wconf 60' lang='lat'><em>⁰</em></span> 
     </span>
    </p>

    <p class='ocr_par' dir='ltr' id='par_1_8' title="bbox 158 1145 1704 1220">
     <span class='ocr_line' id='line_1_14' title="bbox 158 1145 1704 1220; baseline 0.011 -21"><span class='ocrx_word' id='word_1_136' title='bbox 158 1149 186 1199; x_wconf 89' lang='lat' dir='ltr'>et</span> <span class='ocrx_word' id='word_1_137' title='bbox 201 1145 328 1211; x_wconf 68' lang='lat' dir='ltr'>viraines</span> <span class='ocrx_word' id='word_1_138' title='bbox 343 1157 408 1212; x_wconf 69' lang='lat' dir='ltr'>epus</span> <span class='ocrx_word' id='word_1_139' title='bbox 424 1156 510 1196; x_wconf 90' lang='lat' dir='ltr'>nemu</span> <span class='ocrx_word' id='word_1_140' title='bbox 527 1147 610 1196; x_wconf 84' lang='lat' dir='ltr'>luxit.</span> <span class='ocrx_word' id='word_1_141' title='bbox 1039 1150 1107 1199; x_wconf 87' lang='lat' dir='ltr'>nota</span> <span class='ocrx_word' id='word_1_142' title='bbox 1122 1145 1173 1201; x_wconf 87' lang='lat' dir='ltr'>ilat</span> <span class='ocrx_word' id='word_1_143' title='bbox 1189 1148 1217 1202; x_wconf 92' lang='lat' dir='ltr'>in</span> <span class='ocrx_word' id='word_1_144' title='bbox 1233 1151 1372 1220; x_wconf 82' lang='lat' dir='ltr'>gentibus</span> <span class='ocrx_word' id='word_1_145' title='bbox 1388 1158 1455 1209; x_wconf 86' lang='lat' dir='ltr'>ante</span> <span class='ocrx_word' id='word_1_146' title='bbox 1470 1156 1571 1213; x_wconf 84' lang='lat' dir='ltr'>oculos</span> <span class='ocrx_word' id='word_1_147' title='bbox 1587 1165 1704 1216; x_wconf 90' lang='lat' dir='ltr'>nostros</span> 
     </span>
    </p>
   </div>
   <div class='ocr_carea' id='block_1_6' title="bbox 121 1212 1930 1299">
    <p class='ocr_par' dir='ltr' id='par_1_9' title="bbox 121 1212 1930 1299">
     <span class='ocr_line' id='line_1_15' title="bbox 121 1212 1930 1299; baseline 0.012 -28"><span class='ocrx_word' id='word_1_148' title='bbox 121 1216 296 1271; x_wconf 74' lang='lat' dir='ltr'>Sacerdotes</span> <span class='ocrx_word' id='word_1_149' title='bbox 309 1219 374 1283; x_wconf 83' lang='lat' dir='ltr'>ejus</span> <span class='ocrx_word' id='word_1_150' title='bbox 389 1213 419 1267; x_wconf 90' lang='lat' dir='ltr'>in</span> <span class='ocrx_word' id='word_1_151' title='bbox 435 1214 532 1284; x_wconf 83' lang='lat' dir='ltr'>gladio</span> <span class='ocrx_word' id='word_1_152' title='bbox 548 1212 727 1283; x_wconf 84' lang='lat' dir='ltr'>ceciderunt,</span> <span class='ocrx_word' id='word_1_153' title='bbox 1037 1214 1110 1270; x_wconf 91' lang='lat' dir='ltr'>ultio</span> <span class='ocrx_word' id='word_1_154' title='bbox 1121 1220 1275 1288; x_wconf 66' lang='lat' dir='ltr'>sanatricis</span> <span class='ocrx_word' id='word_1_155' title='bbox 1289 1236 1439 1278; x_wconf 88' lang='lat' dir='ltr'>servorum</span> <span class='ocrx_word' id='word_1_156' title='bbox 1454 1229 1570 1282; x_wconf 91' lang='lat' dir='ltr'>tuorum</span> <span class='ocrx_word' id='word_1_157' title='bbox 1582 1230 1631 1299; x_wconf 87' lang='lat' dir='ltr'>qni</span> <span class='ocrx_word' id='word_1_158' title='bbox 1645 1230 1824 1291; x_wconf 78' lang='lat' dir='ltr'>effususest.</span> <span class='ocrx_word' id='word_1_159' title='bbox 1927 1286 1930 1291; x_wconf 91' lang='lat'>.</span> 
     </span>
    </p>
   </div>
   <div class='ocr_carea' id='block_1_7' title="bbox 113 1284 1889 2648">
    <p class='ocr_par' dir='ltr' id='par_1_10' title="bbox 113 1284 1889 2648">
     <span class='ocr_line' id='line_1_16' title="bbox 158 1284 1670 1371; baseline 0.01 -29"><span class='ocrx_word' id='word_1_160' title='bbox 158 1293 186 1342; x_wconf 93' lang='lat' dir='ltr'>et</span> <span class='ocrx_word' id='word_1_161' title='bbox 201 1288 296 1341; x_wconf 82' lang='lat' dir='ltr'>vidoae</span> <span class='ocrx_word' id='word_1_162' title='bbox 311 1288 374 1355; x_wconf 70' lang='lat' dir='ltr'>eins</span> <span class='ocrx_word' id='word_1_163' title='bbox 391 1301 447 1340; x_wconf 90' lang='lat' dir='ltr'>non</span> <span class='ocrx_word' id='word_1_164' title='bbox 465 1289 535 1339; x_wconf 86' lang='lat' dir='ltr'>sunt</span> <span class='ocrx_word' id='word_1_165' title='bbox 551 1284 623 1339; x_wconf 75' lang='lat' dir='ltr'>iletre</span> <span class='ocrx_word' id='word_1_166' title='bbox 639 1286 660 1340; x_wconf 83' lang='lat'>¹:</span> <span class='ocrx_word' id='word_1_167' title='bbox 1000 1288 1186 1371; x_wconf 77' lang='lat' dir='ltr'>ingrediatur</span> <span class='ocrx_word' id='word_1_168' title='bbox 1203 1306 1300 1346; x_wconf 90' lang='lat' dir='ltr'>eoram</span> <span class='ocrx_word' id='word_1_169' title='bbox 1317 1296 1346 1348; x_wconf 88' lang='lat' dir='ltr'>te</span> <span class='ocrx_word' id='word_1_170' title='bbox 1361 1296 1489 1365; x_wconf 67' lang='lat' dir='ltr'>gemitus</span> <span class='ocrx_word' id='word_1_171' title='bbox 1505 1300 1670 1357; x_wconf 86' lang='lat' dir='ltr'>vinetorum</span> 
     </span>
     <span class='ocr_line' id='line_1_17' title="bbox 119 1357 1493 1430; baseline 0.009 -17"><span class='ocrx_word' id='word_1_172' title='bbox 119 1358 155 1413; x_wconf 82' lang='lat' dir='ltr'>Et</span> <span class='ocrx_word' id='word_1_173' title='bbox 170 1357 318 1429; x_wconf 82' lang='lat' dir='ltr'>evigilavit</span> <span class='ocrx_word' id='word_1_174' title='bbox 332 1359 418 1428; x_wconf 89' lang='lat' dir='ltr'>quasi</span> <span class='ocrx_word' id='word_1_175' title='bbox 434 1357 582 1411; x_wconf 87' lang='lat' dir='ltr'>dormiens</span> <span class='ocrx_word' id='word_1_176' title='bbox 597 1357 740 1414; x_wconf 81' lang='lat' dir='ltr'>Dominus</span> <span class='ocrx_word' id='word_1_177' title='bbox 755 1373 762 1411; x_wconf 92' lang='lat'>:</span> <span class='ocrx_word' id='word_1_178' title='bbox 1035 1375 1065 1413; x_wconf 92' lang='lat' dir='ltr'>iu</span> <span class='ocrx_word' id='word_1_179' title='bbox 1082 1364 1286 1430; x_wconf 76' lang='lat' dir='ltr'>magnitudine</span> <span class='ocrx_word' id='word_1_180' title='bbox 1302 1363 1413 1420; x_wconf 83' lang='lat' dir='ltr'>brachii</span> <span class='ocrx_word' id='word_1_181' title='bbox 1431 1368 1493 1424; x_wconf 89' lang='lat' dir='ltr'>tui:</span> 
     </span>
     <span class='ocr_line' id='line_1_18' title="bbox 156 1426 1425 1502; baseline 0.006 -18"><span class='ocrx_word' id='word_1_182' title='bbox 156 1431 243 1501; x_wconf 89' lang='lat' dir='ltr'>quasi</span> <span class='ocrx_word' id='word_1_183' title='bbox 260 1431 343 1483; x_wconf 87' lang='lat' dir='ltr'>l&#39;ortis</span> <span class='ocrx_word' id='word_1_184' title='bbox 360 1434 425 1498; x_wconf 89' lang='lat' dir='ltr'>post</span> <span class='ocrx_word' id='word_1_185' title='bbox 441 1426 590 1496; x_wconf 85' lang='lat' dir='ltr'>crapulam</span> <span class='ocrx_word' id='word_1_186' title='bbox 607 1428 676 1482; x_wconf 92' lang='lat' dir='ltr'>vini.</span> <span class='ocrx_word' id='word_1_187' title='bbox 1035 1429 1169 1502; x_wconf 82' lang='lat' dir='ltr'>relinque</span> <span class='ocrx_word' id='word_1_188' title='bbox 1185 1433 1260 1488; x_wconf 89' lang='lat' dir='ltr'>lilios</span> <span class='ocrx_word' id='word_1_189' title='bbox 1277 1437 1425 1492; x_wconf 83' lang='lat' dir='ltr'>interitus.</span> 
     </span>
     <span class='ocr_line' id='line_1_19' title="bbox 119 1500 1822 1581; baseline 0.011 -25"><span class='ocrx_word' id='word_1_190' title='bbox 119 1501 153 1556; x_wconf 81' lang='lat' dir='ltr'>Et</span> <span class='ocrx_word' id='word_1_191' title='bbox 170 1503 314 1572; x_wconf 84' lang='lat' dir='ltr'>percussit</span> <span class='ocrx_word' id='word_1_192' title='bbox 329 1501 430 1555; x_wconf 88' lang='lat' dir='ltr'>bostes</span> <span class='ocrx_word' id='word_1_193' title='bbox 445 1515 515 1554; x_wconf 91' lang='lat' dir='ltr'>suos</span> <span class='ocrx_word' id='word_1_194' title='bbox 531 1508 692 1554; x_wconf 86' lang='lat' dir='ltr'>retrorsum</span> <span class='ocrx_word' id='word_1_195' title='bbox 710 1516 717 1555; x_wconf 95' lang='lat'><strong>:</strong></span> <span class='ocrx_word' id='word_1_196' title='bbox 999 1500 1033 1555; x_wconf 83' lang='lat' dir='ltr'>Et</span> <span class='ocrx_word' id='word_1_197' title='bbox 1048 1503 1137 1557; x_wconf 85' lang='lat' dir='ltr'>redde</span> <span class='ocrx_word' id='word_1_198' title='bbox 1152 1505 1255 1559; x_wconf 87' lang='lat' dir='ltr'>vicinis</span> <span class='ocrx_word' id='word_1_199' title='bbox 1271 1509 1379 1562; x_wconf 85' lang='lat' dir='ltr'>nostris</span> <span class='ocrx_word' id='word_1_200' title='bbox 1394 1510 1564 1581; x_wconf 88' lang='lat' dir='ltr'>septuplum</span> <span class='ocrx_word' id='word_1_201' title='bbox 1579 1513 1609 1569; x_wconf 90' lang='lat' dir='ltr'>in</span> <span class='ocrx_word' id='word_1_202' title='bbox 1626 1515 1692 1571; x_wconf 89' lang='lat' dir='ltr'>sinii</span> <span class='ocrx_word' id='word_1_203' title='bbox 1710 1533 1822 1575; x_wconf 89' lang='lat' dir='ltr'>eorum:</span> 
     </span>
     <span class='ocr_line' id='line_1_20' title="bbox 155 1571 1822 1654; baseline 0.011 -26"><span class='ocrx_word' id='word_1_204' title='bbox 155 1573 346 1645; x_wconf 89' lang='lat' dir='ltr'>opprobrium</span> <span class='ocrx_word' id='word_1_205' title='bbox 363 1572 576 1641; x_wconf 87' lang='lat' dir='ltr'>sempiternum</span> <span class='ocrx_word' id='word_1_206' title='bbox 592 1571 674 1627; x_wconf 89' lang='lat' dir='ltr'>dedit</span> <span class='ocrx_word' id='word_1_207' title='bbox 688 1573 730 1628; x_wconf 88' lang='lat' dir='ltr'>eis</span> <span class='ocrx_word' id='word_1_208' title='bbox 744 1571 765 1626; x_wconf 81' lang='lat'>⁸.</span> <span class='ocrx_word' id='word_1_209' title='bbox 1034 1573 1222 1644; x_wconf 86' lang='lat' dir='ltr'>opprobrium</span> <span class='ocrx_word' id='word_1_210' title='bbox 1240 1593 1327 1634; x_wconf 89' lang='lat' dir='ltr'>sunm</span> <span class='ocrx_word' id='word_1_211' title='bbox 1344 1583 1420 1651; x_wconf 86' lang='lat' dir='ltr'>quod</span> <span class='ocrx_word' id='word_1_212' title='bbox 1435 1585 1688 1654; x_wconf 78' lang='lat' dir='ltr'>exprobraverunt</span> <span class='ocrx_word' id='word_1_213' title='bbox 1702 1590 1754 1644; x_wconf 91' lang='lat' dir='ltr'>tibi</span> <span class='ocrx_word' id='word_1_214' title='bbox 1772 1596 1822 1647; x_wconf 78' lang='lat' dir='ltr'>ilo</span> 
     </span>
     <span class='ocr_line' id='line_1_21' title="bbox 119 1634 1766 1716; baseline 0.001 -17"><span class='ocrx_word' id='word_1_215' title='bbox 119 1645 152 1700; x_wconf 79' lang='lat' dir='ltr'>Et</span> <span class='ocrx_word' id='word_1_216' title='bbox 168 1645 293 1716; x_wconf 84' lang='lat' dir='ltr'>proiecit</span> <span class='ocrx_word' id='word_1_217' title='bbox 308 1642 533 1698; x_wconf 85' lang='lat' dir='ltr'>tabernaculum</span> <span class='ocrx_word' id='word_1_218' title='bbox 549 1643 668 1713; x_wconf 81' lang='lat' dir='ltr'>ioseph,</span> <span class='ocrx_word' id='word_1_219' title='bbox 1070 1647 1159 1700; x_wconf 86' lang='lat' dir='ltr'>mine.</span> <span class='ocrx_word' id='word_1_220' title='bbox 1758 1634 1766 1661; x_wconf 88' lang='lat'>’</span> 
     </span>
     <span class='ocr_line' id='line_1_22' title="bbox 153 1713 1765 1798; baseline 0.011 -27"><span class='ocrx_word' id='word_1_221' title='bbox 153 1723 181 1771; x_wconf 88' lang='lat' dir='ltr'>et</span> <span class='ocrx_word' id='word_1_222' title='bbox 196 1717 307 1771; x_wconf 88' lang='lat' dir='ltr'>tribum</span> <span class='ocrx_word' id='word_1_223' title='bbox 324 1714 461 1786; x_wconf 75' lang='lat' dir='ltr'>llpbraim</span> <span class='ocrx_word' id='word_1_224' title='bbox 477 1731 535 1770; x_wconf 89' lang='lat' dir='ltr'>nun</span> <span class='ocrx_word' id='word_1_225' title='bbox 550 1716 648 1787; x_wconf 84' lang='lat' dir='ltr'>elegit.</span> <span class='ocrx_word' id='word_1_226' title='bbox 996 1713 1055 1770; x_wconf 88' lang='lat' dir='ltr'>Nos</span> <span class='ocrx_word' id='word_1_227' title='bbox 1069 1716 1147 1772; x_wconf 88' lang='lat' dir='ltr'>enim</span> <span class='ocrx_word' id='word_1_228' title='bbox 1164 1719 1293 1789; x_wconf 89' lang='lat' dir='ltr'>populus</span> <span class='ocrx_word' id='word_1_229' title='bbox 1308 1726 1387 1789; x_wconf 91' lang='lat' dir='ltr'>tuus,</span> <span class='ocrx_word' id='word_1_230' title='bbox 1403 1728 1432 1776; x_wconf 89' lang='lat' dir='ltr'>et</span> <span class='ocrx_word' id='word_1_231' title='bbox 1444 1739 1512 1780; x_wconf 91' lang='lat' dir='ltr'>oves</span> <span class='ocrx_word' id='word_1_232' title='bbox 1528 1730 1668 1798; x_wconf 76' lang='lat' dir='ltr'>pascois¹</span> <span class='ocrx_word' id='word_1_233' title='bbox 1684 1732 1741 1787; x_wconf 84' lang='lat' dir='ltr'>tuoe</span> <span class='ocrx_word' id='word_1_234' title='bbox 1759 1747 1765 1789; x_wconf 94' lang='lat'><strong>:</strong></span> 
     </span>
     <span class='ocr_line' id='line_1_23' title="bbox 113 1785 1533 1859; baseline 0.008 -18"><span class='ocrx_word' id='word_1_235' title='bbox 113 1787 169 1843; x_wconf 78' lang='lat' dir='ltr'>Sed</span> <span class='ocrx_word' id='word_1_236' title='bbox 185 1787 273 1859; x_wconf 79' lang='lat' dir='ltr'>elegit</span> <span class='ocrx_word' id='word_1_237' title='bbox 288 1788 398 1841; x_wconf 90' lang='lat' dir='ltr'>tribum</span> <span class='ocrx_word' id='word_1_238' title='bbox 413 1785 502 1847; x_wconf 86' lang='lat' dir='ltr'>luda.</span> <span class='ocrx_word' id='word_1_239' title='bbox 1032 1790 1239 1844; x_wconf 86' lang='lat' dir='ltr'>conlllebimur</span> <span class='ocrx_word' id='word_1_240' title='bbox 1253 1791 1304 1846; x_wconf 69' lang='lat' dir='ltr'>lib*</span> <span class='ocrx_word' id='word_1_241' title='bbox 1322 1796 1349 1846; x_wconf 92' lang='lat' dir='ltr'>in</span> <span class='ocrx_word' id='word_1_242' title='bbox 1367 1795 1507 1851; x_wconf 78' lang='lat' dir='ltr'>saecolum</span> <span class='ocrx_word' id='word_1_243' title='bbox 1525 1813 1533 1853; x_wconf 74' lang='grc' dir='ltr'>ε</span> 
     </span>
     <span class='ocr_line' id='line_1_24' title="bbox 151 1855 1512 1933; baseline 0.007 -19"><span class='ocrx_word' id='word_1_244' title='bbox 151 1865 280 1914; x_wconf 89' lang='lat' dir='ltr'>montem</span> <span class='ocrx_word' id='word_1_245' title='bbox 297 1858 367 1913; x_wconf 87' lang='lat' dir='ltr'>Sion</span> <span class='ocrx_word' id='word_1_246' title='bbox 383 1869 470 1928; x_wconf 90' lang='lat' dir='ltr'>quem</span> <span class='ocrx_word' id='word_1_247' title='bbox 487 1855 599 1913; x_wconf 87' lang='lat' dir='ltr'>dilexit.</span> <span class='ocrx_word' id='word_1_248' title='bbox 1031 1856 1061 1912; x_wconf 90' lang='lat' dir='ltr'>in</span> <span class='ocrx_word' id='word_1_249' title='bbox 1077 1862 1263 1930; x_wconf 77' lang='lat' dir='ltr'>generatione</span> <span class='ocrx_word' id='word_1_250' title='bbox 1278 1867 1308 1916; x_wconf 91' lang='lat' dir='ltr'>ct</span> <span class='ocrx_word' id='word_1_251' title='bbox 1323 1868 1512 1933; x_wconf 74' lang='lat' dir='ltr'>generatione</span> 
     </span>
     <span class='ocr_line' id='line_1_25' title="bbox 116 1928 1458 2001; baseline 0.006 -15"><span class='ocrx_word' id='word_1_252' title='bbox 116 1931 320 1995; x_wconf 75' lang='lat' dir='ltr'>llteditteavit</span> <span class='ocrx_word' id='word_1_253' title='bbox 335 1932 363 1984; x_wconf 93' lang='lat' dir='ltr'>in</span> <span class='ocrx_word' id='word_1_254' title='bbox 380 1928 574 1984; x_wconf 85' lang='lat' dir='ltr'>similitudine</span> <span class='ocrx_word' id='word_1_255' title='bbox 594 1928 789 1986; x_wconf 88' lang='lat' dir='ltr'>monocerotis</span> <span class='ocrx_word' id='word_1_256' title='bbox 806 1928 860 2001; x_wconf 81' lang='lat' dir='ltr'>(lt.</span> <span class='ocrx_word' id='word_1_257' title='bbox 877 1944 937 1985; x_wconf 89' lang='lat' dir='ltr'>mo·</span> <span class='ocrx_word' id='word_1_258' title='bbox 1032 1932 1219 1988; x_wconf 89' lang='lat' dir='ltr'>narrabimus</span> <span class='ocrx_word' id='word_1_259' title='bbox 1235 1933 1351 1989; x_wconf 85' lang='lat' dir='ltr'>laudem</span> <span class='ocrx_word' id='word_1_260' title='bbox 1366 1942 1458 1994; x_wconf 90' lang='lat' dir='ltr'>tuam.</span> 
     </span>
     <span class='ocr_line' id='line_1_26' title="bbox 190 2000 698 2072; baseline -0.008 -15"><span class='ocrx_word' id='word_1_261' title='bbox 190 2001 369 2072; x_wconf 78' lang='lat' dir='ltr'>nuceretum)</span> <span class='ocrx_word' id='word_1_262' title='bbox 385 2000 583 2056; x_wconf 87' lang='lat' dir='ltr'>sanctuarium</span> <span class='ocrx_word' id='word_1_263' title='bbox 599 2017 698 2068; x_wconf 80' lang='lat' dir='ltr'>sunm,</span> 
     </span>
     <span class='ocr_line' id='line_1_27' title="bbox 151 2073 1819 2155; baseline 0.01 -26"><span class='ocrx_word' id='word_1_264' title='bbox 151 2075 262 2144; x_wconf 71' lang='lat' dir='ltr'>‘quasi</span> <span class='ocrx_word' id='word_1_265' title='bbox 282 2078 390 2128; x_wconf 88' lang='lat' dir='ltr'>terrem</span> <span class='ocrx_word' id='word_1_266' title='bbox 406 2074 539 2128; x_wconf 85' lang='lat' dir='ltr'>laudavit</span> <span class='ocrx_word' id='word_1_267' title='bbox 553 2073 626 2128; x_wconf 92' lang='lat' dir='ltr'>illud</span> <span class='ocrx_word' id='word_1_268' title='bbox 642 2075 672 2128; x_wconf 92' lang='lat' dir='ltr'>iu</span> <span class='ocrx_word' id='word_1_269' title='bbox 688 2073 841 2130; x_wconf 85' lang='lat' dir='ltr'>siceulum.</span> <span class='ocrx_word' id='word_1_270' title='bbox 996 2096 1105 2138; x_wconf 83' lang='lat' dir='ltr'>vleroai</span> <span class='ocrx_word' id='word_1_271' title='bbox 1126 2098 1181 2139; x_wconf 83' lang='lat' dir='ltr'>rao</span> <span class='ocrx_word' id='word_1_272' title='bbox 1201 2100 1283 2140; x_wconf 78' lang='lat' dir='ltr'>ciclis</span> <span class='ocrx_word' id='word_1_273' title='bbox 1305 2101 1502 2144; x_wconf 81' lang='lat' dir='ltr'>resriiironiuii</span> <span class='ocrx_word' id='word_1_274' title='bbox 1524 2091 1545 2127; x_wconf 87' lang='lat'>¹⁰</span> <span class='ocrx_word' id='word_1_275' title='bbox 1568 2108 1657 2149; x_wconf 77' lang='lat' dir='ltr'>asieri</span> <span class='ocrx_word' id='word_1_276' title='bbox 1677 2109 1819 2155; x_wconf 60' lang='lat' dir='ltr'>muricus(</span> 
     </span>
     <span class='ocr_line' id='line_1_28' title="bbox 116 2144 1889 2230; baseline 0 -29"><span class='ocrx_word' id='word_1_277' title='bbox 116 2145 152 2201; x_wconf 75' lang='lat' dir='ltr'>lii</span> <span class='ocrx_word' id='word_1_278' title='bbox 166 2146 254 2218; x_wconf 78' lang='lat' dir='ltr'>elegit</span> <span class='ocrx_word' id='word_1_279' title='bbox 269 2144 358 2199; x_wconf 86' lang='lat' dir='ltr'>David</span> <span class='ocrx_word' id='word_1_280' title='bbox 375 2160 490 2199; x_wconf 85' lang='lat' dir='ltr'>servum</span> <span class='ocrx_word' id='word_1_281' title='bbox 508 2160 595 2199; x_wconf 90' lang='lat' dir='ltr'>suum</span> <span class='ocrx_word' id='word_1_282' title='bbox 614 2161 621 2198; x_wconf 93' lang='lat'><strong>:</strong></span> <span class='ocrx_word' id='word_1_283' title='bbox 1074 2208 1080 2219; x_wconf 46' lang='grc'><strong><em>,</em></strong></span> <span class='ocrx_word' id='word_1_284' title='bbox 1305 2157 1344 2223; x_wconf 68' lang='lat' dir='ltr'>(h,</span> <span class='ocrx_word' id='word_1_285' title='bbox 1361 2166 1513 2230; x_wconf 55' lang='lat' dir='ltr'>pampus),</span> <span class='ocrx_word' id='word_1_286' title='bbox 1881 2166 1889 2179; x_wconf 81' lang='grc'><em>·</em></span> 
     </span>
     <span class='ocr_line' id='line_1_29' title="bbox 152 2216 674 2287; baseline 0.004 -16"><span class='ocrx_word' id='word_1_287' title='bbox 152 2221 182 2272; x_wconf 90' lang='lat' dir='ltr'>et</span> <span class='ocrx_word' id='word_1_288' title='bbox 196 2217 265 2273; x_wconf 90' lang='lat' dir='ltr'>tulit</span> <span class='ocrx_word' id='word_1_289' title='bbox 279 2232 346 2272; x_wconf 87' lang='lat' dir='ltr'>eum</span> <span class='ocrx_word' id='word_1_290' title='bbox 364 2216 400 2271; x_wconf 90' lang='lat' dir='ltr'>de</span> <span class='ocrx_word' id='word_1_291' title='bbox 435 2216 552 2287; x_wconf 79' lang='lat' dir='ltr'>regibus</span> <span class='ocrx_word' id='word_1_292' title='bbox 567 2217 674 2272; x_wconf 89' lang='lat' dir='ltr'>ovium.</span> 
     </span>
     <span class='ocr_line' id='line_1_30' title="bbox 115 2232 1820 2369; baseline 0.009 -25"><span class='ocrx_word' id='word_1_293' title='bbox 115 2290 290 2359; x_wconf 81' lang='lat' dir='ltr'>sequentem</span> <span class='ocrx_word' id='word_1_294' title='bbox 307 2293 380 2342; x_wconf 82' lang='lat' dir='ltr'>letas</span> <span class='ocrx_word' id='word_1_295' title='bbox 395 2232 516 2342; x_wconf 62' lang='lat' dir='ltr'>alderti</span> <span class='ocrx_word' id='word_1_296' title='bbox 528 2304 607 2353; x_wconf 90' lang='lat' dir='ltr'>eum,</span> <span class='ocrx_word' id='word_1_297' title='bbox 997 2286 1131 2360; x_wconf 81' lang='lat' dir='ltr'>(LXXX.)</span> <span class='ocrx_word' id='word_1_298' title='bbox 1154 2287 1206 2352; x_wconf 84' lang='lat' dir='ltr'>Oui</span> <span class='ocrx_word' id='word_1_299' title='bbox 1230 2289 1324 2359; x_wconf 88' lang='lat' dir='ltr'>pascis</span> <span class='ocrx_word' id='word_1_300' title='bbox 1339 2291 1438 2358; x_wconf 85' lang='lat' dir='ltr'>lsrael,</span> <span class='ocrx_word' id='word_1_301' title='bbox 1455 2294 1589 2352; x_wconf 87' lang='lat' dir='ltr'>ausculta</span> <span class='ocrx_word' id='word_1_302' title='bbox 1602 2296 1643 2369; x_wconf 88' lang='lat' dir='ltr'>(b.</span> <span class='ocrx_word' id='word_1_303' title='bbox 1661 2299 1764 2357; x_wconf 85' lang='lat' dir='ltr'>Pastor</span> <span class='ocrx_word' id='word_1_304' title='bbox 1778 2303 1820 2360; x_wconf 93' lang='lat' dir='ltr'>ls·</span> 
     </span>
     <span class='ocr_line' id='line_1_31' title="bbox 152 2358 1430 2435; baseline 0.004 -21"><span class='ocrx_word' id='word_1_305' title='bbox 152 2366 186 2414; x_wconf 91' lang='lat' dir='ltr'>ut</span> <span class='ocrx_word' id='word_1_306' title='bbox 203 2365 333 2431; x_wconf 79' lang='lat' dir='ltr'>pasceret</span> <span class='ocrx_word' id='word_1_307' title='bbox 348 2359 376 2413; x_wconf 91' lang='lat' dir='ltr'>in</span> <span class='ocrx_word' id='word_1_308' title='bbox 393 2359 483 2415; x_wconf 86' lang='lat' dir='ltr'>Jacob</span> <span class='ocrx_word' id='word_1_309' title='bbox 498 2359 509 2392; x_wconf 85' lang='lat'>⁸</span> <span class='ocrx_word' id='word_1_310' title='bbox 524 2358 664 2432; x_wconf 90' lang='lat' dir='ltr'>populum</span> <span class='ocrx_word' id='word_1_311' title='bbox 679 2360 753 2432; x_wconf 87' lang='lat' dir='ltr'>ejus.</span> <span class='ocrx_word' id='word_1_312' title='bbox 1069 2360 1140 2424; x_wconf 83' lang='lat' dir='ltr'>rael,</span> <span class='ocrx_word' id='word_1_313' title='bbox 1157 2360 1278 2416; x_wconf 90' lang='lat' dir='ltr'>auribus</span> <span class='ocrx_word' id='word_1_314' title='bbox 1293 2365 1430 2435; x_wconf 83' lang='lat' dir='ltr'>percipe),</span> 
     </span>
     <span class='ocr_line' id='line_1_32' title="bbox 150 2431 1710 2514; baseline 0.008 -28"><span class='ocrx_word' id='word_1_315' title='bbox 150 2436 180 2486; x_wconf 89' lang='lat' dir='ltr'>et</span> <span class='ocrx_word' id='word_1_316' title='bbox 194 2433 222 2486; x_wconf 92' lang='lat' dir='ltr'>in</span> <span class='ocrx_word' id='word_1_317' title='bbox 243 2431 329 2487; x_wconf 77' lang='lat' dir='ltr'>lsrael</span> <span class='ocrx_word' id='word_1_318' title='bbox 346 2431 542 2486; x_wconf 78' lang='lat' dir='ltr'>nereditatem</span> <span class='ocrx_word' id='word_1_319' title='bbox 559 2433 635 2501; x_wconf 83' lang='lat' dir='ltr'>ejus.</span> <span class='ocrx_word' id='word_1_320' title='bbox 1032 2432 1082 2499; x_wconf 90' lang='lat' dir='ltr'>qui</span> <span class='ocrx_word' id='word_1_321' title='bbox 1099 2431 1182 2485; x_wconf 91' lang='lat' dir='ltr'>ducis</span> <span class='ocrx_word' id='word_1_322' title='bbox 1196 2434 1279 2502; x_wconf 83' lang='lat' dir='ltr'>quasi</span> <span class='ocrx_word' id='word_1_323' title='bbox 1295 2449 1412 2504; x_wconf 76' lang='lat' dir='ltr'>gregem</span> <span class='ocrx_word' id='word_1_324' title='bbox 1428 2435 1469 2508; x_wconf 91' lang='lat' dir='ltr'>(h.</span> <span class='ocrx_word' id='word_1_325' title='bbox 1484 2440 1562 2507; x_wconf 87' lang='lat' dir='ltr'>oves)</span> <span class='ocrx_word' id='word_1_326' title='bbox 1577 2440 1685 2514; x_wconf 82' lang='lat' dir='ltr'>loseph</span> <span class='ocrx_word' id='word_1_327' title='bbox 1703 2457 1710 2497; x_wconf 77' lang='grc' dir='ltr'><em>τ</em></span> 
     </span>
     <span class='ocr_line' id='line_1_33' title="bbox 113 2501 1648 2586; baseline 0.007 -28"><span class='ocrx_word' id='word_1_328' title='bbox 113 2503 169 2568; x_wconf 83' lang='grc' dir='ltr'><strong>Οιιι</strong></span> <span class='ocrx_word' id='word_1_329' title='bbox 187 2504 377 2586; x_wconf 85' lang='lat' dir='ltr'>pavitensis</span> <span class='ocrx_word' id='word_1_330' title='bbox 393 2503 583 2575; x_wconf 86' lang='lat' dir='ltr'>simplicitate</span> <span class='ocrx_word' id='word_1_331' title='bbox 598 2501 694 2558; x_wconf 91' lang='lat' dir='ltr'>cordis</span> <span class='ocrx_word' id='word_1_332' title='bbox 710 2503 756 2558; x_wconf 92' lang='lat' dir='ltr'>sui</span> <span class='ocrx_word' id='word_1_333' title='bbox 1033 2504 1081 2572; x_wconf 87' lang='lat' dir='ltr'>qui</span> <span class='ocrx_word' id='word_1_334' title='bbox 1098 2505 1183 2557; x_wconf 87' lang='lat' dir='ltr'>sedes</span> <span class='ocrx_word' id='word_1_335' title='bbox 1198 2519 1287 2574; x_wconf 92' lang='lat' dir='ltr'>super</span> <span class='ocrx_word' id='word_1_336' title='bbox 1301 2506 1469 2575; x_wconf 74' lang='lat' dir='ltr'>Cherubim,</span> <span class='ocrx_word' id='word_1_337' title='bbox 1487 2513 1648 2568; x_wconf 74' lang='lat' dir='ltr'>ostendere.</span> 
     </span>
     <span class='ocr_line' id='line_1_34' title="bbox 151 2573 1636 2648; baseline 0.006 -17"><span class='ocrx_word' id='word_1_338' title='bbox 151 2580 180 2631; x_wconf 92' lang='lat' dir='ltr'>et</span> <span class='ocrx_word' id='word_1_339' title='bbox 191 2592 219 2630; x_wconf 92' lang='grc' dir='ltr'>ιιι</span> <span class='ocrx_word' id='word_1_340' title='bbox 230 2574 859 2648; x_wconf 71' lang='lat' dir='ltr'>prudentialmanuumsuarumduxcorum</span> <span class='ocrx_word' id='word_1_341' title='bbox 872 2573 937 2630; x_wconf 89' lang='lat' dir='ltr'>luit.</span> <span class='ocrx_word' id='word_1_342' title='bbox 995 2577 1073 2630; x_wconf 80' lang='lat' dir='ltr'>Ante</span> <span class='ocrx_word' id='word_1_343' title='bbox 1087 2573 1225 2642; x_wconf 81' lang='lat' dir='ltr'>lilpbrciui</span> <span class='ocrx_word' id='word_1_344' title='bbox 1240 2580 1268 2630; x_wconf 83' lang='lat' dir='ltr'>et</span> <span class='ocrx_word' id='word_1_345' title='bbox 1285 2577 1437 2646; x_wconf 88' lang='lat' dir='ltr'>Benjamin</span> <span class='ocrx_word' id='word_1_346' title='bbox 1454 2585 1483 2634; x_wconf 89' lang='lat' dir='ltr'>et</span> <span class='ocrx_word' id='word_1_347' title='bbox 1499 2581 1636 2640; x_wconf 87' lang='lat' dir='ltr'>blanaase</span> 
     </span>
    </p>
   </div>
   <div class='ocr_carea' id='block_1_8' title="bbox 285 2646 1490 2780">
    <p class='ocr_par' dir='ltr' id='par_1_11' title="bbox 285 2646 1490 2780">
     <span class='ocr_line' id='line_1_35' title="bbox 1032 2646 1471 2725; baseline 0.009 -27"><span class='ocrx_word' id='word_1_348' title='bbox 1032 2646 1144 2725; x_wconf 73' lang='lat' dir='ltr'>suscita</span> <span class='ocrx_word' id='word_1_349' title='bbox 1160 2646 1360 2702; x_wconf 87' lang='lat' dir='ltr'>tortitudinem</span> <span class='ocrx_word' id='word_1_350' title='bbox 1377 2653 1471 2716; x_wconf 86' lang='lat' dir='ltr'>tunm,</span> 
     </span>
     <span class='ocr_line' id='line_1_36' title="bbox 285 2689 1490 2780; baseline 0.016 -23"><span class='ocrx_word' id='word_1_351' title='bbox 285 2706 431 2746; x_wconf 63' lang='lat' dir='ltr'>CANUCUM</span> <span class='ocrx_word' id='word_1_352' title='bbox 451 2689 496 2759; x_wconf 76' lang='lat' dir='ltr'>(h-</span> <span class='ocrx_word' id='word_1_353' title='bbox 518 2693 656 2760; x_wconf 71' lang='lat' dir='ltr'>PSALl¹¹¹⁸)</span> <span class='ocrx_word' id='word_1_354' title='bbox 675 2708 773 2748; x_wconf 72' lang='lat' dir='ltr'>¹⁸¹¹P11·</span> <span class='ocrx_word' id='word_1_355' title='bbox 1013 2723 1015 2728; x_wconf 88' lang='lat'>&#39;</span> <span class='ocrx_word' id='word_1_356' title='bbox 1032 2720 1061 2770; x_wconf 85' lang='lat' dir='ltr'>et</span> <span class='ocrx_word' id='word_1_357' title='bbox 1073 2731 1148 2780; x_wconf 83' lang='lat' dir='ltr'>veni,</span> <span class='ocrx_word' id='word_1_358' title='bbox 1166 2724 1198 2772; x_wconf 91' lang='lat' dir='ltr'>ut</span> <span class='ocrx_word' id='word_1_359' title='bbox 1212 2718 1307 2773; x_wconf 87' lang='lat' dir='ltr'>salvos</span> <span class='ocrx_word' id='word_1_360' title='bbox 1323 2721 1410 2774; x_wconf 84' lang='lat' dir='ltr'>incias</span> <span class='ocrx_word' id='word_1_361' title='bbox 1427 2736 1490 2776; x_wconf 85' lang='lat' dir='ltr'>nos.</span> 
     </span>
    </p>
   </div>
   <div class='ocr_carea' id='block_1_9' title="bbox 109 2787 1817 4151">
    <p class='ocr_par' dir='ltr' id='par_1_12' title="bbox 109 2787 1817 4151">
     <span class='ocr_line' id='line_1_37' title="bbox 113 2787 1707 2862; baseline 0.002 -17"><span class='ocrx_word' id='word_1_362' title='bbox 113 2788 290 2862; x_wconf 77' lang='lat' dir='ltr'>(LXXXIX.)</span> <span class='ocrx_word' id='word_1_363' title='bbox 306 2795 394 2856; x_wconf 84' lang='lat' dir='ltr'>Deus,</span> <span class='ocrx_word' id='word_1_364' title='bbox 410 2794 555 2845; x_wconf 84' lang='lat' dir='ltr'>venerunt</span> <span class='ocrx_word' id='word_1_365' title='bbox 578 2793 681 2862; x_wconf 82' lang='lat' dir='ltr'>gentes</span> <span class='ocrx_word' id='word_1_366' title='bbox 695 2790 725 2845; x_wconf 93' lang='lat' dir='ltr'>in</span> <span class='ocrx_word' id='word_1_367' title='bbox 741 2790 939 2850; x_wconf 82' lang='lat' dir='ltr'>hereditatem</span> <span class='ocrx_word' id='word_1_368' title='bbox 1031 2792 1061 2842; x_wconf 76' lang='lat' dir='ltr'>el</span> <span class='ocrx_word' id='word_1_369' title='bbox 1075 2790 1195 2842; x_wconf 86' lang='lat' dir='ltr'>ostende</span> <span class='ocrx_word' id='word_1_370' title='bbox 1210 2787 1312 2843; x_wconf 70' lang='lat' dir='ltr'>taciem</span> <span class='ocrx_word' id='word_1_371' title='bbox 1328 2795 1421 2859; x_wconf 85' lang='lat' dir='ltr'>tuam,</span> <span class='ocrx_word' id='word_1_372' title='bbox 1438 2796 1466 2847; x_wconf 86' lang='lat' dir='ltr'>et</span> <span class='ocrx_word' id='word_1_373' title='bbox 1478 2792 1551 2849; x_wconf 88' lang='lat' dir='ltr'>solvi</span> <span class='ocrx_word' id='word_1_374' title='bbox 1567 2795 1679 2852; x_wconf 87' lang='lat' dir='ltr'>erimus</span> <span class='ocrx_word' id='word_1_375' title='bbox 1700 2812 1707 2851; x_wconf 75' lang='grc' dir='ltr'><strong>ε</strong></span> 
     </span>
     <span class='ocr_line' id='line_1_38' title="bbox 189 2858 1416 2927; baseline 0.002 -12"><span class='ocrx_word' id='word_1_376' title='bbox 189 2867 281 2927; x_wconf 85' lang='lat' dir='ltr'>tuam,</span> <span class='ocrx_word' id='word_1_377' title='bbox 995 2859 1117 2915; x_wconf 90' lang='lat' dir='ltr'>Domine</span> <span class='ocrx_word' id='word_1_378' title='bbox 1133 2858 1210 2913; x_wconf 86' lang='lat' dir='ltr'>Deus</span> <span class='ocrx_word' id='word_1_379' title='bbox 1226 2860 1416 2924; x_wconf 88' lang='lat' dir='ltr'>exercituum,</span> 
     </span>
     <span class='ocr_line' id='line_1_39' title="bbox 150 2931 1755 3008; baseline 0.002 -20"><span class='ocrx_word' id='word_1_380' title='bbox 150 2932 320 3004; x_wconf 86' lang='lat' dir='ltr'>polluerunt</span> <span class='ocrx_word' id='word_1_381' title='bbox 334 2931 476 3003; x_wconf 84' lang='lat' dir='ltr'>templum</span> <span class='ocrx_word' id='word_1_382' title='bbox 493 2935 627 2987; x_wconf 84' lang='lat' dir='ltr'>sonetum</span> <span class='ocrx_word' id='word_1_383' title='bbox 647 2937 730 2989; x_wconf 89' lang='lat' dir='ltr'>tunm</span> <span class='ocrx_word' id='word_1_384' title='bbox 749 2950 756 2988; x_wconf 90' lang='lat'>:</span> <span class='ocrx_word' id='word_1_385' title='bbox 1033 2946 1185 3001; x_wconf 89' lang='lat' dir='ltr'>usquequo</span> <span class='ocrx_word' id='word_1_386' title='bbox 1201 2931 1327 2987; x_wconf 78' lang='lat' dir='ltr'>fumabis</span> <span class='ocrx_word' id='word_1_387' title='bbox 1342 2935 1376 2987; x_wconf 84' lang='lat' dir='ltr'>ad</span> <span class='ocrx_word' id='word_1_388' title='bbox 1393 2933 1554 2990; x_wconf 89' lang='lat' dir='ltr'>orationem</span> <span class='ocrx_word' id='word_1_389' title='bbox 1572 2937 1672 3008; x_wconf 93' lang='lat' dir='ltr'>populi</span> <span class='ocrx_word' id='word_1_390' title='bbox 1687 2938 1755 2994; x_wconf 80' lang='lat' dir='ltr'>tui?</span> 
     </span>
     <span class='ocr_line' id='line_1_40' title="bbox 151 2999 1416 3107; baseline -0.002 -47"><span class='ocrx_word' id='word_1_391' title='bbox 151 3003 489 3077; x_wconf 88' lang='lat' dir='ltr'>posueruntlerusalem</span> <span class='ocrx_word' id='word_1_392' title='bbox 500 3005 528 3059; x_wconf 94' lang='lat' dir='ltr'>in</span> <span class='ocrx_word' id='word_1_393' title='bbox 539 3005 939 3079; x_wconf 71' lang='lat' dir='ltr'>acervos(ill.aeeervis)lupi·</span> <span class='ocrx_word' id='word_1_394' title='bbox 954 3038 976 3107; x_wconf 70' lang='lat' dir='ltr'>C</span> <span class='ocrx_word' id='word_1_395' title='bbox 996 2999 1106 3057; x_wconf 88' lang='lat' dir='ltr'>Cibosti</span> <span class='ocrx_word' id='word_1_396' title='bbox 1123 3017 1172 3055; x_wconf 92' lang='lat' dir='ltr'>eus</span> <span class='ocrx_word' id='word_1_397' title='bbox 1189 3004 1210 3038; x_wconf 96' lang='lat'>¹¹</span> <span class='ocrx_word' id='word_1_398' title='bbox 1228 3018 1301 3072; x_wconf 89' lang='lat' dir='ltr'>pane</span> <span class='ocrx_word' id='word_1_399' title='bbox 1316 3003 1416 3073; x_wconf 79' lang='lat' dir='ltr'>debili,</span> 
     </span>
     <span class='ocr_line' id='line_1_41' title="bbox 187 3073 1619 3148; baseline 0.001 -17"><span class='ocrx_word' id='word_1_400' title='bbox 187 3077 270 3131; x_wconf 92' lang='lat' dir='ltr'>dum.</span> <span class='ocrx_word' id='word_1_401' title='bbox 1030 3080 1058 3129; x_wconf 89' lang='lat' dir='ltr'>et</span> <span class='ocrx_word' id='word_1_402' title='bbox 1074 3074 1180 3144; x_wconf 85' lang='lat' dir='ltr'>potasti</span> <span class='ocrx_word' id='word_1_403' title='bbox 1194 3089 1245 3128; x_wconf 88' lang='lat' dir='ltr'>eos</span> <span class='ocrx_word' id='word_1_404' title='bbox 1257 3075 1287 3129; x_wconf 94' lang='lat' dir='ltr'>in</span> <span class='ocrx_word' id='word_1_405' title='bbox 1303 3073 1440 3148; x_wconf 70' lang='lat' dir='ltr'>lacrymis</span> <span class='ocrx_word' id='word_1_406' title='bbox 1455 3075 1619 3147; x_wconf 82' lang='lat' dir='ltr'>tripliciter.</span> 
     </span>
     <span class='ocr_line' id='line_1_42' title="bbox 112 3144 1816 3227; baseline 0.005 -24"><span class='ocrx_word' id='word_1_407' title='bbox 112 3148 265 3205; x_wconf 89' lang='lat' dir='ltr'>Dederunt</span> <span class='ocrx_word' id='word_1_408' title='bbox 278 3147 418 3202; x_wconf 88' lang='lat' dir='ltr'>cadavera</span> <span class='ocrx_word' id='word_1_409' title='bbox 435 3163 584 3202; x_wconf 88' lang='lat' dir='ltr'>servorum</span> <span class='ocrx_word' id='word_1_410' title='bbox 597 3152 716 3202; x_wconf 90' lang='lat' dir='ltr'>tuorum</span> <span class='ocrx_word' id='word_1_411' title='bbox 994 3144 1120 3201; x_wconf 87' lang='lat' dir='ltr'>Posuisti</span> <span class='ocrx_word' id='word_1_412' title='bbox 1138 3161 1190 3199; x_wconf 93' lang='lat' dir='ltr'>nos</span> <span class='ocrx_word' id='word_1_413' title='bbox 1214 3146 1432 3203; x_wconf 88' lang='lat' dir='ltr'>contentionem</span> <span class='ocrx_word' id='word_1_414' title='bbox 1455 3149 1516 3220; x_wconf 85' lang='lat' dir='ltr'>(il.</span> <span class='ocrx_word' id='word_1_415' title='bbox 1542 3150 1816 3227; x_wconf 85' lang='lat' dir='ltr'>contradictionem)</span> 
     </span>
     <span class='ocr_line' id='line_1_43' title="bbox 150 3216 1309 3291; baseline -0.001 -18"><span class='ocrx_word' id='word_1_416' title='bbox 150 3235 248 3275; x_wconf 88' lang='lat' dir='ltr'>escam</span> <span class='ocrx_word' id='word_1_417' title='bbox 267 3220 320 3291; x_wconf 82' lang='lat' dir='ltr'>(Al.</span> <span class='ocrx_word' id='word_1_418' title='bbox 336 3220 430 3289; x_wconf 86' lang='lat' dir='ltr'>escas)</span> <span class='ocrx_word' id='word_1_419' title='bbox 445 3218 614 3274; x_wconf 87' lang='lat' dir='ltr'>volatilibus</span> <span class='ocrx_word' id='word_1_420' title='bbox 630 3219 693 3274; x_wconf 83' lang='lat' dir='ltr'>eoeli</span> <span class='ocrx_word' id='word_1_421' title='bbox 711 3236 717 3274; x_wconf 96' lang='lat'><strong>:</strong></span> <span class='ocrx_word' id='word_1_422' title='bbox 1064 3216 1168 3269; x_wconf 86' lang='lat' dir='ltr'>vicinis</span> <span class='ocrx_word' id='word_1_423' title='bbox 1190 3219 1309 3284; x_wconf 85' lang='lat' dir='ltr'>nastris,</span> 
     </span>
     <span class='ocr_line' id='line_1_44' title="bbox 150 3287 1649 3363; baseline 0.003 -17"><span class='ocrx_word' id='word_1_424' title='bbox 150 3306 255 3346; x_wconf 89' lang='lat' dir='ltr'>earnes</span> <span class='ocrx_word' id='word_1_425' title='bbox 278 3298 449 3346; x_wconf 83' lang='lat' dir='ltr'>sanctorum</span> <span class='ocrx_word' id='word_1_426' title='bbox 476 3292 518 3362; x_wconf 87' lang='lat' dir='ltr'>(b.</span> <span class='ocrx_word' id='word_1_427' title='bbox 551 3290 798 3363; x_wconf 76' lang='lat' dir='ltr'>misericordium)</span> <span class='ocrx_word' id='word_1_428' title='bbox 822 3295 940 3348; x_wconf 89' lang='lat' dir='ltr'>tuorum</span> <span class='ocrx_word' id='word_1_429' title='bbox 1031 3293 1060 3342; x_wconf 88' lang='lat' dir='ltr'>et</span> <span class='ocrx_word' id='word_1_430' title='bbox 1074 3287 1186 3342; x_wconf 89' lang='lat' dir='ltr'>inimici</span> <span class='ocrx_word' id='word_1_431' title='bbox 1203 3289 1294 3343; x_wconf 84' lang='lat' dir='ltr'>nostri</span> <span class='ocrx_word' id='word_1_432' title='bbox 1310 3288 1568 3347; x_wconf 82' lang='lat' dir='ltr'>subsannaverunt</span> <span class='ocrx_word' id='word_1_433' title='bbox 1584 3309 1649 3350; x_wconf 89' lang='lat' dir='ltr'>nos.</span> 
     </span>
     <span class='ocr_line' id='line_1_45' title="bbox 191 3358 1508 3429; baseline 0.001 -12"><span class='ocrx_word' id='word_1_434' title='bbox 191 3362 293 3418; x_wconf 90' lang='lat' dir='ltr'>bestiis</span> <span class='ocrx_word' id='word_1_435' title='bbox 310 3369 403 3416; x_wconf 81' lang='lat' dir='ltr'>terrie.</span> <span class='ocrx_word' id='word_1_436' title='bbox 994 3358 1073 3415; x_wconf 89' lang='lat' dir='ltr'>Deus</span> <span class='ocrx_word' id='word_1_437' title='bbox 1086 3360 1279 3421; x_wconf 79' lang='lat' dir='ltr'>exercituum.</span> <span class='ocrx_word' id='word_1_438' title='bbox 1292 3368 1427 3417; x_wconf 88' lang='lat' dir='ltr'>converte</span> <span class='ocrx_word' id='word_1_439' title='bbox 1443 3379 1508 3429; x_wconf 81' lang='lat' dir='ltr'>nos,</span> 
     </span>
     <span class='ocr_line' id='line_1_46' title="bbox 111 3430 1817 3505; baseline 0.003 -15"><span class='ocrx_word' id='word_1_440' title='bbox 111 3433 288 3490; x_wconf 74' lang='lat' dir='ltr'>Effuderunt</span> <span class='ocrx_word' id='word_1_441' title='bbox 303 3434 476 3505; x_wconf 74' lang='lat' dir='ltr'>sangninem</span> <span class='ocrx_word' id='word_1_442' title='bbox 492 3447 593 3488; x_wconf 89' lang='lat' dir='ltr'>eorum</span> <span class='ocrx_word' id='word_1_443' title='bbox 1030 3438 1059 3487; x_wconf 87' lang='lat' dir='ltr'>et</span> <span class='ocrx_word' id='word_1_444' title='bbox 1073 3430 1194 3486; x_wconf 87' lang='lat' dir='ltr'>ostende</span> <span class='ocrx_word' id='word_1_445' title='bbox 1209 3430 1250 3503; x_wconf 75' lang='lat' dir='ltr'>(b.</span> <span class='ocrx_word' id='word_1_446' title='bbox 1266 3430 1393 3504; x_wconf 88' lang='lat' dir='ltr'>illustra)</span> <span class='ocrx_word' id='word_1_447' title='bbox 1411 3434 1513 3491; x_wconf 82' lang='lat' dir='ltr'>taciem</span> <span class='ocrx_word' id='word_1_448' title='bbox 1530 3439 1661 3505; x_wconf 74' lang='lat' dir='ltr'>tuamet</span> <span class='ocrx_word' id='word_1_449' title='bbox 1675 3437 1747 3493; x_wconf 90' lang='lat' dir='ltr'>salvi</span> <span class='ocrx_word' id='word_1_450' title='bbox 1758 3438 1817 3495; x_wconf 90' lang='lat' dir='ltr'>eri·</span> 
     </span>
     <span class='ocr_line' id='line_1_47' title="bbox 149 3504 1143 3576; baseline -0.003 -17"><span class='ocrx_word' id='word_1_451' title='bbox 149 3506 235 3576; x_wconf 89' lang='lat' dir='ltr'>quasi</span> <span class='ocrx_word' id='word_1_452' title='bbox 252 3521 359 3575; x_wconf 90' lang='lat' dir='ltr'>aquam</span> <span class='ocrx_word' id='word_1_453' title='bbox 377 3504 544 3559; x_wconf 87' lang='lat' dir='ltr'>incircuitu</span> <span class='ocrx_word' id='word_1_454' title='bbox 562 3504 739 3572; x_wconf 84' lang='lat' dir='ltr'>Jerusalem,</span> <span class='ocrx_word' id='word_1_455' title='bbox 1067 3518 1143 3557; x_wconf 85' lang='lat' dir='ltr'>mus.</span> 
     </span>
     <span class='ocr_line' id='line_1_48' title="bbox 153 3573 1437 3648; baseline -0.002 -16"><span class='ocrx_word' id='word_1_456' title='bbox 153 3583 183 3632; x_wconf 89' lang='lat' dir='ltr'>et</span> <span class='ocrx_word' id='word_1_457' title='bbox 198 3593 254 3631; x_wconf 91' lang='lat' dir='ltr'>non</span> <span class='ocrx_word' id='word_1_458' title='bbox 272 3585 334 3633; x_wconf 90' lang='lat' dir='ltr'>crat</span> <span class='ocrx_word' id='word_1_459' title='bbox 349 3578 398 3648; x_wconf 91' lang='lat' dir='ltr'>qui</span> <span class='ocrx_word' id='word_1_460' title='bbox 416 3578 564 3646; x_wconf 79' lang='lat' dir='ltr'>sepeliret.</span> <span class='ocrx_word' id='word_1_461' title='bbox 994 3573 1116 3629; x_wconf 90' lang='lat' dir='ltr'>Vineam</span> <span class='ocrx_word' id='word_1_462' title='bbox 1133 3575 1169 3628; x_wconf 87' lang='lat' dir='ltr'>de</span> <span class='ocrx_word' id='word_1_463' title='bbox 1184 3578 1305 3646; x_wconf 73' lang='lat' dir='ltr'>AEeypto</span> <span class='ocrx_word' id='word_1_464' title='bbox 1320 3574 1412 3630; x_wconf 89' lang='lat' dir='ltr'>tulisti</span> <span class='ocrx_word' id='word_1_465' title='bbox 1430 3591 1437 3630; x_wconf 78' lang='grc' dir='ltr'><strong>ι</strong></span> 
     </span>
     <span class='ocr_line' id='line_1_49' title="bbox 109 3646 1560 3721; baseline 0 -17"><span class='ocrx_word' id='word_1_466' title='bbox 109 3649 191 3704; x_wconf 87' lang='lat' dir='ltr'>Facti</span> <span class='ocrx_word' id='word_1_467' title='bbox 205 3664 311 3704; x_wconf 83' lang='lat' dir='ltr'>sumne</span> <span class='ocrx_word' id='word_1_468' title='bbox 330 3650 521 3721; x_wconf 89' lang='lat' dir='ltr'>opprobrium</span> <span class='ocrx_word' id='word_1_469' title='bbox 537 3647 640 3704; x_wconf 88' lang='lat' dir='ltr'>vicinis</span> <span class='ocrx_word' id='word_1_470' title='bbox 657 3648 766 3704; x_wconf 88' lang='lat' dir='ltr'>nostris</span> <span class='ocrx_word' id='word_1_471' title='bbox 783 3664 790 3702; x_wconf 79' lang='lat' dir='ltr'><strong><em>z</em></strong></span> <span class='ocrx_word' id='word_1_472' title='bbox 1030 3646 1140 3713; x_wconf 74' lang='lat' dir='ltr'>eJecisti</span> <span class='ocrx_word' id='word_1_473' title='bbox 1155 3654 1266 3715; x_wconf 76' lang='lat' dir='ltr'>gentes,</span> <span class='ocrx_word' id='word_1_474' title='bbox 1284 3652 1314 3700; x_wconf 85' lang='lat' dir='ltr'>et</span> <span class='ocrx_word' id='word_1_475' title='bbox 1330 3647 1468 3716; x_wconf 88' lang='lat' dir='ltr'>plantasii</span> <span class='ocrx_word' id='word_1_476' title='bbox 1485 3664 1560 3704; x_wconf 88' lang='lat' dir='ltr'>eam.</span> 
     </span>
     <span class='ocr_line' id='line_1_50' title="bbox 147 3715 1460 3790; baseline -0.003 -15"><span class='ocrx_word' id='word_1_477' title='bbox 147 3721 342 3777; x_wconf 82' lang='lat' dir='ltr'>subsannatio</span> <span class='ocrx_word' id='word_1_478' title='bbox 358 3726 386 3776; x_wconf 88' lang='lat' dir='ltr'>et</span> <span class='ocrx_word' id='word_1_479' title='bbox 396 3719 505 3775; x_wconf 90' lang='lat' dir='ltr'>derisio</span> <span class='ocrx_word' id='word_1_480' title='bbox 521 3718 568 3775; x_wconf 90' lang='lat' dir='ltr'>his</span> <span class='ocrx_word' id='word_1_481' title='bbox 584 3719 634 3790; x_wconf 91' lang='lat' dir='ltr'>qui</span> <span class='ocrx_word' id='word_1_482' title='bbox 652 3719 682 3773; x_wconf 93' lang='lat' dir='ltr'>in</span> <span class='ocrx_word' id='word_1_483' title='bbox 698 3719 823 3776; x_wconf 89' lang='lat' dir='ltr'>circuitu</span> <span class='ocrx_word' id='word_1_484' title='bbox 840 3724 941 3778; x_wconf 90' lang='lat' dir='ltr'>nostro</span> <span class='ocrx_word' id='word_1_485' title='bbox 995 3715 1166 3788; x_wconf 77' lang='lat' dir='ltr'>Praeparssti</span> <span class='ocrx_word' id='word_1_486' title='bbox 1184 3722 1252 3771; x_wconf 88' lang='lat' dir='ltr'>anto</span> <span class='ocrx_word' id='word_1_487' title='bbox 1267 3717 1370 3772; x_wconf 81' lang='lat' dir='ltr'>faciem</span> <span class='ocrx_word' id='word_1_488' title='bbox 1386 3720 1460 3785; x_wconf 85' lang='lat' dir='ltr'>ejus,</span> 
     </span>
     <span class='ocr_line' id='line_1_51' title="bbox 188 3787 1757 3858; baseline 0.007 -20"><span class='ocrx_word' id='word_1_489' title='bbox 188 3798 268 3847; x_wconf 80' lang='lat' dir='ltr'>sunl,</span> <span class='ocrx_word' id='word_1_490' title='bbox 1029 3793 1058 3842; x_wconf 96' lang='lat' dir='ltr'>et</span> <span class='ocrx_word' id='word_1_491' title='bbox 1073 3787 1211 3842; x_wconf 89' lang='lat' dir='ltr'>stabilisti</span> <span class='ocrx_word' id='word_1_492' title='bbox 1227 3788 1341 3841; x_wconf 88' lang='lat' dir='ltr'>radices</span> <span class='ocrx_word' id='word_1_493' title='bbox 1357 3790 1431 3856; x_wconf 81' lang='lat' dir='ltr'>ejus,</span> <span class='ocrx_word' id='word_1_494' title='bbox 1448 3794 1476 3842; x_wconf 90' lang='lat' dir='ltr'>et</span> <span class='ocrx_word' id='word_1_495' title='bbox 1492 3789 1622 3858; x_wconf 88' lang='lat' dir='ltr'>implevit</span> <span class='ocrx_word' id='word_1_496' title='bbox 1638 3795 1757 3849; x_wconf 88' lang='lat' dir='ltr'>terram.</span> 
     </span>
     <span class='ocr_line' id='line_1_52' title="bbox 112 3859 1814 3936; baseline 0.004 -23"><span class='ocrx_word' id='word_1_497' title='bbox 112 3861 282 3933; x_wconf 77' lang='lat' dir='ltr'>Usquequo,</span> <span class='ocrx_word' id='word_1_498' title='bbox 301 3862 432 3930; x_wconf 83' lang='lat' dir='ltr'>bomine,</span> <span class='ocrx_word' id='word_1_499' title='bbox 448 3861 585 3917; x_wconf 82' lang='lat' dir='ltr'>irasceris</span> <span class='ocrx_word' id='word_1_500' title='bbox 600 3861 630 3916; x_wconf 90' lang='lat' dir='ltr'>in</span> <span class='ocrx_word' id='word_1_501' title='bbox 646 3861 733 3918; x_wconf 80' lang='lat' dir='ltr'>finoni</span> <span class='ocrx_word' id='word_1_502' title='bbox 750 3878 756 3917; x_wconf 93' lang='lat'><strong>:</strong></span> <span class='ocrx_word' id='word_1_503' title='bbox 992 3859 1091 3929; x_wconf 89' lang='lat' dir='ltr'>Operti</span> <span class='ocrx_word' id='word_1_504' title='bbox 1108 3865 1177 3912; x_wconf 91' lang='lat' dir='ltr'>sunt</span> <span class='ocrx_word' id='word_1_505' title='bbox 1193 3864 1307 3913; x_wconf 87' lang='lat' dir='ltr'>montes</span> <span class='ocrx_word' id='word_1_506' title='bbox 1323 3860 1428 3913; x_wconf 90' lang='lat' dir='ltr'>umbra</span> <span class='ocrx_word' id='word_1_507' title='bbox 1444 3860 1500 3930; x_wconf 80' lang='lat' dir='ltr'>(il.</span> <span class='ocrx_word' id='word_1_508' title='bbox 1521 3860 1576 3915; x_wconf 93' lang='lat' dir='ltr'>sub</span> <span class='ocrx_word' id='word_1_509' title='bbox 1597 3863 1713 3936; x_wconf 87' lang='lat' dir='ltr'>umbra)</span> <span class='ocrx_word' id='word_1_510' title='bbox 1739 3865 1814 3936; x_wconf 87' lang='lat' dir='ltr'>ejus,</span> 
     </span>
     <span class='ocr_line' id='line_1_53' title="bbox 150 3929 1596 4006; baseline -0.001 -18"><span class='ocrx_word' id='word_1_511' title='bbox 150 3934 265 3990; x_wconf 85' lang='lat' dir='ltr'>ardebit</span> <span class='ocrx_word' id='word_1_512' title='bbox 281 3934 364 4004; x_wconf 89' lang='lat' dir='ltr'>quasi</span> <span class='ocrx_word' id='word_1_513' title='bbox 383 3933 460 4006; x_wconf 81' lang='lat' dir='ltr'>ignis</span> <span class='ocrx_word' id='word_1_514' title='bbox 474 3933 554 3988; x_wconf 87' lang='lat' dir='ltr'>zelus</span> <span class='ocrx_word' id='word_1_515' title='bbox 570 3938 649 4000; x_wconf 87' lang='lat' dir='ltr'>tuus,</span> <span class='ocrx_word' id='word_1_516' title='bbox 1029 3936 1059 3985; x_wconf 88' lang='lat' dir='ltr'>et</span> <span class='ocrx_word' id='word_1_517' title='bbox 1074 3931 1144 3984; x_wconf 85' lang='lat' dir='ltr'>rami</span> <span class='ocrx_word' id='word_1_518' title='bbox 1162 3929 1213 3991; x_wconf 74' lang='lat' dir='ltr'>(ill.</span> <span class='ocrx_word' id='word_1_519' title='bbox 1230 3931 1330 3992; x_wconf 71' lang='lat' dir='ltr'>ramis)</span> <span class='ocrx_word' id='word_1_520' title='bbox 1347 3929 1427 3985; x_wconf 91' lang='lat' dir='ltr'>illius</span> <span class='ocrx_word' id='word_1_521' title='bbox 1441 3930 1520 3985; x_wconf 89' lang='lat' dir='ltr'>cedri</span> <span class='ocrx_word' id='word_1_522' title='bbox 1538 3932 1596 3988; x_wconf 75' lang='lat' dir='ltr'>liei.</span> 
     </span>
     <span class='ocr_line' id='line_1_54' title="bbox 110 4002 1816 4078; baseline 0.001 -16"><span class='ocrx_word' id='word_1_523' title='bbox 110 4005 238 4062; x_wconf 79' lang='lat' dir='ltr'>Elluude</span> <span class='ocrx_word' id='word_1_524' title='bbox 261 4007 387 4061; x_wconf 78' lang='lat' dir='ltr'>furorem</span> <span class='ocrx_word' id='word_1_525' title='bbox 413 4010 499 4060; x_wconf 87' lang='lat' dir='ltr'>tuum</span> <span class='ocrx_word' id='word_1_526' title='bbox 515 4020 605 4076; x_wconf 86' lang='lat' dir='ltr'>super</span> <span class='ocrx_word' id='word_1_527' title='bbox 625 4008 726 4076; x_wconf 80' lang='lat' dir='ltr'>gentes</span> <span class='ocrx_word' id='word_1_528' title='bbox 742 4021 807 4078; x_wconf 80' lang='lat' dir='ltr'>que</span> <span class='ocrx_word' id='word_1_529' title='bbox 823 4021 939 4062; x_wconf 90' lang='lat' dir='ltr'>nonco-</span> <span class='ocrx_word' id='word_1_530' title='bbox 993 4003 1137 4073; x_wconf 79' lang='lat' dir='ltr'>Expendit</span> <span class='ocrx_word' id='word_1_531' title='bbox 1151 4016 1250 4056; x_wconf 90' lang='lat' dir='ltr'>comas</span> <span class='ocrx_word' id='word_1_532' title='bbox 1266 4018 1335 4056; x_wconf 89' lang='lat' dir='ltr'>snas</span> <span class='ocrx_word' id='word_1_533' title='bbox 1352 4002 1494 4072; x_wconf 90' lang='lat' dir='ltr'>usquead</span> <span class='ocrx_word' id='word_1_534' title='bbox 1519 4018 1609 4072; x_wconf 85' lang='lat' dir='ltr'>mare,</span> <span class='ocrx_word' id='word_1_535' title='bbox 1626 4007 1654 4060; x_wconf 85' lang='lat' dir='ltr'>et</span> <span class='ocrx_word' id='word_1_536' title='bbox 1670 4007 1816 4078; x_wconf 86' lang='lat' dir='ltr'>usquead</span> 
     </span>
     <span class='ocr_line' id='line_1_55' title="bbox 188 4072 1557 4151; baseline -0.001 -19"><span class='ocrx_word' id='word_1_537' title='bbox 188 4084 354 4151; x_wconf 81' lang='lat' dir='ltr'>gnoveruut</span> <span class='ocrx_word' id='word_1_538' title='bbox 370 4082 409 4145; x_wconf 88' lang='lat' dir='ltr'>te,</span> <span class='ocrx_word' id='word_1_539' title='bbox 1066 4072 1174 4128; x_wconf 90' lang='lat' dir='ltr'>llumen</span> <span class='ocrx_word' id='word_1_540' title='bbox 1190 4074 1324 4145; x_wconf 82' lang='lat' dir='ltr'>germina</span> <span class='ocrx_word' id='word_1_541' title='bbox 1338 4089 1392 4129; x_wconf 85' lang='lat' dir='ltr'>sua</span> <span class='ocrx_word' id='word_1_542' title='bbox 1408 4074 1460 4146; x_wconf 80' lang='lat' dir='ltr'>(dl.</span> <span class='ocrx_word' id='word_1_543' title='bbox 1474 4074 1557 4146; x_wconf 80' lang='lat' dir='ltr'>ejus).</span> 
     </span>
    </p>
   </div>
   <div class='ocr_carea' id='block_1_10' title="bbox 104 4285 1903 5796">
    <p class='ocr_par' dir='ltr' id='par_1_13' title="bbox 104 4285 1903 5796">
     <span class='ocr_line' id='line_1_56' title="bbox 151 4285 1898 4364; baseline -0.001 -18"><span class='ocrx_word' id='word_1_544' title='bbox 151 4294 158 4328; x_wconf 86' lang='lat'><strong>¹</strong></span> <span class='ocrx_word' id='word_1_545' title='bbox 176 4291 275 4347; x_wconf 78' lang='lat' dir='ltr'>Nostri</span> <span class='ocrx_word' id='word_1_546' title='bbox 293 4308 364 4348; x_wconf 84' lang='lat' dir='ltr'>mss.</span> <span class='ocrx_word' id='word_1_547' title='bbox 380 4292 498 4364; x_wconf 79' lang='lat' dir='ltr'>qlori&#39;om</span> <span class='ocrx_word' id='word_1_548' title='bbox 512 4307 592 4347; x_wconf 82' lang='lat' dir='ltr'>suom</span> <span class='ocrx_word' id='word_1_549' title='bbox 607 4307 659 4361; x_wconf 92' lang='lat' dir='ltr'>pro</span> <span class='ocrx_word' id='word_1_550' title='bbox 673 4290 812 4355; x_wconf 69' lang='lat' dir='ltr'>etruriam,</span> <span class='ocrx_word' id='word_1_551' title='bbox 829 4296 883 4348; x_wconf 90' lang='lat' dir='ltr'>ele.</span> <span class='ocrx_word' id='word_1_552' title='bbox 993 4293 1104 4356; x_wconf 86' lang='lat' dir='ltr'>tamen,</span> <span class='ocrx_word' id='word_1_553' title='bbox 1120 4286 1257 4358; x_wconf 75' lang='lat' dir='ltr'>Aquilam</span> <span class='ocrx_word' id='word_1_554' title='bbox 1272 4293 1403 4349; x_wconf 78' lang='lat' dir='ltr'>secutus.</span> <span class='ocrx_word' id='word_1_555' title='bbox 1420 4287 1470 4360; x_wconf 90' lang='lat' dir='ltr'>qni</span> <span class='ocrx_word' id='word_1_556' title='bbox 1485 4286 1556 4355; x_wconf 71' lang='lat' dir='ltr'>legit</span> <span class='ocrx_word' id='word_1_557' title='bbox 1569 4285 1614 4340; x_wconf 81' lang='grc' dir='ltr'>καὶ</span> <span class='ocrx_word' id='word_1_558' title='bbox 1629 4287 1656 4341; x_wconf 74' lang='lat' dir='ltr'>tv</span> <span class='ocrx_word' id='word_1_559' title='bbox 1671 4291 1815 4361; x_wconf 68' lang='grc' dir='ltr'>φρονήσει,</span> <span class='ocrx_word' id='word_1_560' title='bbox 1893 4322 1898 4331; x_wconf 75' lang='lat'>=</span> 
     </span>
     <span class='ocr_line' id='line_1_57' title="bbox 148 4350 1812 4434; baseline -0.001 -16"><span class='ocrx_word' id='word_1_561' title='bbox 148 4364 306 4429; x_wconf 85' lang='lat' dir='ltr'>¹Quatuor</span> <span class='ocrx_word' id='word_1_562' title='bbox 320 4381 418 4428; x_wconf 74' lang='lat' dir='ltr'>mess..</span> <span class='ocrx_word' id='word_1_563' title='bbox 434 4364 555 4419; x_wconf 83' lang='lat' dir='ltr'>scholiis</span> <span class='ocrx_word' id='word_1_564' title='bbox 571 4361 673 4429; x_wconf 84' lang='lat' dir='ltr'>vitiati,</span> <span class='ocrx_word' id='word_1_565' title='bbox 691 4368 723 4418; x_wconf 75' lang='lat' dir='ltr'>iil</span> <span class='ocrx_word' id='word_1_566' title='bbox 738 4362 830 4421; x_wconf 70' lang='lat' dir='ltr'>vidue</span> <span class='ocrx_word' id='word_1_567' title='bbox 844 4380 939 4421; x_wconf 84' lang='lat' dir='ltr'>eorum</span> <span class='ocrx_word' id='word_1_568' title='bbox 994 4359 1042 4416; x_wconf 92' lang='lat' dir='ltr'>bic</span> <span class='ocrx_word' id='word_1_569' title='bbox 1058 4375 1111 4413; x_wconf 83' lang='lat' dir='ltr'>sun</span> <span class='ocrx_word' id='word_1_570' title='bbox 1127 4358 1267 4414; x_wconf 88' lang='lat' dir='ltr'>Psalterio</span> <span class='ocrx_word' id='word_1_571' title='bbox 1284 4361 1424 4415; x_wconf 85' lang='lat' dir='ltr'>ltebraieo</span> <span class='ocrx_word' id='word_1_572' title='bbox 1448 4360 1658 4430; x_wconf 86' lang='lat' dir='ltr'>interpretatur</span> <span class='ocrx_word' id='word_1_573' title='bbox 1677 4350 1717 4415; x_wconf 83' lang='lat' dir='ltr'>&#39;iii</span> <span class='ocrx_word' id='word_1_574' title='bbox 1743 4379 1812 4434; x_wconf 79' lang='lat' dir='ltr'>piu-</span> 
     </span>
     <span class='ocr_line' id='line_1_58' title="bbox 110 4432 1816 4508; baseline -0.001 -18"><span class='ocrx_word' id='word_1_575' title='bbox 110 4433 157 4490; x_wconf 93' lang='lat' dir='ltr'>vel</span> <span class='ocrx_word' id='word_1_576' title='bbox 175 4436 250 4504; x_wconf 82' lang='lat' dir='ltr'>ejus,</span> <span class='ocrx_word' id='word_1_577' title='bbox 266 4453 322 4492; x_wconf 84' lang='lat' dir='ltr'>uon</span> <span class='ocrx_word' id='word_1_578' title='bbox 337 4437 528 4508; x_wconf 79' lang='lat' dir='ltr'>ploraverunt.</span> <span class='ocrx_word' id='word_1_579' title='bbox 543 4439 636 4491; x_wconf 80' lang='lat' dir='ltr'>Maur.</span> <span class='ocrx_word' id='word_1_580' title='bbox 993 4433 1233 4499; x_wconf 79' lang='lat' dir='ltr'>dentin,sensum</span> <span class='ocrx_word' id='word_1_581' title='bbox 1253 4432 1421 4503; x_wconf 71' lang='lat' dir='ltr'>Scriptores,</span> <span class='ocrx_word' id='word_1_582' title='bbox 1449 4448 1506 4486; x_wconf 94' lang='lat' dir='ltr'>non</span> <span class='ocrx_word' id='word_1_583' title='bbox 1536 4432 1624 4486; x_wconf 86' lang='lat' dir='ltr'>verba</span> <span class='ocrx_word' id='word_1_584' title='bbox 1652 4432 1816 4503; x_wconf 68' lang='grc' dir='ltr'>κακοζήλοις</span> 
     </span>
     <span class='ocr_line' id='line_1_59' title="bbox 148 4504 1262 4578; baseline -0.005 -17"><span class='ocrx_word' id='word_1_585' title='bbox 148 4508 159 4542; x_wconf 83' lang='lat'><strong>¹</strong></span> <span class='ocrx_word' id='word_1_586' title='bbox 176 4506 292 4578; x_wconf 83' lang='lat' dir='ltr'>lieginae</span> <span class='ocrx_word' id='word_1_587' title='bbox 307 4524 391 4569; x_wconf 78' lang='lat' dir='ltr'>mss..</span> <span class='ocrx_word' id='word_1_588' title='bbox 408 4507 481 4562; x_wconf 84' lang='lat' dir='ltr'>dedit</span> <span class='ocrx_word' id='word_1_589' title='bbox 501 4522 544 4562; x_wconf 81' lang='lat' dir='ltr'>eor</span> <span class='ocrx_word' id='word_1_590' title='bbox 560 4521 612 4577; x_wconf 90' lang='lat' dir='ltr'>pro</span> <span class='ocrx_word' id='word_1_591' title='bbox 626 4506 676 4559; x_wconf 83' lang='lat' dir='ltr'>cis.</span> <span class='ocrx_word' id='word_1_592' title='bbox 988 4504 1153 4559; x_wconf 85' lang='lat' dir='ltr'>attendens.</span> <span class='ocrx_word' id='word_1_593' title='bbox 1170 4507 1262 4556; x_wconf 77' lang='lat' dir='ltr'>Mser.</span> 
     </span>
     <span class='ocr_line' id='line_1_60' title="bbox 146 4572 1815 4650; baseline 0.004 -25"><span class='ocrx_word' id='word_1_594' title='bbox 146 4579 158 4612; x_wconf 76' lang='lat'><strong>⁴</strong></span> <span class='ocrx_word' id='word_1_595' title='bbox 175 4577 301 4634; x_wconf 63' lang='lat' dir='ltr'>Pretium</span> <span class='ocrx_word' id='word_1_596' title='bbox 318 4579 365 4634; x_wconf 67' lang='lat' dir='ltr'>hle</span> <span class='ocrx_word' id='word_1_597' title='bbox 381 4595 497 4650; x_wconf 68' lang='lat' dir='ltr'>quoqne</span> <span class='ocrx_word' id='word_1_598' title='bbox 512 4579 565 4632; x_wconf 77' lang='lat' dir='ltr'>crit</span> <span class='ocrx_word' id='word_1_599' title='bbox 582 4593 674 4648; x_wconf 76' lang='lat' dir='ltr'>operm</span> <span class='ocrx_word' id='word_1_600' title='bbox 690 4579 717 4630; x_wconf 81' lang='lat' dir='ltr'>S.</span> <span class='ocrx_word' id='word_1_601' title='bbox 732 4576 882 4633; x_wconf 82' lang='lat' dir='ltr'>tinctorem</span> <span class='ocrx_word' id='word_1_602' title='bbox 900 4579 934 4634; x_wconf 90' lang='lat' dir='ltr'>de</span> <span class='ocrx_word' id='word_1_603' title='bbox 1022 4576 1031 4608; x_wconf 73' lang='lat'><strong>¹</strong></span> <span class='ocrx_word' id='word_1_604' title='bbox 1049 4574 1116 4629; x_wconf 71' lang='lat' dir='ltr'>llas.</span> <span class='ocrx_word' id='word_1_605' title='bbox 1132 4580 1269 4644; x_wconf 87' lang='lat' dir='ltr'>quatuor.</span> <span class='ocrx_word' id='word_1_606' title='bbox 1289 4575 1358 4627; x_wconf 81' lang='lat' dir='ltr'>licui</span> <span class='ocrx_word' id='word_1_607' title='bbox 1373 4572 1499 4628; x_wconf 87' lang='lat' dir='ltr'>Sniuulur</span> <span class='ocrx_word' id='word_1_608' title='bbox 1512 4581 1614 4629; x_wconf 82' lang='lat' dir='ltr'>noster.</span> <span class='ocrx_word' id='word_1_609' title='bbox 1631 4574 1730 4631; x_wconf 86' lang='lat' dir='ltr'>Canon</span> <span class='ocrx_word' id='word_1_610' title='bbox 1743 4578 1815 4631; x_wconf 81' lang='lat' dir='ltr'>San·</span> 
     </span>
     <span class='ocr_line' id='line_1_61' title="bbox 109 4644 1813 4721; baseline -0.001 -17"><span class='ocrx_word' id='word_1_611' title='bbox 109 4648 202 4719; x_wconf 84' lang='lat' dir='ltr'>hujus</span> <span class='ocrx_word' id='word_1_612' title='bbox 219 4649 273 4705; x_wconf 91' lang='lat' dir='ltr'>loci</span> <span class='ocrx_word' id='word_1_613' title='bbox 289 4653 530 4721; x_wconf 86' lang='lat' dir='ltr'>interpretatione</span> <span class='ocrx_word' id='word_1_614' title='bbox 549 4649 744 4704; x_wconf 82' lang='lat' dir='ltr'>disserentem</span> <span class='ocrx_word' id='word_1_615' title='bbox 760 4650 788 4702; x_wconf 92' lang='lat' dir='ltr'>in</span> <span class='ocrx_word' id='word_1_616' title='bbox 805 4652 883 4720; x_wconf 76' lang='lat' dir='ltr'>epist.</span> <span class='ocrx_word' id='word_1_617' title='bbox 900 4651 936 4705; x_wconf 88' lang='lat' dir='ltr'>nd</span> <span class='ocrx_word' id='word_1_618' title='bbox 987 4648 1126 4701; x_wconf 83' lang='lat' dir='ltr'>German.</span> <span class='ocrx_word' id='word_1_619' title='bbox 1143 4652 1171 4699; x_wconf 91' lang='lat' dir='ltr'>rt</span> <span class='ocrx_word' id='word_1_620' title='bbox 1186 4645 1304 4699; x_wconf 89' lang='lat' dir='ltr'>blemm.</span> <span class='ocrx_word' id='word_1_621' title='bbox 1322 4645 1524 4698; x_wconf 71' lang='lat' dir='ltr'>uacantium</span> <span class='ocrx_word' id='word_1_622' title='bbox 1543 4644 1696 4701; x_wconf 85' lang='lat' dir='ltr'>lectionem</span> <span class='ocrx_word' id='word_1_623' title='bbox 1715 4650 1813 4704; x_wconf 75' lang='lat' dir='ltr'>:ierus</span> 
     </span>
     <span class='ocr_line' id='line_1_62' title="bbox 106 4716 1812 4786; baseline -0.001 -10"><span class='ocrx_word' id='word_1_624' title='bbox 106 4723 250 4776; x_wconf 79' lang='lat' dir='ltr'>Sanitium</span> <span class='ocrx_word' id='word_1_625' title='bbox 264 4726 290 4777; x_wconf 85' lang='lat' dir='ltr'>et</span> <span class='ocrx_word' id='word_1_626' title='bbox 305 4723 438 4778; x_wconf 84' lang='lat' dir='ltr'>Fretrlem</span> <span class='ocrx_word' id='word_1_627' title='bbox 454 4723 566 4786; x_wconf 81' lang='lat' dir='ltr'>audire,</span> <span class='ocrx_word' id='word_1_628' title='bbox 593 4736 659 4775; x_wconf 90' lang='lat' dir='ltr'>cum</span> <span class='ocrx_word' id='word_1_629' title='bbox 683 4719 755 4774; x_wconf 90' lang='lat' dir='ltr'>nibil</span> <span class='ocrx_word' id='word_1_630' title='bbox 777 4725 876 4776; x_wconf 90' lang='lat' dir='ltr'>tamen</span> <span class='ocrx_word' id='word_1_631' title='bbox 893 4721 933 4776; x_wconf 90' lang='lat' dir='ltr'>ibi</span> <span class='ocrx_word' id='word_1_632' title='bbox 987 4716 1233 4773; x_wconf 81' lang='lat' dir='ltr'>Soliuloriiueter:</span> <span class='ocrx_word' id='word_1_633' title='bbox 1247 4716 1504 4784; x_wconf 75' lang='lat' dir='ltr'>llteonsequenter</span> <span class='ocrx_word' id='word_1_634' title='bbox 1516 4717 1635 4772; x_wconf 83' lang='lat' dir='ltr'>sebolon</span> <span class='ocrx_word' id='word_1_635' title='bbox 1651 4722 1812 4784; x_wconf 67' lang='lat' dir='ltr'>inurclnala</span> 
     </span>
     <span class='ocr_line' id='line_1_63' title="bbox 111 4786 1811 4862; baseline -0.003 -12"><span class='ocrx_word' id='word_1_636' title='bbox 111 4793 148 4850; x_wconf 87' lang='lat' dir='ltr'>de</span> <span class='ocrx_word' id='word_1_637' title='bbox 164 4794 297 4849; x_wconf 86' lang='lat' dir='ltr'>versione</span> <span class='ocrx_word' id='word_1_638' title='bbox 310 4810 364 4849; x_wconf 88' lang='lat' dir='ltr'>sua</span> <span class='ocrx_word' id='word_1_639' title='bbox 380 4794 439 4849; x_wconf 84' lang='lat' dir='ltr'>iste</span> <span class='ocrx_word' id='word_1_640' title='bbox 454 4810 485 4847; x_wconf 81' lang='lat' dir='ltr'>ex</span> <span class='ocrx_word' id='word_1_641' title='bbox 503 4793 644 4848; x_wconf 85' lang='lat' dir='ltr'>Heliruieu</span> <span class='ocrx_word' id='word_1_642' title='bbox 660 4790 748 4846; x_wconf 89' lang='lat' dir='ltr'>dicut.</span> <span class='ocrx_word' id='word_1_643' title='bbox 987 4788 1016 4843; x_wconf 93' lang='lat' dir='ltr'>in</span> <span class='ocrx_word' id='word_1_644' title='bbox 1033 4794 1111 4842; x_wconf 80' lang='lat' dir='ltr'>textu</span> <span class='ocrx_word' id='word_1_645' title='bbox 1128 4788 1252 4843; x_wconf 82' lang='lat' dir='ltr'>retinent</span> <span class='ocrx_word' id='word_1_646' title='bbox 1268 4787 1322 4841; x_wconf 91' lang='lat' dir='ltr'>boe</span> <span class='ocrx_word' id='word_1_647' title='bbox 1339 4786 1401 4842; x_wconf 90' lang='lat' dir='ltr'>loco</span> <span class='ocrx_word' id='word_1_648' title='bbox 1419 4786 1811 4862; x_wconf 79' lang='lat' dir='ltr'>inss.Carcass..iingustln.‚</span> 
     </span>
     <span class='ocr_line' id='line_1_64' title="bbox 146 4858 1812 4989; baseline -0.001 -71"><span class='ocrx_word' id='word_1_649' title='bbox 146 4864 609 4948; x_wconf 75' lang='lat' dir='ltr'>&#39;Tresmss.,pniceretlucod...</span> <span class='ocrx_word' id='word_1_650' title='bbox 631 4862 933 4935; x_wconf 84' lang='lat' dir='ltr'>ellsrort,absquein</span> <span class='ocrx_word' id='word_1_651' title='bbox 987 4858 1311 4989; x_wconf 51' lang='lat' dir='ltr'>fflirdigmtstbiieb„</span> <span class='ocrx_word' id='word_1_652' title='bbox 1338 4862 1449 4930; x_wconf 79' lang='lat' dir='ltr'>propter</span> <span class='ocrx_word' id='word_1_653' title='bbox 1478 4858 1590 4914; x_wconf 84' lang='lat' dir='ltr'>uerbum</span> <span class='ocrx_word' id='word_1_654' title='bbox 1618 4861 1727 4930; x_wconf 72' lang='lat' dir='ltr'>plurim,</span> <span class='ocrx_word' id='word_1_655' title='bbox 1757 4865 1812 4918; x_wconf 87' lang='lat' dir='ltr'>etc.</span> 
     </span>
     <span class='ocr_line' id='line_1_65' title="bbox 134 4948 1084 4993; baseline -0.003 -3"><span class='ocrx_word' id='word_1_656' title='bbox 134 4948 332 4993; x_wconf 74' lang='lat' dir='ltr'>repositione.</span> <span class='ocrx_word' id='word_1_657' title='bbox 1017 4948 1084 4987; x_wconf 82' lang='grc' dir='ltr'><strong>ιιιτ.</strong></span> 
     </span>
     <span class='ocr_line' id='line_1_66' title="bbox 109 4953 1813 5079; baseline -0.003 -16"><span class='ocrx_word' id='word_1_658' title='bbox 109 4953 312 5062; x_wconf 76' lang='lat' dir='ltr'>p‘Observut</span> <span class='ocrx_word' id='word_1_659' title='bbox 325 5012 354 5063; x_wconf 82' lang='lat' dir='ltr'>S.</span> <span class='ocrx_word' id='word_1_660' title='bbox 373 5008 569 5079; x_wconf 81' lang='lat' dir='ltr'>Hieronymus</span> <span class='ocrx_word' id='word_1_661' title='bbox 596 5005 625 5059; x_wconf 92' lang='lat' dir='ltr'>in</span> <span class='ocrx_word' id='word_1_662' title='bbox 656 5004 740 5072; x_wconf 79' lang='lat' dir='ltr'>Epist.</span> <span class='ocrx_word' id='word_1_663' title='bbox 767 5004 935 5061; x_wconf 73' lang='lat' dir='ltr'>adsereret</span> <span class='ocrx_word' id='word_1_664' title='bbox 1022 5002 1033 5036; x_wconf 83' lang='lat'>⁸</span> <span class='ocrx_word' id='word_1_665' title='bbox 1049 5003 1080 5057; x_wconf 94' lang='lat' dir='ltr'>ln</span> <span class='ocrx_word' id='word_1_666' title='bbox 1097 5001 1221 5056; x_wconf 89' lang='lat' dir='ltr'>instanti</span> <span class='ocrx_word' id='word_1_667' title='bbox 1248 5000 1343 5055; x_wconf 88' lang='lat' dir='ltr'>nostri</span> <span class='ocrx_word' id='word_1_668' title='bbox 1359 5001 1467 5056; x_wconf 88' lang='lat' dir='ltr'>babent</span> <span class='ocrx_word' id='word_1_669' title='bbox 1485 5018 1570 5070; x_wconf 80' lang='lat' dir='ltr'>mss,</span> <span class='ocrx_word' id='word_1_670' title='bbox 1594 5019 1680 5076; x_wconf 80' lang='lat' dir='ltr'>praere</span> <span class='ocrx_word' id='word_1_671' title='bbox 1706 5002 1813 5072; x_wconf 79' lang='lat' dir='ltr'>dicarit,</span> 
     </span>
     <span class='ocr_line' id='line_1_67' title="bbox 106 5073 1041 5150; baseline -0.005 -18"><span class='ocrx_word' id='word_1_672' title='bbox 106 5079 208 5134; x_wconf 84' lang='lat' dir='ltr'>Frctet.</span> <span class='ocrx_word' id='word_1_673' title='bbox 223 5094 281 5134; x_wconf 89' lang='lat' dir='ltr'>non</span> <span class='ocrx_word' id='word_1_674' title='bbox 298 5079 397 5134; x_wconf 86' lang='lat' dir='ltr'>baberi</span> <span class='ocrx_word' id='word_1_675' title='bbox 414 5080 491 5150; x_wconf 89' lang='lat' dir='ltr'>apud</span> <span class='ocrx_word' id='word_1_676' title='bbox 509 5077 585 5143; x_wconf 75' lang='lat' dir='ltr'>LXX,</span> <span class='ocrx_word' id='word_1_677' title='bbox 601 5074 627 5129; x_wconf 83' lang='lat' dir='ltr'>tv</span> <span class='ocrx_word' id='word_1_678' title='bbox 642 5077 676 5147; x_wconf 81' lang='grc' dir='ltr'>τῇ</span> <span class='ocrx_word' id='word_1_679' title='bbox 693 5073 794 5130; x_wconf 70' lang='grc' dir='ltr'>συνέσει</span> <span class='ocrx_word' id='word_1_680' title='bbox 812 5093 934 5132; x_wconf 90' lang='lat' dir='ltr'>numero</span> <span class='ocrx_word' id='word_1_681' title='bbox 986 5079 1041 5131; x_wconf 86' lang='lat' dir='ltr'>ete.</span> 
     </span>
     <span class='ocr_line' id='line_1_68' title="bbox 105 5144 1811 5223; baseline -0.003 -17"><span class='ocrx_word' id='word_1_682' title='bbox 105 5150 268 5220; x_wconf 79' lang='lat' dir='ltr'>singulari.</span> <span class='ocrx_word' id='word_1_683' title='bbox 289 5154 322 5205; x_wconf 93' lang='lat' dir='ltr'>ut</span> <span class='ocrx_word' id='word_1_684' title='bbox 343 5150 385 5204; x_wconf 91' lang='lat' dir='ltr'>illi</span> <span class='ocrx_word' id='word_1_685' title='bbox 411 5150 566 5223; x_wconf 87' lang='lat' dir='ltr'>putabant,</span> <span class='ocrx_word' id='word_1_686' title='bbox 591 5150 640 5203; x_wconf 87' lang='lat' dir='ltr'>sed</span> <span class='ocrx_word' id='word_1_687' title='bbox 667 5146 693 5200; x_wconf 81' lang='lat' dir='ltr'>tv</span> <span class='ocrx_word' id='word_1_688' title='bbox 713 5151 773 5210; x_wconf 81' lang='grc' dir='ltr'>ταῖς</span> <span class='ocrx_word' id='word_1_689' title='bbox 787 5167 935 5213; x_wconf 65' lang='lat' dir='ltr'>coversari,</span> <span class='ocrx_word' id='word_1_690' title='bbox 1022 5145 1128 5199; x_wconf 72' lang='lat' dir='ltr'>’idem</span> <span class='ocrx_word' id='word_1_691' title='bbox 1144 5159 1229 5208; x_wconf 81' lang='lat' dir='ltr'>mss,</span> <span class='ocrx_word' id='word_1_692' title='bbox 1244 5150 1270 5199; x_wconf 89' lang='lat' dir='ltr'>et</span> <span class='ocrx_word' id='word_1_693' title='bbox 1284 5158 1355 5212; x_wconf 79' lang='lat' dir='ltr'>qrec</span> <span class='ocrx_word' id='word_1_694' title='bbox 1369 5158 1491 5213; x_wconf 75' lang='lat' dir='ltr'>pascuae,</span> <span class='ocrx_word' id='word_1_695' title='bbox 1508 5148 1575 5210; x_wconf 81' lang='lat' dir='ltr'>ete,</span> <span class='ocrx_word' id='word_1_696' title='bbox 1591 5149 1653 5199; x_wconf 91' lang='lat' dir='ltr'>tuin</span> <span class='ocrx_word' id='word_1_697' title='bbox 1671 5144 1811 5214; x_wconf 77' lang='lat' dir='ltr'>inremot-</span> 
     </span>
     <span class='ocr_line' id='line_1_69' title="bbox 106 5214 1813 5294; baseline -0.003 -18"><span class='ocrx_word' id='word_1_698' title='bbox 106 5221 189 5293; x_wconf 91' lang='lat' dir='ltr'>quod</span> <span class='ocrx_word' id='word_1_699' title='bbox 205 5221 404 5294; x_wconf 77' lang='lat' dir='ltr'>inleltiqrnlios</span> <span class='ocrx_word' id='word_1_700' title='bbox 420 5226 515 5277; x_wconf 88' lang='lat' dir='ltr'>sonat.</span> <span class='ocrx_word' id='word_1_701' title='bbox 538 5221 645 5274; x_wconf 83' lang='lat' dir='ltr'>Verum</span> <span class='ocrx_word' id='word_1_702' title='bbox 663 5219 690 5273; x_wconf 92' lang='lat' dir='ltr'>id</span> <span class='ocrx_word' id='word_1_703' title='bbox 707 5236 772 5275; x_wconf 81' lang='lat' dir='ltr'>esse</span> <span class='ocrx_word' id='word_1_704' title='bbox 788 5222 826 5274; x_wconf 92' lang='lat' dir='ltr'>im</span> <span class='ocrx_word' id='word_1_705' title='bbox 852 5220 934 5275; x_wconf 92' lang='lat' dir='ltr'>rimis</span> <span class='ocrx_word' id='word_1_706' title='bbox 987 5226 1096 5273; x_wconf 84' lang='lat' dir='ltr'>ternum</span> <span class='ocrx_word' id='word_1_707' title='bbox 1112 5231 1162 5287; x_wconf 92' lang='lat' dir='ltr'>pro</span> <span class='ocrx_word' id='word_1_708' title='bbox 1178 5216 1347 5270; x_wconf 74' lang='lat' dir='ltr'>insecutum</span> <span class='ocrx_word' id='word_1_709' title='bbox 1364 5231 1371 5270; x_wconf 91' lang='lat'>:</span> <span class='ocrx_word' id='word_1_710' title='bbox 1388 5214 1515 5287; x_wconf 90' lang='lat' dir='ltr'>denique</span> <span class='ocrx_word' id='word_1_711' title='bbox 1530 5215 1813 5271; x_wconf 78' lang='lat' dir='ltr'>lnuiiubiinieilnudrr</span> 
     </span>
     <span class='ocr_line' id='line_1_70' title="bbox 104 5237 1057 5364; baseline -0.008 -15"><span class='ocrx_word' id='word_1_712' title='bbox 104 5293 292 5364; x_wconf 62' lang='lat' dir='ltr'>exploratum</span> <span class='ocrx_word' id='word_1_713' title='bbox 307 5293 451 5349; x_wconf 81' lang='lat' dir='ltr'>babemus</span> <span class='ocrx_word' id='word_1_714' title='bbox 464 5291 691 5347; x_wconf 73' lang='lat' dir='ltr'>emspeallerio</span> <span class='ocrx_word' id='word_1_715' title='bbox 706 5291 814 5362; x_wconf 86' lang='lat' dir='ltr'>triplici</span> <span class='ocrx_word' id='word_1_716' title='bbox 826 5237 934 5346; x_wconf 56' lang='lat' dir='ltr'>gorbo-</span> <span class='ocrx_word' id='word_1_717' title='bbox 987 5292 1057 5344; x_wconf 79' lang='lat' dir='ltr'>laci.</span> 
     </span>
     <span class='ocr_line' id='line_1_71' title="bbox 107 5355 1812 5431; baseline -0.004 -11"><span class='ocrx_word' id='word_1_718' title='bbox 107 5363 354 5430; x_wconf 75' lang='lat' dir='ltr'>nico‚ubilitteris</span> <span class='ocrx_word' id='word_1_719' title='bbox 366 5365 476 5419; x_wconf 84' lang='lat' dir='ltr'>latinis</span> <span class='ocrx_word' id='word_1_720' title='bbox 487 5362 764 5419; x_wconf 80' lang='lat' dir='ltr'>contextusGroecus</span> <span class='ocrx_word' id='word_1_721' title='bbox 776 5362 866 5431; x_wconf 75' lang='lat' dir='ltr'>linJus</span> <span class='ocrx_word' id='word_1_722' title='bbox 879 5362 934 5418; x_wconf 93' lang='lat' dir='ltr'>loci</span> <span class='ocrx_word' id='word_1_723' title='bbox 1025 5361 1046 5397; x_wconf 89' lang='lat'>¹⁰</span> <span class='ocrx_word' id='word_1_724' title='bbox 1061 5357 1174 5425; x_wconf 71' lang='lat' dir='ltr'>lissinis</span> <span class='ocrx_word' id='word_1_725' title='bbox 1191 5373 1247 5412; x_wconf 81' lang='lat' dir='ltr'>ms.</span> <span class='ocrx_word' id='word_1_726' title='bbox 1263 5374 1312 5427; x_wconf 75' lang='lat' dir='ltr'>pro</span> <span class='ocrx_word' id='word_1_727' title='bbox 1333 5357 1405 5414; x_wconf 87' lang='lat' dir='ltr'>liliis</span> <span class='ocrx_word' id='word_1_728' title='bbox 1420 5355 1569 5414; x_wconf 78' lang='lat' dir='ltr'>testimonii</span> <span class='ocrx_word' id='word_1_729' title='bbox 1593 5375 1602 5411; x_wconf 94' lang='lat'><em>:</em></span> <span class='ocrx_word' id='word_1_730' title='bbox 1627 5360 1709 5413; x_wconf 89' lang='lat' dir='ltr'>tneen</span> <span class='ocrx_word' id='word_1_731' title='bbox 1734 5358 1812 5430; x_wconf 91' lang='lat' dir='ltr'>quod</span> 
     </span>
     <span class='ocr_line' id='line_1_72' title="bbox 107 5428 1811 5508; baseline -0.004 -17"><span class='ocrx_word' id='word_1_732' title='bbox 107 5436 152 5491; x_wconf 90' lang='lat' dir='ltr'>sie</span> <span class='ocrx_word' id='word_1_733' title='bbox 161 5452 321 5508; x_wconf 85' lang='lat' dir='ltr'>expressus</span> <span class='ocrx_word' id='word_1_734' title='bbox 331 5440 389 5491; x_wconf 84' lang='lat' dir='ltr'>est:</span> <span class='ocrx_word' id='word_1_735' title='bbox 415 5437 485 5492; x_wconf 80' lang='lat' dir='ltr'>lleea</span> <span class='ocrx_word' id='word_1_736' title='bbox 507 5440 546 5490; x_wconf 74' lang='lat' dir='ltr'>tri·</span> <span class='ocrx_word' id='word_1_737' title='bbox 557 5437 697 5507; x_wconf 76' lang='lat' dir='ltr'>syneresis</span> <span class='ocrx_word' id='word_1_738' title='bbox 709 5442 755 5489; x_wconf 86' lang='lat' dir='ltr'>ton</span> <span class='ocrx_word' id='word_1_739' title='bbox 765 5433 861 5489; x_wconf 78' lang='lat' dir='ltr'>eliruli</span> <span class='ocrx_word' id='word_1_740' title='bbox 873 5438 934 5504; x_wconf 67' lang='lat' dir='ltr'>ullu</span> <span class='ocrx_word' id='word_1_741' title='bbox 987 5432 1055 5504; x_wconf 72' lang='lat' dir='ltr'>filiii</span> <span class='ocrx_word' id='word_1_742' title='bbox 1064 5446 1116 5501; x_wconf 92' lang='lat' dir='ltr'>pro</span> <span class='ocrx_word' id='word_1_743' title='bbox 1125 5431 1194 5483; x_wconf 78' lang='lat' dir='ltr'>liliis</span> <span class='ocrx_word' id='word_1_744' title='bbox 1211 5428 1258 5483; x_wconf 91' lang='lat' dir='ltr'>liic</span> <span class='ocrx_word' id='word_1_745' title='bbox 1269 5436 1356 5503; x_wconf 88' lang='lat' dir='ltr'>atquc</span> <span class='ocrx_word' id='word_1_746' title='bbox 1367 5430 1436 5484; x_wconf 92' lang='lat' dir='ltr'>alibi</span> <span class='ocrx_word' id='word_1_747' title='bbox 1451 5430 1606 5484; x_wconf 82' lang='lat' dir='ltr'>manileslc</span> <span class='ocrx_word' id='word_1_748' title='bbox 1623 5433 1727 5485; x_wconf 86' lang='lat' dir='ltr'>mendo</span> <span class='ocrx_word' id='word_1_749' title='bbox 1738 5447 1811 5488; x_wconf 91' lang='lat' dir='ltr'>mss.</span> 
     </span>
     <span class='ocr_line' id='line_1_73' title="bbox 104 5500 1226 5577; baseline -0.008 -14"><span class='ocrx_word' id='word_1_750' title='bbox 104 5507 333 5577; x_wconf 71' lang='lat' dir='ltr'>odiqieenallitr,</span> <span class='ocrx_word' id='word_1_751' title='bbox 355 5506 409 5561; x_wconf 84' lang='lat' dir='ltr'>line</span> <span class='ocrx_word' id='word_1_752' title='bbox 430 5514 485 5574; x_wconf 80' lang='lat' dir='ltr'>est,</span> <span class='ocrx_word' id='word_1_753' title='bbox 516 5505 603 5559; x_wconf 75' lang='grc' dir='ltr'>καὶέν</span> <span class='ocrx_word' id='word_1_754' title='bbox 630 5510 689 5566; x_wconf 76' lang='lat' dir='ltr'>ciii&lt;</span> <span class='ocrx_word' id='word_1_755' title='bbox 716 5504 851 5558; x_wconf 78' lang='lat' dir='ltr'>ouvlcssiv</span> <span class='ocrx_word' id='word_1_756' title='bbox 879 5509 933 5558; x_wconf 80' lang='grc' dir='ltr'>τῶν</span> <span class='ocrx_word' id='word_1_757' title='bbox 987 5500 1226 5573; x_wconf 80' lang='lat' dir='ltr'>allqliotlegunl.</span> 
     </span>
     <span class='ocr_line' id='line_1_74' title="bbox 104 5570 1814 5655; baseline -0.006 -23"><span class='ocrx_word' id='word_1_758' title='bbox 104 5582 214 5655; x_wconf 75' lang='grc' dir='ltr'>χειρῶν</span> <span class='ocrx_word' id='word_1_759' title='bbox 235 5576 317 5632; x_wconf 70' lang='grc' dir='ltr'><strong>αὑτοῦ</strong></span> <span class='ocrx_word' id='word_1_760' title='bbox 332 5575 474 5653; x_wconf 68' lang='grc' dir='ltr'>ὡδήγησεν</span> <span class='ocrx_word' id='word_1_761' title='bbox 489 5575 598 5636; x_wconf 66' lang='grc' dir='ltr'>αὐτούς.</span> <span class='ocrx_word' id='word_1_762' title='bbox 616 5579 647 5632; x_wconf 95' lang='lat' dir='ltr'>ln</span> <span class='ocrx_word' id='word_1_763' title='bbox 673 5579 794 5632; x_wconf 80' lang='lat' dir='ltr'>lleliraeo</span> <span class='ocrx_word' id='word_1_764' title='bbox 818 5592 935 5648; x_wconf 88' lang='lat' dir='ltr'>quoque</span> <span class='ocrx_word' id='word_1_765' title='bbox 1025 5576 1046 5610; x_wconf 88' lang='lat'>¹¹</span> <span class='ocrx_word' id='word_1_766' title='bbox 1065 5579 1105 5627; x_wconf 87' lang='lat' dir='ltr'>lta</span> <span class='ocrx_word' id='word_1_767' title='bbox 1119 5570 1470 5627; x_wconf 76' lang='lat' dir='ltr'>Cannnltaronssonensis</span> <span class='ocrx_word' id='word_1_768' title='bbox 1482 5576 1510 5625; x_wconf 88' lang='lat' dir='ltr'>et</span> <span class='ocrx_word' id='word_1_769' title='bbox 1523 5571 1814 5635; x_wconf 75' lang='lat' dir='ltr'>ms.dii,riistin0rum</span> 
     </span>
     <span class='ocr_line' id='line_1_75' title="bbox 104 5639 1903 5721; baseline -0.007 -15"><span class='ocrx_word' id='word_1_770' title='bbox 104 5651 235 5721; x_wconf 84' lang='lat' dir='ltr'>pluralis</span> <span class='ocrx_word' id='word_1_771' title='bbox 251 5666 394 5706; x_wconf 85' lang='lat' dir='ltr'>numerus</span> <span class='ocrx_word' id='word_1_772' title='bbox 411 5651 537 5706; x_wconf 88' lang='lat' dir='ltr'>babetur</span> <span class='ocrx_word' id='word_1_773' title='bbox 550 5657 676 5709; x_wconf 69' lang='lat' dir='ltr'>nillum</span> <span class='ocrx_word' id='word_1_774' title='bbox 692 5647 936 5713; x_wconf 66' lang='lat' dir='ltr'>tcintanoilcslvc</span> <span class='ocrx_word' id='word_1_775' title='bbox 990 5643 1246 5716; x_wconf 80' lang='lat' dir='ltr'>burdigalensium</span> <span class='ocrx_word' id='word_1_776' title='bbox 1264 5659 1271 5697; x_wconf 80' lang='grc' dir='ltr'><strong>ι</strong></span> <span class='ocrx_word' id='word_1_777' title='bbox 1289 5643 1382 5698; x_wconf 74' lang='lat' dir='ltr'>crciari</span> <span class='ocrx_word' id='word_1_778' title='bbox 1399 5639 1502 5711; x_wconf 75' lang='lat' dir='ltr'>legunt</span> <span class='ocrx_word' id='word_1_779' title='bbox 1517 5646 1582 5709; x_wconf 81' lang='lat' dir='ltr'>post</span> <span class='ocrx_word' id='word_1_780' title='bbox 1599 5641 1682 5712; x_wconf 81' lang='lat' dir='ltr'>LXX,</span> <span class='ocrx_word' id='word_1_781' title='bbox 1709 5644 1817 5703; x_wconf 68' lang='lat' dir='ltr'>cibasti</span> <span class='ocrx_word' id='word_1_782' title='bbox 1900 5694 1903 5699; x_wconf 86' lang='grc'><strong>,</strong></span> 
     </span>
     <span class='ocr_line' id='line_1_76' title="bbox 104 5711 1663 5796; baseline -0.009 -15"><span class='ocrx_word' id='word_1_783' title='bbox 104 5723 285 5793; x_wconf 71' lang='lat' dir='ltr'>brittannie,</span> <span class='ocrx_word' id='word_1_784' title='bbox 301 5723 379 5796; x_wconf 91' lang='lat' dir='ltr'>quod</span> <span class='ocrx_word' id='word_1_785' title='bbox 406 5727 452 5780; x_wconf 90' lang='lat' dir='ltr'>est</span> <span class='ocrx_word' id='word_1_786' title='bbox 466 5738 497 5777; x_wconf 87' lang='lat' dir='ltr'>tn</span> <span class='ocrx_word' id='word_1_787' title='bbox 520 5722 716 5777; x_wconf 81' lang='lat' dir='ltr'>intellectibus.</span> <span class='ocrx_word' id='word_1_788' title='bbox 740 5724 937 5793; x_wconf 80' lang='lat' dir='ltr'>Hieronymus</span> <span class='ocrx_word' id='word_1_789' title='bbox 991 5733 1086 5774; x_wconf 74' lang='lat' dir='ltr'>rica...</span> <span class='ocrx_word' id='word_1_790' title='bbox 1102 5718 1207 5784; x_wconf 75' lang='lat' dir='ltr'>potorii·</span> <span class='ocrx_word' id='word_1_791' title='bbox 1220 5729 1280 5786; x_wconf 82' lang='lat' dir='ltr'>rios,</span> <span class='ocrx_word' id='word_1_792' title='bbox 1296 5713 1340 5771; x_wconf 88' lang='lat' dir='ltr'>vel</span> <span class='ocrx_word' id='word_1_793' title='bbox 1357 5711 1482 5784; x_wconf 77' lang='lat' dir='ltr'>citatis,</span> <span class='ocrx_word' id='word_1_794' title='bbox 1496 5718 1553 5769; x_wconf 89' lang='lat' dir='ltr'>etc.</span> <span class='ocrx_word' id='word_1_795' title='bbox 1571 5714 1663 5772; x_wconf 76' lang='lat' dir='ltr'>Mser.</span> 
     </span>
    </p>
   </div>
   <div class='ocr_carea' id='block_1_11' title="bbox 0 0 1940 6120">
    <p class='ocr_par' dir='ltr' id='par_1_14' title="bbox 0 0 1940 6120">
     <span class='ocr_line' id='line_1_77' title="bbox 0 0 1940 6120; baseline 0 0"><span class='ocrx_word' id='word_1_796' title='bbox 0 0 1940 6120; x_wconf 95' lang='lat' dir='ltr'> </span> 
     </span>
    </p>
   </div>
  </div>
 </body>
</html>
