3870 6120
107 254 149 319 28
853 246 1073 309 PRAEFATiO.
1775 254 1817 315 Sl

112 387 249 449 sabatur
263 386 486 466 magistrorum
502 383 704 444 Hebraeorum
722 385 928 462 praeceptum,
945 397 1019 441 saue
1032 397 1183 460 perquam
1199 385 1379 459 opportune
1388 381 1429 442 ad
1444 381 1702 445 sufflaminandos
1718 383 1818 464 ¹inge·

108 484 154 548 nii
168 503 262 547 ausus
277 480 507 565 excogitatum:
524 492 628 543 attam
652 489 721 541 utin
740 463 841 554 ἠὼ,
859 477 908 539 Ex
922 478 1099 557 conjectura
1115 476 1200 537 nilril
1214 484 1260 537 est
1280 479 1515 558 corrigendum.
1544 482 1609 542 Hae
1635 487 1742 544 autem
1767 500 1820 543 ra-

111 583 198 644 tione
212 584 385 663 proposita,
403 580 555 662 quidquid
571 598 591 640 a
606 584 734 660 recepta
751 578 843 656 vulgo
859 575 992 639 lectione
1008 576 1168 636 dissonum
1185 595 1278 636 menn
1299 582 1436 637 exaratas
1464 577 1584 639 chartae
1620 580 1817 656 sufficerent,

109 700 164 744 seu
175 682 270 744 verbo
285 688 375 743 tenus
389 686 420 741 et
434 680 600 760 scriptura,
617 697 673 739 seu
688 696 780 739 sensu
796 677 865 756 ipso
881 681 911 736 et
925 675 1119 754 significatus
1135 682 1250 746 ἐκτάσει,
1268 676 1388 749 sedulo,
1420 677 1637 755 expendimus.
1662 683 1701 740 Et
1727 680 1817 760 quod

109 779 178 843 sola
192 781 318 860 quidem
334 778 588 840 dissimilitudine
609 777 696 838 vocis
711 776 887 848 abluderet,
904 774 970 835 sine
985 774 1058 834 boni
1075 792 1165 853 reque
1179 792 1289 834 sensus
1304 774 1478 853 dispendio,
1507 774 1532 835 si
1559 777 1656 851 nulla,
1675 778 1726 839 vel
1752 798 1816 840 nou

109 877 267 938 sulliciens
277 877 360 937 hanc
376 895 442 956 prae
456 875 512 936 illa
526 874 701 953 adoptandi
717 873 796 934 ratio
812 871 1012 951 suppetebat,
1028 871 1101 930 satis
1117 871 1176 930 luit
1191 871 1237 932 vel
1255 889 1270 931 e
1287 873 1412 948 regione
1428 875 1623 951 apposuisse,
1636 875 1683 935 rel
1696 875 1723 935 si
1736 875 1818 936 tanti

105 995 157 1037 res
171 976 350 1050 videbatur,
364 975 398 1036 in
414 974 562 1036 subnexis
578 972 850 1041 adnotationibus,
867 971 976 1032 addita
996 969 1142 1031 brevibus
1166 988 1272 1043 causa,
1299 970 1462 1031 indicasse.
1497 972 1623 1034 Miseret
1650 974 1817 1036 enimvero

108 1091 160 1134 me
175 1078 379 1153 praeposteree
394 1071 463 1151 ejus
477 1089 573 1146 curae,
589 1090 652 1151 qua
669 1069 748 1130 nihil
763 1077 840 1148 puto
855 1062 1009 1147 ingratius
1024 1085 1114 1146 posse
1130 1067 1239 1128 lectori
1253 1066 1376 1128 erudito
1391 1068 1544 1144 accidere,
1562 1088 1633 1130 cum
1651 1089 1739 1133 mere
1766 1091 1819 1133 re·

106 1172 183 1233 teris
193 1170 464 1251 pronuntiationis
479 1175 534 1230 aut
550 1168 729 1248 scriptionis
743 1167 831 1238 vitia,
848 1185 919 1246 quae
934 1166 966 1226 in
981 1165 1070 1225 libris
1085 1165 1231 1225 omnibus
1242 1165 1380 1245 antiquis
1395 1173 1558 1241 occurunt,
1577 1168 1670 1230 tertio
1685 1187 1818 1249 quoque

108 1268 206 1330 verbo
220 1269 421 1347 ingeruntur:
434 1268 519 1347 quod
535 1267 654 1327 lactum
670 1266 703 1326 in
718 1283 837 1344 nupera
854 1263 966 1325 vetusti
979 1262 1123 1323 Psalterii
1139 1262 1275 1323 editione
1290 1263 1386 1322 risum
1402 1264 1548 1325 omuibus
1561 1266 1670 1339 movit,
1683 1266 1739 1326 ubi
1752 1286 1817 1328 nnn

109 1364 179 1427 aliis
193 1365 291 1427 lerme
306 1370 381 1426 sunt
395 1365 477 1426 notis
493 1363 616 1426 onerati
632 1364 790 1442 margines
805 1362 887 1435 libri,
905 1379 999 1441 quam
1016 1360 1130 1439 quibus
1147 1366 1303 1436 monetur,
1320 1359 1351 1420 B
1365 1379 1422 1440 pro
1437 1361 1477 1441 V,
1492 1368 1588 1442 atque
1602 1363 1632 1423 E
1647 1383 1704 1444 pro
1721 1364 1750 1441 I,
1787 1362 1819 1426 el

109 1462 248 1524 vicissim
262 1464 294 1523 in
306 1462 436 1524 vocibus
446 1481 495 1523 ex.
513 1481 560 1542 gr.
577 1461 663 1522 brebi
676 1467 706 1522 et
721 1459 822 1535 bobes,
840 1479 897 1539 pro
913 1458 998 1520 brevi
1012 1465 1043 1520 et
1058 1457 1156 1534 boves,
1173 1464 1205 1519 et
1220 1457 1380 1539 intellege,
1397 1460 1481 1538 quod
1497 1466 1617 1522 rectum
1632 1467 1739 1525 tamen
1766 1464 1817 1543 ip·

111 1579 182 1621 sum
198 1579 326 1641 quoque
336 1567 394 1633 est,
411 1579 469 1642 pro
484 1558 641 1640 intellige,
659 1558 771 1639 hisque
787 1557 904 1619 similes
919 1557 1040 1619 litteras
1054 1556 1149 1617 luisse
1164 1556 1204 1617 ab
1220 1556 1398 1634 antiquario
1414 1557 1610 1619 substitutas.

151 1659 245 1721 Cordi
260 1658 388 1720 luerunt
402 1657 580 1719 econtrario
597 1657 689 1719 uobis
703 1676 774 1736 quae
789 1655 917 1735 proprie
931 1673 1035 1729 sensu,
1053 1671 1153 1731 eoque
1163 1654 1195 1714 in
1210 1654 1353 1732 Vulgatis
1368 1654 1416 1714 vel
1432 1654 1611 1729 imminuto,
1641 1657 1691 1718 vel
1716 1657 1817 1719 inter·

109 1757 231 1837 polato,
248 1756 373 1819 diversa
386 1756 419 1816 in
435 1774 509 1817 mss.
522 1755 629 1828 verba,
652 1760 707 1816 aut
721 1760 880 1816 commata
889 1753 959 1832 ipsa
973 1751 1161 1812 invenimus.
1179 1757 1223 1812 ac
1237 1751 1373 1830 primum
1389 1751 1416 1811 si
1431 1752 1568 1831 plurium
1585 1755 1817 1835 exemplarium

113 1855 273 1934 suffragiis
288 1855 472 1928 niterentur,
490 1853 613 1915 cautius
627 1852 836 1932 investigare:
854 1850 926 1913 dein
942 1851 1083 1911 conterre
1105 1848 1272 1926 diligenter
1287 1848 1348 1911 alia
1363 1869 1434 1911 curn
1451 1850 1530 1924 aliis,
1548 1870 1618 1913 cum
1636 1859 1746 1916 nostro
1764 1854 1818 1915 ln·

118 1957 255 2033 terprete
270 1951 414 2032 siugula;
432 1956 500 2012 tum
515 1951 555 2013 ad
566 1949 729 2012 Hebraicre
745 1948 886 2010 veritatis
900 1947 1034 2027 Lydium
1051 1946 1186 2026 lapidem
1203 1948 1343 2026 exigere;
1359 1947 1461 2027 ipsum
1477 1967 1604 2028 quoque
1627 1951 1820 2013 Hebraicum

113 2048 322 2130 archetypum
339 2048 541 2129 perscrutari,
559 2067 635 2109 uum
650 2066 756 2110 errore
769 2047 944 2109 scribarum
960 2051 1079 2125 peccet,
1097 2063 1134 2106 ac
1149 2045 1247 2125 possit
1262 2045 1365 2124 ipsum
1382 2046 1422 2107 ad
1438 2048 1551 2109 veteris
1577 2049 1820 2129 interpretatio·

110 2147 159 2209 nis
173 2147 307 2226 vestigia
321 2146 454 2220 restitui,
471 2164 508 2208 ac
521 2146 677 2208 uicissim:
697 2145 796 2208 multo
812 2149 918 2207 autem
933 2143 1152 2218 verosimilius,
1169 2162 1246 2204 uum
1261 2161 1299 2204 ex
1311 2162 1348 2205 eo
1358 2143 1450 2205 facile
1465 2151 1618 2225 appareat
1632 2148 1820 2210 Latinorum

88 2255 91 2260 ’
111 2244 145 2308 iu
160 2245 379 2327 permutandis
392 2244 506 2306 litteris
520 2244 638 2326 lapsus,
651 2263 714 2325 quo
730 2242 939 2305 ratiocinandi
955 2242 1047 2304 modo
1064 2261 1126 2303 nou
1142 2241 1239 2302 semel
1254 2260 1320 2303 rem
1345 2261 1402 2304 acu
1432 2244 1570 2323 tetigisse
1594 2245 1651 2305 visi
1686 2265 1818 2309 sumus:

114 2341 242 2404 demum
259 2348 290 2403 et
304 2346 431 2404 Graecos
445 2343 523 2404 LXX
539 2346 728 2422 interpretes
743 2340 906 2415 sciscitari,
923 2345 1004 2401 esset
1017 2358 1116 2401 necne
1130 2338 1293 2419 proposita
1306 2339 1400 2400 lectio
1414 2345 1503 2401 vetus
1518 2341 1573 2402 illa
1583 2360 1599 2402 e
1609 2341 1745 2422 Vulgata
1762 2363 1822 2405 au·

114 2444 145 2502 te
160 2440 388 2520 Hieronymum
404 2440 551 2514 editione,
569 2458 665 2520 quam
680 2447 735 2501 aut
749 2440 852 2500 denuo
869 2438 930 2499 huc
947 2443 1063 2499 temere
1078 2438 1236 2498 studiosus
1252 2455 1314 2498 uon
1329 2456 1423 2500 nemo
1438 2439 1608 2516 revocarit,
1632 2445 1688 2502 aut
1711 2442 1744 2502 S.
1771 2443 1821 2503 ln·

10 2612 13 2617 ι
114 2542 247 2618 terpres,
265 2544 375 2618 utpote
391 2557 453 2600 non
468 2538 635 2617 incongrui
649 2555 768 2610 sensus,
786 2537 853 2616 ipse
869 2536 1043 2597 retinuerit.
1060 2535 1208 2595 Animum
1221 2541 1375 2614 praeterea
1397 2535 1590 2596 intendimus
1611 2537 1651 2598 ad
1676 2539 1820 2617 reliquos

112 2636 320 2698 translatores
334 2636 494 2716 Aquilam,
511 2635 750 2716 Symmachum,
765 2634 1027 2706 Theodotiouem,
1039 2639 1134 2712 atque
1149 2633 1237 2706 alios,
1268 2633 1451 2712 cumprimis
1480 2653 1553 2695 vero
1575 2637 1817 2715 Symmachum,

116 2734 208 2814 eujus
224 2735 336 2796 mirum
365 2734 397 2794 in
413 2734 542 2796 modum
558 2734 685 2811 ingenio
701 2739 795 2813 atque
811 2732 985 2792 eruditione
1000 2729 1173 2791 delectatus
1188 2735 1246 2791 est.
1263 2731 1293 2791 S.
1308 2733 1411 2793 Pater.
1425 2731 1518 2792 Nulla
1529 2739 1634 2794 autem
1650 2740 1698 2795 est
1726 2735 1821 2797 nobis

113 2832 327 2913 pretermissa
341 2832 465 2907 vocula,
482 2832 533 2894 cui
546 2832 742 2893 diliicultatis
757 2830 877 2910 aliquid
893 2829 1020 2890 subesse
1035 2828 1171 2908 suspicio
1186 2829 1278 2901 foret,
1294 2829 1382 2889 nulla
1397 2828 1508 2901 inlata,
1538 2831 1689 2911 nullaque
1713 2832 1818 2894 iudic-

113 2933 158 2992 ta.
172 2932 315 3010 Cumque
331 2931 438 2992 omnia
453 2930 493 2991 ad
509 2930 591 2991 hanc
606 2930 770 2992 obrussam
787 2929 1009 3008 exegissemus,
1027 2945 1063 2987 ac
1079 2932 1177 2988 staret
1199 2927 1294 2986 etiam
1325 2945 1344 2986 a
1374 2945 1447 2987 mss.
1478 2929 1621 3007 partibus
1647 2929 1820 3008 judicium,

112 3028 160 3089 rei
175 3028 302 3107 quidem
318 3046 430 3090 causes
443 3028 474 3087 in
492 3028 750 3089 adnotationibus
764 3044 933 3105 exponere,
947 3031 978 3086 et
993 3025 1023 3085 in
1039 3043 1134 3104 quam
1152 3023 1242 3085 tacite
1257 3025 1445 3086 senteutiam
1461 3027 1716 3102 concederemus,
1728 3030 1822 3090 novis

113 3125 309 3204 argumentis
323 3126 522 3200 confirmare,
539 3126 637 3186 satius
653 3125 753 3185 multo
768 3123 926 3196 duximus,
939 3140 1034 3201 quam
1052 3122 1166 3182 inferre
1180 3122 1281 3183 textui
1296 3141 1417 3196 manus,
1429 3124 1550 3185 etiamsi
1564 3143 1626 3185 uon
1640 3125 1734 3187 modo
1745 3145 1819 3188 cum

111 3222 251 3285 melioris
266 3222 462 3302 significatus
478 3222 665 3303 compendio
680 3222 799 3296 liceret,
814 3221 869 3282 sed
884 3221 977 3282 etiam
995 3225 1098 3281 tutum
1113 3225 1205 3281 esset.
1221 3221 1309 3288 Quod
1329 3222 1355 3282 si
1379 3228 1485 3282 tamen
1510 3223 1626 3284 alicubi
1650 3224 1817 3299 audemus,

111 3320 257 3400 prolecto
271 3320 339 3399 ejus
354 3321 476 3383 sincera
490 3320 551 3383 loci
566 3319 756 3389 emendatio,
768 3335 1000 3398 germanusque
1015 3317 1192 3378 intellectus
1208 3335 1262 3396 per
1278 3336 1310 3378 se
1324 3318 1391 3397 ipse
1408 3324 1515 3398 patere
1535 3320 1619 3380 visus
1642 3327 1688 3382 est
1714 3322 1817 3384 nobis.

114 3422 146 3478 et
161 3418 374 3479 communitus
389 3418 434 3479 ita
448 3424 506 3497 est,
523 3424 557 3479 ut
572 3417 705 3478 convelli
720 3417 868 3496 deinceps
882 3416 970 3477 nulle
985 3415 1015 3476 ri
1031 3415 1128 3494 possit
1142 3416 1313 3494 criticaque
1328 3434 1472 3477 censura.
1488 3421 1609 3478 Cetera
1623 3419 1681 3479 nisi
1692 3422 1816 3482 rescia·

115 3519 217 3575 maret
231 3514 312 3594 ipsa,
328 3515 529 3594 originalium
542 3533 668 3594 quoque
683 3514 834 3575 librorum
851 3533 888 3575 ea
904 3515 982 3575 fides
996 3519 1087 3586 esset,
1105 3513 1240 3592 denique
1255 3513 1375 3574 aditum
1391 3515 1575 3594 animosque
1591 3516 1739 3578 iecissent
1753 3536 1819 3579 ma-

114 3611 169 3690 gui
184 3611 320 3673 nominis
334 3612 404 3688 viri,
421 3613 566 3691 religiose
581 3612 790 3674 abstinuimus
803 3630 810 3684 ;
827 3612 974 3690 ipsasque
990 3610 1140 3684 maculas,
1158 3612 1302 3672 verendae
1317 3612 1515 3691 antiquitatis
1529 3613 1656 3684 indicia,
1673 3632 1744 3675 cum
1758 3616 1818 3677 ho-

109 3707 197 3769 noris
210 3709 407 3788 praeiatione,
425 3710 576 3771 eluendas
590 3716 776 3784 monstrare,
793 3709 872 3778 aliis,
891 3709 1050 3769 satisfuit.
1068 3711 1156 3769 Hanc
1170 3709 1311 3769 omnium
1328 3710 1480 3788 optimam
1497 3711 1578 3771 sacri
1593 3712 1710 3773 codicis
1727 3733 1818 3776 reco-

115 3806 288 3885 gnoscendi
303 3808 456 3870 rationem
474 3808 632 3883 duximus,
650 3826 750 3887 eaque
765 3807 791 3866 si
805 3806 883 3866 nihil
899 3806 996 3883 aliud,
1013 3807 1072 3866 hoe
1095 3812 1177 3869 certe
1189 3826 1352 3886 speramus
1378 3817 1601 3871 consecuturos
1621 3830 1678 3872 uos
1698 3813 1816 3886 laudis,

115 3903 201 3984 quod
217 3910 249 3967 et
263 3906 402 3968 maximo
418 3906 602 3968 Christianae
618 3905 778 3984 religionis
794 3905 987 3967 monimento
1012 3904 1105 3966 iidem
1132 3905 1337 3981 servavimus,
1361 3911 1392 3967 et
1418 3907 1670 3988 llieronymiauee
1694 3910 1820 3988 glorie,

114 4002 246 4085 ejusque
261 4003 409 4066 studiosis
424 4004 586 4066 consulere
601 4002 707 4065 conati
721 4021 839 4063 sumus.

156 4101 272 4163 Videas
287 4119 381 4180 porro
397 4119 481 4163 nunc
497 4106 603 4162 actum
620 4117 725 4179 agere,
742 4099 768 4160 si
783 4118 854 4178 quae
866 4099 904 4159 ad
920 4097 1081 4178 hujusmet
1091 4099 1370 4179 interpretationis,
1385 4107 1420 4161 ut
1430 4101 1473 4162 ita
1485 4103 1600 4178 dicam,
1611 4111 1756 4166 naturam
1769 4115 1818 4168 at·

115 4215 177 4277 que
192 4198 355 4260 historiam
371 4204 527 4277 spectant,
539 4199 578 4259 de
591 4197 818 4277 iutegrovelim
836 4197 978 4277 prolerre
993 4197 1024 4256 in
1040 4197 1179 4258 medium
1191 4202 1285 4277 atque
1301 4197 1482 4261 edisserere.
1498 4202 1692 4281 iampridem
1706 4222 1817 4266 eorum

113 4294 279 4368 desiderio,
297 4295 351 4375 qui
366 4295 434 4356 haee
449 4314 543 4357 nosce
554 4296 697 4376 cupiunt,
715 4295 934 4356 satisfecerunt
950 4313 1051 4374 neque
1065 4294 1190 4355 indocte
1206 4296 1398 4358 Benediclini
1414 4298 1560 4371 editores,
1577 4298 1626 4360 his
1640 4300 1728 4380 ipsis,
1746 4321 1817 4381 quae

115 4393 295 4474 praelationi
310 4392 383 4454 huie
399 4398 514 4454 nostrae
530 4392 1006 4474 subnectimusprolegomeuis:
1024 4399 1090 4453 tum
1107 4393 1160 4453 alii
1175 4411 1249 4455 sane
1273 4413 1425 4475 perquem
1456 4397 1569 4457 cruditi
1599 4398 1667 4471 viri,
1698 4401 1819 4460 Natalis

114 4490 305 4564 Alexander,
320 4489 485 4569 Depinius,
501 4492 698 4563 Frassenius,
718 4490 890 4566 Simonias,
909 4491 1081 4564 Catmelus,
1097 4491 1213 4570 aliique
1228 4509 1343 4570 magno
1359 4513 1490 4555 numero
1506 4495 1684 4556 criticorum
1702 4496 1770 4570 lilii,
1789 4505 1820 4559 et

117 4588 171 4668 qui
186 4587 358 4667 principem
374 4588 406 4647 in
424 4587 482 4649 hac
499 4587 682 4649 eruditionis
698 4593 787 4668 perte
803 4587 904 4648 locum
921 4588 1053 4665 obtinet,
1075 4589 1264 4649 liumlredus
1293 4590 1421 4670 Hodyus
1439 4639 1447 4671 ,
1464 4592 1544 4653 libro
1572 4593 1610 4652 de
1635 4591 1817 4655 Bibliorum

113 4683 249 4746 textibus
264 4683 494 4765 originalibus.
512 4686 551 4746 hit
576 4702 758 4764 quanquam
775 4690 846 4745 sunt
862 4685 1008 4762 qumdam
1024 4684 1054 4744 in
1071 4677 1201 4762 singuiis
1224 4687 1359 4748 maximo
1382 4688 1415 4748 in
1438 4689 1651 4767 antiquiorum
1677 4690 1814 4770 scriptis,

113 4803 185 4864 quae
201 4783 291 4844 uobis
305 4801 418 4862 parum
434 4788 489 4844 aut
504 4782 584 4843 nihil
599 4781 794 4862 probantur:
811 4781 897 4841 haud
913 4781 1013 4841 visum
1030 4788 1134 4843 tamen
1151 4788 1197 4843 est
1212 4785 1346 4861 pretium
1363 4802 1479 4863 operae,
1510 4785 1624 4864 quibus
1646 4785 1702 4847 illa
1725 4807 1819 4866 argu-

113 4881 228 4944 mentis
241 4880 428 4953 refutentur,
447 4880 498 4942 hic
512 4879 575 4942 loci
590 4897 760 4960 exponere,
777 4877 860 4960 quod
891 4878 949 4939 nisi
977 4880 1155 4941 universam
1180 4897 1216 4940 ac
1241 4881 1336 4960 vulgo
1361 4883 1545 4944 tralatitiam
1569 4884 1815 4964 disputationem

113 4979 209 5057 longa
223 4979 367 5038 oratione
382 4984 553 5039 retractare
569 4996 627 5057 pro
644 4978 687 5038 rei
703 4976 857 5055 dignitate
873 4974 1049 5051 instituam,
1066 4977 1156 5038 facile
1172 4977 1235 5037 suis
1251 4996 1384 5057 quaeque
1404 4979 1481 5040 loeis
1505 4981 1636 5042 edocere
1660 4982 1728 5061 ipsc
1752 5002 1816 5044 uon

113 5077 242 5158 possim.
259 5078 339 5136 Sunt
353 5074 446 5135 etiam
465 5074 701 5135 lucubrationes
716 5074 778 5135 itte
795 5073 941 5134 omuibus
955 5073 986 5133 in
1003 5081 1151 5153 promptu
1168 5092 1176 5133 :
1194 5094 1272 5154 quas
1287 5075 1454 5137 siinvicem
1468 5078 1651 5154 contendas,
1669 5085 1764 5157 atque
1775 5079 1817 5140 ad

113 5172 314 5253 caeterigue,
333 5190 426 5251 quam
443 5171 628 5251 nosmetipsi
644 5172 683 5233 ab
701 5171 896 5232 Alcuinianae
913 5171 1102 5232 recensionis
1117 5173 1238 5250 epocha
1258 5173 1398 5233 historiae
1426 5175 1614 5252 particulam
1640 5177 1814 5254 attigimus,

111 5273 164 5333 vix
179 5271 238 5333 erit
253 5288 309 5330 cur
323 5274 465 5329 nostram
482 5269 513 5328 in
532 5269 592 5328 boc
606 5287 734 5349 operam
753 5268 832 5328 ultra
850 5268 1018 5328 desideres.
1035 5270 1169 5330 Peccant
1184 5270 1265 5330 enim
1282 5269 1468 5348 plerumque
1485 5272 1615 5332 nimium
1634 5273 1756 5351 prolixa
1781 5275 1815 5333 in

115 5371 146 5431 S.
161 5371 366 5450 interpretem
385 5366 562 5426 voluntate:
583 5371 671 5426 utest
684 5365 773 5439 illud,
790 5365 873 5444 quod
890 5365 978 5426 aiunt
998 5365 1155 5439 nonnulli,
1180 5385 1249 5427 enm
1264 5365 1413 5426 Ecclesiae
1440 5369 1537 5429 tetius
1561 5370 1684 5429 nemine
1696 5371 1814 5432 versio-

116 5484 189 5528 nem
202 5485 289 5529 suam
306 5484 344 5527 ex
359 5465 493 5527 Hebraeo
508 5463 602 5524 luisse
617 5463 782 5540 molitum;
800 5468 854 5523 aut
869 5463 953 5543 quod
970 5462 1024 5523 alii
1039 5464 1179 5535 tradar-t,
1197 5482 1266 5523 eam
1295 5463 1390 5525 luisse
1413 5466 1452 5526 ah
1477 5467 1544 5546 ipso
1568 5470 1703 5528 Damaso
1728 5487 1813 5547 papa

115 5559 263 5626 Ecclesiae
279 5564 431 5627 universae
447 5559 711 5633 commendatam,
725 5559 851 5622 Platina
866 5560 898 5622 iu
912 5561 981 5642 eius
991 5559 1149 5642 pontilicis
1164 5562 1253 5622 Vita:
1271 5560 1402 5623 Primus
1418 5563 1595 5644 (Damasus)
1619 5563 1813 5645 Hieronymi
