3878 6150
531 238 638 293 LIBER
656 238 761 294 team
780 237 989 292 reorum.
1562 239 1616 299 842
1727 252 1736 259 ’“

82 368 100 417 t
123 376 244 419 manum
271 375 357 416 suam
373 358 429 430 (lt.
446 363 499 419 tac.
520 364 618 431 suani)
641 378 731 434 super
744 366 772 433 A
786 358 821 414 m
835 357 892 414 erit
907 357 992 429 quasi
1006 356 1127 414 damula
1143 357 1268 432 fugiam,
1283 364 1312 417 et
1326 363 1414 434 qnasi
1430 364 1493 422 ovis
1509 381 1516 421 :

82 460 97 499 a,
112 434 142 491 in
158 432 330 490 fortitudine
346 432 470 503 spiritus
484 435 528 490 ani
544 450 551 490 ε
821 435 850 486 et
866 446 922 485 son
938 430 993 485 erit
1005 429 1056 502 qui
1070 435 1239 503 congreget.

84 507 124 563 iet
138 522 205 562 eum
221 505 251 560 iu
267 510 380 576 septem
399 504 480 574 rivis,
787 501 996 574 Unusquisque
1009 503 1045 557 ad
1062 504 1204 574 populum
1225 517 1312 560 enum
1326 509 1525 578 convertetur,

82 584 194 635 inseant
209 593 261 648 per
274 592 342 631 cum
357 575 487 635 calceati.
821 579 850 629 et
863 573 972 645 singuli
988 574 1025 629 ad
1040 577 1151 629 terram
1165 590 1250 630 suam
1267 574 1389 659 ingiam

82 651 200 706 residuo
217 650 324 723 populo
340 663 416 715 meo,
426 652 478 722 qui
493 651 678 722 relinquetur
692 649 729 706 ab
783 646 896 715 Omnis,
912 645 962 717 qui
979 644 1115 701 inventus
1130 644 1230 715 luerit,
1244 648 1418 705 occidetur:

82 722 123 779 is:
819 722 849 773 et
863 717 969 786 omnis,
986 717 1035 788 qui
1056 717 1267 788 supervenerit,
1284 721 1369 776 cadet
1383 719 1414 777 in
1429 720 1540 795 gladio.

82 811 86 847 ·.
105 792 205 851 Israeli
229 792 259 849 in
284 793 331 849 die
353 810 412 867 qua
436 793 569 848 ascendit
592 793 629 849 da
653 800 729 850 terra
783 786 913 870 Infantes
928 804 1030 845 eorum
1045 787 1205 845 allidentur
1219 789 1249 845 in
1264 790 1360 850 oculis
1375 806 1502 853 eornm:

82 867 97 919 i.
818 860 996 932 diripientur
1010 860 1117 917 domus
1132 876 1245 932 eorum,

92 937 140 992 die
155 935 228 992 illa:
818 939 847 988 et
862 948 967 988 uxoren
982 949 1083 989 eorum
1099 931 1300 990 violabuntur.

782 1014 858 1071 Ecce·
869 1029 922 1087 cgo
937 1015 1089 1071 suscitabo
1100 1030 1190 1087 super
1201 1031 1252 1071 eoa
1268 1014 1378 1085 ldedos,
1391 1018 1441 1090 qni
1454 1021 1611 1092 argentam

852 1100 911 1142 nou
926 1091 1070 1158 quarunt,
1086 1101 1140 1144 nee
1155 1103 1261 1143 aurum
1278 1086 1370 1144 veiint
1386 1105 1393 1145 :

816 1157 867 1213 sed
883 1159 1000 1230 sagittis
1016 1157 1153 1230 parvulos
1167 1158 1358 1227 interficient,

815 1233 844 1284 et
858 1228 1037 1287 lactantibus
1052 1232 1127 1286 uteri
1143 1246 1201 1287 non
1218 1230 1448 1302 miserebuntur,

814 1306 844 1355 et
859 1316 948 1369 sirper
962 1301 1039 1359 lilios
1055 1319 1112 1357 nun
1149 1306 1228 1359 arcet
1242 1302 1347 1359 oculus
1362 1319 1475 1362 eorum.

780 1368 881 1455 litavit
896 1373 1025 1447 Babylon
1040 1374 1091 1430 illa
1106 1318 1234 1448 gssriosa
1249 1375 1278 1430 in
1294 1376 1404 1449 regnis,

813 1443 923 1515 inclyta
936 1446 966 1500 iu
980 1446 1117 1518 superbia
1131 1446 1343 1517 chaldaeorum,

813 1517 889 1643 siotsst
913 1518 1058 1574 subvertit
1078 1518 1222 1575 Dominus
1250 1521 1407 1577 Sodomam
1432 1525 1462 1577 et
1484 1519 1605 1579 Gomon·

849 1604 944 1644 ram.

775 1657 837 1715 Non
863 1658 1045 1716 habitabitur
1060 1676 1155 1732 usque
1170 1660 1199 1716 in
1217 1662 1318 1731 linem,
1520 1723 1523 1727 ,

735 1745 759 1809 g
810 1736 839 1786 et
861 1747 919 1787 non
944 1731 1115 1788 fundabitur
1145 1748 1240 1805 usque
1268 1734 1304 1790 ad
1329 1735 1550 1810 generationem
1573 1739 1605 1794 et

844 1805 1061 1876 generationem
1073 1820 1080 1859 :

771 1872 830 1929 Nec
846 1879 935 1946 ponet
950 1874 992 1931 ibi
1007 1875 1134 1959 tentoria
1148 1875 1262 1961 Arabs,

806 1961 862 2074 itt
876 1949 1298 2092 tttttltilttllllh
1312 2021 1425 2094 nares,

770 2088 805 2144 Et
820 2105 850 2145 re
873 2089 1013 2147 labuntur
1026 2092 1133 2146 domus
1148 2108 1250 2147 corum
1266 2093 1456 2163 draconibus,

805 2166 835 2216 et
850 2106 1026 2245 Habitabnnt
1041 2162 1081 2219 ibi
1097 2163 1290 2237 struthiones,

805 2238 834 2288 et
850 2234 934 2304 pilosi
951 2232 1101 2291 saltabunt
1117 2235 1182 2291 ibi:

139 2282 231 2338 ONUS
251 2282 464 2341 asevnorus
769 2312 804 2368 nt
819 2314 1041 2396 respondebunt
1055 2314 1094 2370 un
1110 2314 1165 2387 (aa.
1181 2319 1235 2372 nc.
1250 2315 1304 2385 tut)
1317 2314 1404 2372 uiuis
1427 2315 1457 2373 tn
1481 2316 1595 2375 aeveus

82 2406 150 2476 md
164 2406 232 2463 vidit
248 2408 334 2464 ‘⁵⁰5⁰‘
348 2408 423 2479 'mm
437 2410 527 2466 Amo*
803 2400 950 2512 stessilighoe
966 2453 996 2511 in
1012 2455 1145 2514 delubris
1160 2456 1331 2530 voluptatis.

83 2548 175 2621 Super
198 2554 327 2606 montem
348 2551 541 2625 caliginosum
565 2554 658 2613 levate
672 2556 713 2613 si·
768 2544 844 2616 (001)·
862 2545 949 2625 xiv.)
965 2543 1056 2617 Pr⁰pe
1071 2550 1116 2601 etl
1138 2550 1171 2601 ul
1184 2546 1283 2603 veniat
1296 2549 1414 2623 lempna
1429 2548 1505 2623 ejus,

82 2622 201 2677 exaltate
217 2639 328 2689 vocem,
838 2621 867 2671 et
881 2616 945 2671 dves
958 2616 1024 2687 eius
1039 2634 1095 2672 non
1112 2616 1341 2692 elongabuntur.

82 2710 164 2760 num,
180 2700 207 2748 et
224 2695 427 2765 ingrediantur
442 2701 542 2769 portas
556 2698 657 2754 duces.
766 2687 953 2770 Mlfflssl’lllll
968 2689 1046 2743 0¹¹5OE
1064 2691 1205 2746 ⁰⁰ffli¹¹¹¹⁸
1219 2692 1319 2759 ³³00b2

82 2765 101 2818 vi
117 2765 307 2822 sanctificatis
325 2768 408 2834 meis,
802 2766 831 2814 et
844 2758 933 2831 eliget
947 2759 1043 2816 adhuc
1059 2762 1094 2816 de
1110 2761 1210 2831 israel,

82 2836 171 2893 fortes
187 2854 267 2895 meos
285 2839 313 2892 in
330 2838 373 2894 im
388 2856 461 2909 mea,
802 2834 830 2886 et
844 2830 1025 2902 requiescere
1038 2848 1087 2888 eos
1104 2831 1190 2889 laciet
1204 2848 1293 2906 snper
1307 2833 1430 2891 humum
1445 2849 1531 2892 snam
1549 2850 1557 2892 a

82 2927 102 2964 :s
117 2910 146 2964 in
162 2907 254 2981 gloria
271 2925 345 2965 mea.
767 2902 952 3027 adjungetur
966 2902 1078 2960 advena
1097 2905 1132 2960 ad
1147 2920 1208 2971 eoa,

82 2980 165 3035 ‚dinis
181 2981 209 3035 in
225 2982 387 3047 montibus,
802 2979 861 3030 cta
883 2974 1004 3030 herebit
1017 2976 1118 3030 domni
1133 2975 1234 3032 Jacob.

83 3051 198 3108 ntorum
214 3054 431 3125 frequentium¹
448 3071 455 3109 :
766 3047 802 3103 lit
816 3047 957 3102 tenebunt
972 3063 1022 3103 eos
1037 3046 1148 3130 populi,

92 3140 204 3195 regum,
726 3099 747 3165 C
802 3124 830 3175 et
844 3118 992 3174 adducent
1005 3134 1057 3175 sos
1072 3136 1102 3174 vn
1117 3118 1213 3175 locum
1229 3135 1329 3176 snum.

85 3200 310 3267 ongregaturum
327 3212 334 3251 ι
763 3190 799 3246 Et
815 3190 977 3263 possidebit
994 3192 1164 3247 eosdemne
1180 3191 1268 3248 lsrael
1293 3208 1384 3265 snper
1406 3195 1516 3250 terram
1531 3197 1593 3251 Do·

82 3268 221 3324 ercitnum
233 3267 369 3340 praecepii
383 3268 493 3324 militiis
506 3269 583 3340 belli,
595 3272 710 3329 venien·
836 3262 910 3317 mini
923 3264 952 3317 ln
968 3277 1068 3318 ⁸0¹'V08
1085 3276 1113 3318 et
1128 3262 1251 3319 ancillas
1267 3279 1274 3319 :

82 3357 144 3395 erra
160 3341 270 3410 procul.
799 3338 828 3389 et
851 3342 937 3389 erunt
960 3333 1140 3406 captivantes
1165 3351 1225 3404 eos,
1246 3334 1296 3405 qui
1320 3352 1352 3392 se
1374 3335 1594 3409 captivaverant

82 3411 174 3467 ecoeli
190 3411 342 3479 Dominus,
359 3416 387 3466 ct
402 3428 472 3468 vasa
488 3414 594 3470 luroris
608 3415 681 3487 ejus,
833 3405 886 3476 (¹st
904 3406 1052 3487 ῐξῐψῑθῦῑθθ
1066 3416 1092 3463 01
1106 3409 1269 3479 ceperant),

82 3484 120 3539 lat
134 3500 250 3539 omnem
269 3492 386 3537 terram.
798 3481 827 3531 et
841 3477 999 3548 subjicient
1013 3483 1163 3535 exactores
1178 3496 1259 3536 snos.

82 3573 99 3637 a
115 3571 203 3627 prope
218 3555 341 3636 esrdies
356 3554 493 3639 Dumiui:
763 3566 798 3621 Et
812 3564 868 3620 erit
884 3564 912 3619 in
928 3563 975 3621 dis
989 3564 1040 3621 illa
1056 3584 1063 3622 :
1080 3582 1148 3622 cnm
1169 3567 1301 3650 requiem
1317 3566 1433 3626 dederit
1445 3566 1500 3625 tibi
1515 3567 1594 3627 Dens

82 3627 529 3756 iiiissiiiillitigium
797 3636 1429 3767 illinitilimittit?„ibn·

83 3787 116 3826 or
136 3770 265 3826 bominis
279 3771 476 3839 contabescet,
486 3777 515 3827 et
529 3742 707 3831 inpleretur.
799 3795 899 3838 sumes
910 3778 1081 3850 parabolam
1097 3727 1185 3837 i’sssm
1198 3787 1299 3839 contra
1311 3798 1409 3854 regem
1420 3751 1592 3853 babylonia,

82 3842 212 3899 ‚dolores
228 3844 388 3910 tenebunt3
833 3856 861 3907 et
876 3851 956 3906 dices
974 3869 981 3907 :

82 3914 196 3981 miens,
214 3914 355 3996 dolebunt
371 3931 378 3969 :
834 3922 984 3989 Quomodo
1000 3922 1126 3979 cessavit
1140 3928 1267 3994 exactor,

82 3986 144 4041 uad
161 4002 325 4057 proximum
342 4002 429 4041 suum
446 3986 587 4060 stupebit,
833 3995 944 4066 quievit
958 3993 1123 4051 tributum?

82 4058 183 4114 ibustae
197 4058 295 4114 vultus
309 4074 422 4113 eornm.
762 4066 903 4123 Contrivit
920 4065 1059 4122 [lominus
1073 4065 1211 4123 baculum
1226 4066 1398 4139 impiorum,

82 4163 164 4219 ‚mini
182 4165 269 4231 venit,
282 4164 421 4232 crudelis,
436 4173 463 4221 0,
478 4165 690 4239 indignationis
799 4139 909 4210 virgam
924 4136 1151 4206 dominantium,
1167 4139 1330 4195 cadentum
1352 4135 1477 4212 populus
1492 4134 1524 4192 in
1540 4134 1587 4192 in·

83 4241 112 4291 et
128 4236 178 4290 irae
192 4236 368 4308 furorisque,
858 4283 872 4293 ..
896 4281 901 4291 ·

82 4309 136 4363 lam
152 4312 260 4362 terram
278 4308 306 4361 in
323 4307 524 4377 solitudinem,
797 4283 1003 4351 ⁸⁰bl¹⁰¹⁸¹¹l0m
1019 4297 1048 4336 ¹1¹

84 4396 129 4434 res
144 4381 208 4448 ejus
224 4383 416 4434 conterendos
431 4380 467 4435 de
481 4397 524 4436 ea.
797 4359 825 4409 οἱ
841 4357 1064 4436 ΡῨΓΕΫἿΠΘΜΨ
1080 4355 1247 4439 θωάθψθῗ·

82 4450 132 4505 ,¹1ae
149 4451 224 4517 omli,
241 4457 270 4506 e,
284 4451 424 4522 splendor
437 4469 537 4508 earum
761 4426 944 4497 Conanevrt,
961 4430 990 4480 et
1004 4425 1088 4497 siluit
1102 4442 1199 4484 omnis
1214 4432 1303 4492 terra,

82 4525 157 4576 ,dent
172 4522 272 4577 lumen
288 4540 396 4579 guum:
722 4475 745 4540 Ῑ)
796 4497 893 4579 gavisa
908 4504 963 4562 est,
979 4501 1007 4552 et
1021 4497 1200 4554 exsultavit:

84 4602 158 4649 ⁸052
173 4594 215 4649 θοι
232 4596 260 4648 jn
278 4600 341 4648 opt„
355 4611 419 4660 guo,
757 4569 874 4625 Abietea
891 4584 1007 4650 quoque
1023 4568 1125 4626 letata
1140 4574 1212 4626 sunt
1226 4585 1316 4642 super
1332 4575 1370 4637 te,

82 4683 104 4720 »n
122 4665 288 4736 splendebit
304 4667 414 4721 lumine
427 4683 492 4722 suo.
794 4646 823 4696 θῑ
838 4641 916 4696 cedri
933 4640 1047 4696 Isthmi·

82 4753 162 4808 iuper
176 4738 255 4791 oriris
271 4737 358 4806 mala,
759 4713 800 4767 5¹
815 4729 873 4785 ‘1¹¹0
889 4712 1025 4795 d⁰¹⁴ffllflfi
1062 4783 1067 4795 ,
1156 4783 1162 4797 ,

82 4810 185 4880 impios
200 4809 385 4880 iniquitatem
402 4825 515 4870 mmm,
796 4801 853 4841 non
868 4785 1003 4841 ascendit
1017 4800 1069 4856 qni
1084 4784 1217 4840 succidat
1232 4799 1296 4841 nos.

82 4896 112 4935 rs
124 4880 231 4943 ,faciam
248 4881 414 4952 superbiam
431 4882 605 4954 infidelium,
759 4872 1262 4931 lnlernuasubtereuntnrbatuaest
1273 4871 1303 4928 in
1314 4884 1469 4928 occursum
1480 4868 1587 4926 adven·

82 4952 160 5007 itiam
178 4952 297 5007 tortium
316 4952 488 5009 humiliabo.
795 4950 843 5001 tus
857 4945 911 5014 tui,

82 5022 113 5076 *il
128 5023 171 5077 vir
185 5039 268 5087 auro,
794 5015 946 5071 instillavit
960 5013 1014 5070 libi
1029 5013 1174 5088 giganleffi

82 5094 179 5150 nunde
195 5096 311 5167 obryzo.
759 5095 867 5152 Omnes
883 5094 1030 5167 principes
1052 5101 1135 5152 terra
1157 5101 1349 5154 surrexerunt
1362 5095 1399 5153 de
1412 5092 1496 5152 soliis
1510 5089 1584 5160 suls,

82 5165 168 5221 mlum
184 5167 310 5222 turbabo
327 5182 334 5220 z
796 5181 898 5222 omnes
913 5166 1060 5238 principes
1075 5168 1241 5224 nationum.

81 5244 130 5295 tur
145 5243 222 5293 terra
235 5240 272 5293 de
287 5236 349 5292 loco
366 5255 430 5301 suo,
760 5239 790 5294 iii
807 5239 934 5295 universi
951 5240 1182 5311 respondebunt,
1198 5245 1227 5297 et
1241 5240 1339 5295 dicent
1353 5235 1407 5295 tibi
1425 5253 1432 5291 :

83 5311 251 5383 gnationem
269 5309 384 5364 Domini
401 5308 591 5365 exercituum.
760 5310 794 5366 iit
808 5316 839 5366 tn
855 5310 1027 5365 vulneratus
1042 5327 1074 5367 es
1086 5310 1163 5368 sicut
1177 5318 1206 5368 et
1221 5327 1286 5381 nos,

96 5381 172 5438 diem
186 5381 237 5437 irae
252 5381 360 5436 suroris
376 5383 450 5451 rjus.
795 5382 888 5439 nostri
904 5380 1012 5438 similis
1026 5384 1149 5439 ollactus
1164 5400 1195 5440 es
1212 5400 1219 5438 :

82 1042 244 1125 dondtebor
254 1040 319 1113 tibi,
332 1042 464 1113 Domine,
477 1042 617 1116 quoniam
633 1042 727 1100 iratus

82 1131 92 1169 t
109 1131 116 1170 :

82 1203 94 1242 s
109 1190 154 1243 est
168 1186 249 1242 inror
263 1190 344 1255 tuus,
361 1189 390 1242 et
404 1185 574 1244 consolatus
588 1202 620 1243 es
636 1203 691 1242 me.

82 1258 204 1314 salvator
219 1275 302 1315 meus
319 1275 326 1313 :

82 1347 110 1386 er
123 1346 220 1404 agam,
235 1333 264 1385 et
283 1347 341 1386 non
356 1330 472 1387 timebo.

82 1402 126 1458 ido
142 1419 217 1483 mea,
232 1408 260 1458 et
275 1402 340 1458 laus
356 1418 420 1458 mea
436 1403 577 1460 Dominus
593 1406 679 1467 Dens,

85 1481 130 1530 est
145 1474 216 1530 mibi
234 1475 263 1528 in
279 1474 414 1531 salutem.

82 1562 150 1618 quaa
166 1547 194 1601 in
205 1547 317 1672 gaudio
331 1547 366 1601 de
382 1545 514 1603 lontibus
529 1544 701 1602 salvatoris:

93 1617 190 1673 inilia
226 1618 275 1673 ie:

96 1689 230 1757 Domino,
247 1696 276 1745 et
291 1690 422 1747 invocate
439 1706 544 1746 nomen
560 1689 626 1760 ejus
642 1704 650 1744 :

82 1764 117 1818 lte
131 1761 161 1817 iu
179 1761 295 1845 populis
309 1762 530 1819 adinventiones
542 1763 618 1834 ejus,

82 1840 117 1903 te,
134 1850 273 1907 quoniam
296 1834 443 1890 excelsum
458 1841 503 1891 est
519 1850 624 1890 nomen
641 1832 716 1904 ejus.

82 1907 163 1971 nino,
178 1906 316 1990 quoniam
333 1906 488 1978 magnillce
503 1907 591 1963 lenit:

82 1995 102 2034 e
114 1977 169 2034 hoc
184 1994 213 2033 rn
231 1978 365 2034 universa
379 1984 466 2034 terra.

82 2049 180 2119 landa,
198 2050 340 2105 habitatio
355 2050 425 2106 Sion
440 2066 447 2105 :

82 2138 136 2179 nus
151 2121 181 2178 in
198 2121 293 2178 medio
308 2121 350 2178 tui
366 2128 486 2179 sanctus
502 2120 602 2178 lsrael.

832 4210 1002 4281 dignatione
1017 4208 1105 4336 plaga
1119 4210 1289 4278 insanabili,

1078 4298 1162 4339 crore
1176 4287 1291 4365 gentes,

82 5648 112 5688 ur
126 5629 255 5687 canonis
276 5630 558 5689 SanGermanensis
582 5631 709 5705 poenite
761 5650 818 5691 non
834 5632 912 5707 quod
927 5632 1090 5704 inveniunt,
1107 5634 1158 5693 sed
1175 5633 1254 5708 quod
1273 5629 1454 5705 intelligunt,
1470 5630 1501 5687 ut
1515 5623 1586 5684 alibi

82 5704 144 5787 unct
157 5703 323 5829 pessulatam
340 5702 507 5789 ludentium,
518 5721 569 5776 pro
580 5707 709 5787 trequen-
761 5705 943 5764 monuimus.
960 5705 1051 5762 hilar.

82 5790 145 5848 prus
162 5774 182 5830 tl
197 5775 328 5832 uduntnr
340 5773 463 5847 librarii,
480 5777 550 5833 dum
564 5777 708 5845 scribunt,

82 5907 173 5957 iraot.
195 5878 329 5958 xxviii.
1412 5894 1458 5955 'tt
