3870 6120
47 296 59 319 ·-
115 268 171 327 235
636 273 666 327 S.
686 269 891 325 utanouruu
911 270 1038 324 civius
1056 269 1306 325 ntentoffiucx.
1772 266 1828 327 2³6

27 424 30 429 ·
118 414 174 454 suo
192 414 198 453 :
216 396 258 453 Da
273 394 344 452 mihi
359 394 476 461 liberos,
493 391 624 464 alioquin
641 392 759 450 moriar.
773 392 826 450 cui
851 393 944 448 iratos
960 396 986 459 Α
1002 393 1160 463 antequam
1175 391 1305 448 venirem
1322 392 1411 464 [l'elp.
1423 391 1486 449 add.
1499 394 1534 449 ad
1547 394 1597 465 te],
1608 397 1636 450 et
1651 410 1730 452 nanc
1745 395 1827 456 dives

120 487 273 561 respondit
286 486 395 541 Jacob:
412 487 487 538 Num
506 499 556 554 pro
569 482 627 539 Deo
642 499 710 555 ergo
727 498 805 549 snm,
819 481 869 555 qui
884 481 945 553 pri·
1001 481 1121 538 allectus
1150 498 1180 538 es
1197 500 1204 538 ε
1220 481 1426 554 benedixitque
1442 482 1495 538 tihi
1511 483 1654 540 Dominus
1670 485 1705 541 ad
1722 485 1828 542 introi·

119 577 196 633 vavit
210 580 239 633 te
251 576 347 632 tractu
366 573 475 629 ventris
489 572 555 627 tuit
573 575 610 628 At
627 572 698 628 illa:
715 573 821 639 liabeo,
837 571 944 644 lnquit,
1000 573 1062 627 tum
1087 588 1196 628 meum.
1213 575 1331 628 lustum
1347 576 1393 628 cst
1407 571 1506 644 igitur,
1524 576 1558 629 ut
1576 572 1735 645 aliquando
1760 591 1830 647 pro·

119 664 261 722 famulam
278 663 377 719 Balam
394 678 402 718 ι
418 662 570 734 ingredere
581 662 617 718 ad
634 661 726 730 illam,
739 666 771 716 ut
785 661 880 732 pariat
895 676 944 715 eu·
998 660 1545 736 videamctiamdnmuimeoeDixitque
1557 663 1829 728 haban:0uiddnbo

6 774 9 779 ·
118 769 281 827 pergenae
296 768 360 808 mea
374 756 402 808 et
415 751 539 808 habeam
555 767 590 807 ex
605 767 639 807 ea
653 750 742 809 filies.
754 748 885 822 Dedique
899 747 943 804 illi
999 749 1075 805 tibi?
1089 752 1125 805 At
1151 749 1201 806 ille
1225 752 1266 806 ait
1281 768 1288 806 z
1313 749 1391 807 Nihil
1406 749 1473 808 volo
1490 768 1497 808 :
1524 752 1573 808 sed
1590 753 1615 809 si
1630 752 1733 809 leceris
1748 752 1829 825 quod

117 846 218 903 Belem
230 846 259 902 in
275 843 459 917 conjugium,
473 860 546 916 que,
558 842 692 916 ingresso
703 841 736 897 nd
749 840 863 910 seviro,
875 855 944 895 con·
998 837 1126 909 postulo,
1143 838 1249 895 iterum
1275 856 1403 912 pascam,
1419 844 1449 896 et
1463 840 1627 897 custodiam
1644 857 1750 912 pecora
1765 845 1828 898 tue.

118 935 206 1009 oepit,
222 939 251 992 et
267 934 379 1009 peperit
391 932 498 989 filium.
515 936 548 987 ut
563 931 637 987 dixit
651 929 759 988 Rachel
774 948 781 986 ε
798 927 944 985 iudicavit
999 928 1074 1000 (lyra
1098 944 1201 984 ornnes
1226 944 1329 1001 greges
1352 934 1430 997 tuos,
1447 933 1476 985 et
1500 946 1604 1002 separa
1619 936 1742 987 cunctas
1760 946 1831 988 ovea

119 1025 192 1084 mibi
210 1030 296 1096 Deus,
307 1027 336 1081 et
345 1023 494 1079 exaudivit
508 1037 607 1078 vocem
624 1036 731 1087 mnam,
742 1018 861 1076 etdedit
871 1017 944 1073 mihi
999 1017 1095 1073 varias
1108 1022 1137 1074 et
1152 1035 1255 1090 sparso
1269 1017 1392 1076 vellere:
1409 1023 1438 1075 et
1454 1020 1655 1092 quodeunque
1669 1018 1783 1076 fulvum
1799 1023 1832 1078 et

119 1115 239 1171 fllium:
263 1119 292 1170 et
316 1113 425 1168 ideirco
449 1110 607 1184 appellavit
631 1125 735 1165 nomen
762 1108 854 1177 illins,
870 1112 944 1164 Dan.
1000 1106 1376 1180 maculosum,variumquo
1391 1087 1828 1182 tuerit,temi1⁸anvibns,qaam

120 1206 308 1275 linteumque
328 1201 398 1258 Bala
421 1200 589 1274 concipiens
611 1200 724 1272 peperit
749 1197 872 1254 alterum
894 1211 945 1268 pro
999 1194 1029 1250 in
1045 1195 1152 1268 capris,
1169 1197 1224 1252 crit
1247 1213 1359 1254 merces
1383 1213 1458 1253 mea.
1475 1197 1737 1272 Respondebitqae
1755 1197 1830 1255 mihi

121 1310 180 1368 qao
195 1293 236 1350 ait
249 1291 356 1349 Rachel
374 1310 381 1349 ε
406 1291 593 1363 comparavit
607 1304 654 1345 me
669 1289 746 1344 Deus
762 1303 829 1343 eum
847 1301 946 1341 sorore
1000 1301 1065 1340 eras
1076 1285 1405 1358 justitiamea,quando
1421 1286 1520 1361 placiti
1536 1292 1656 1360 tempus
1677 1288 1830 1345 advenerit

120 1401 197 1451 mea,
226 1387 255 1439 et
289 1382 412 1439 invalui.
452 1380 624 1452 veneritque
660 1395 739 1435 cum.
776 1376 945 1449 Nephthali.
1000 1374 1467 1448 earamte‚etomniaquaenon
1493 1376 1829 1444 suerintvaria,etma·

121 1474 163 1546 [G.
195 1473 262 1546 LV.]
289 1472 426 1529 Sentisne
460 1470 510 1526 Lin
542 1469 618 1542 quod
659 1483 760 1540 parere
797 1466 945 1534 desiisset,
1000 1462 1536 1539 culosa,etruta[eulp.lurvel,tam
1560 1466 1590 1522 in
1614 1466 1718 1523 ovibus
1740 1483 1827 1538 qnam

103 1563 256 1634 ,Zelpham
271 1560 407 1618 ancillam
423 1577 505 1617 suam
522 1559 628 1616 marito
644 1557 777 1615 tradidit.
793 1559 856 1623 Qua
881 1557 948 1627 post
1000 1552 1029 1607 in
1046 1553 1153 1624 capris,
1171 1554 1239 1608 turti
1258 1570 1303 1610 me
1318 1560 1453 1628 arguent.
1469 1554 1606 1627 Dixitque
1622 1555 1720 1611 Lahan
1734 1573 1741 1611 :
1756 1559 1829 1613 Gra·

121 1656 294 1725 conceptum
310 1651 414 1706 edente
428 1648 534 1714 tilium,
550 1647 646 1704 dixit:
674 1645 810 1702 Feliciter
826 1661 832 1701 :
857 1649 885 1700 et
900 1644 946 1699 id·
1001 1645 1064 1696 turm
1093 1641 1186 1698 habeo
1202 1643 1277 1714 quod
1293 1643 1377 1715 petis.
1393 1644 1427 1699 ur
1443 1643 1590 1716 separavit
1603 1643 1634 1700 in
1650 1645 1698 1700 die
1711 1643 1763 1701 illo
1778 1661 1828 1701 ea·

120 1746 198 1800 circo
222 1742 336 1800 vocavit
361 1756 467 1798 nomen
495 1741 572 1811 ejas,
594 1738 666 1795 Gad.
693 1736 807 1810 Peperit
829 1748 946 1808 quoqne
1001 1748 1081 1803 pras,
1094 1735 1122 1786 ct
1144 1748 1221 1801 oves,
1239 1731 1346 1799 hircos,
1362 1736 1392 1789 et
1413 1731 1517 1789 arietes
1537 1732 1633 1789 varios
1655 1737 1743 1806 atque
1764 1749 1829 1790 ma·

119 1831 226 1905 Zelpha
242 1831 380 1888 alterum.
391 1830 527 1902 Dixitque
545 1827 608 1883 tia:
625 1827 684 1882 Iton
698 1842 750 1899 pro
767 1824 947 1882 beatitudine
1001 1819 1274 1890 cariosos,eunrtnm
1290 1826 1387 1878 autem
1404 1838 1521 1895 gregem
1538 1821 1760 1894 unicolorem,id
1772 1828 1827 1893 cst,

121 1937 205 1978 mea:
222 1921 338 1977 Beatam
354 1918 462 1992 quippe
477 1933 523 1972 me
538 1915 636 1971 dicent
651 1914 799 1970 mulieres.
815 1918 947 1985 Propter·
1000 1911 1058 1967 albi
1085 1915 1114 1967 et
1140 1911 1214 1985 nigri
1236 1911 1363 1983 velleris,
1382 1913 1506 1970 tradidit
1530 1913 1560 1969 in
1585 1930 1672 1970 manu
1697 1913 1828 1971 tiliorum

125 2027 159 2066 ea
183 2008 339 2081 appellavit
362 2023 442 2074 eum,
458 2008 535 2061 itaer.
561 2005 704 2077 Egressus
724 2006 821 2058 autern
846 2002 946 2058 liuban
1000 2017 1132 2056 suorum.
1149 2002 1183 2057 ut
1197 2002 1295 2073 posuit
1318 2002 1448 2074 spatium
1473 2002 1588 2059 itineris
1603 2002 1695 2059 trium
1712 2002 1829 2061 dieram

123 2102 255 2171 tempore
277 2097 383 2152 messis
405 2095 528 2151 triticeae
551 2094 580 2149 in
604 2108 719 2165 agrum,
734 2091 842 2164 reperit
863 2107 947 2146 man·
1001 2089 1076 2144 inter
1091 2106 1122 2145 se
1137 2094 1167 2144 et
1183 2090 1223 2159 [h.
1240 2089 1341 2162 Jacob]
1364 2106 1517 2162 generum,
1534 2091 1585 2162 qui
1605 2092 1745 2165 pascebat
1760 2092 1829 2149 reli·

125 2187 288 2260 dragorae:
314 2201 387 2257 quas
410 2183 498 2240 matri
523 2183 576 2240 tice
599 2181 713 2238 detulit.
730 2181 867 2252 Dixitque
891 2179 949 2236 lla-
1001 2195 1075 2250 quos
1090 2194 1193 2252 greges
1215 2181 1290 2251 ejus.
1307 2180 1350 2252 [T.
1367 2179 1473 2251 xxvi]
1498 2179 1616 2238 Totiens
1640 2197 1709 2255 crgo
1733 2181 1828 2239 Jacob

123 2274 204 2332 ohel:
221 2276 262 2332 Da
275 2273 347 2330 mibi
364 2277 475 2345 partem
492 2272 528 2328 de
544 2271 747 2343 mandragoris
762 2268 814 2324 filii
830 2269 884 2324 tui.
897 2267 948 2324 llla
1000 2269 1098 2338 virgas
1122 2267 1262 2341 populeas
1277 2268 1385 2326 virides
1399 2273 1428 2325 et
1442 2268 1657 2343 amygdalinas,
1673 2274 1704 2327 et
1715 2288 1751 2327 ex
1766 2270 1830 2345 pla-

123 2364 294 2436 raspondit:
312 2364 456 2419 Parumne
468 2360 520 2417 tibi
537 2360 662 2430 videtur,
673 2361 748 2431 quod
763 2357 949 2430 preripueris
1000 2356 1089 2427 tanis,
1102 2374 1136 2412 ex
1151 2363 1233 2429 parte
1248 2357 1437 2415 decorticavit
1447 2375 1496 2416 eas
1508 2375 1515 2414 ι
1526 2359 1726 2431 detractisque
1737 2360 1829 2417 eorti-

123 2453 262 2510 maritum
287 2452 373 2522 mihi,
398 2450 455 2507 nisi
480 2450 567 2506 etiam
593 2449 805 2520 mandragoras
821 2446 873 2502 uiti
889 2447 947 2502 mei
1001 2444 1131 2512 cibus,in
1144 2446 1190 2502 his
1207 2463 1270 2518 quae
1285 2446 1409 2520 spoliata
1424 2449 1540 2504 lucrant
1554 2449 1664 2505 candor
1679 2448 1829 2523 apparuit:

121 2542 248 2599 tuleris?
262 2541 312 2598 nit
326 2541 434 2597 Rachel
448 2556 455 2596 τ
473 2539 604 2596 Dormiat
614 2542 711 2594 tecum
727 2537 782 2592 hac
797 2541 880 2593 noete
895 2552 947 2609 pro
999 2536 1128 2591 illavero
1139 2553 1202 2608 qum
1213 2536 1458 2609 integratuerant,
1469 2537 1573 2594 viridia
1583 2544 1829 2611 permanserunt:

122 2630 326 2703 mandragoris
339 2629 391 2685 filii
407 2628 460 2684 tei.
473 2626 675 2698 ttedenntique
691 2628 726 2682 nd
743 2642 895 2698 vesperam
911 2624 947 2681 de
1000 2625 1124 2695 atquein
1137 2624 1217 2679 hunc
1233 2625 1353 2681 modum
1370 2626 1450 2682 color
1464 2625 1638 2684 attentasset
1649 2628 1762 2686 varius.
1774 2628 1829 2685 Pa-

121 2734 192 2792 agro
205 2718 307 2787 Jacob,
319 2733 438 2792 egressa
453 2722 499 2774 cst
512 2718 542 2772 ia
558 2733 713 2773 occursum
730 2716 794 2787 ejus
811 2715 884 2770 Lia:
906 2720 946 2785 et,
999 2713 1118 2786 suitque
1132 2730 1182 2770 eas
1197 2713 1227 2769 in
1244 2714 1407 2782 canalibus,
1424 2715 1474 2771 ubi
1503 2715 1708 2773 effundebatur
1722 2733 1802 2791 aqna
1818 2733 1827 2775 t

121 2808 165 2863 Ad
181 2823 237 2874 me,
254 2806 360 2879 inquit,
376 2806 502 2862 intrabis
518 2822 525 2861 ε
542 2804 612 2877 qnia
628 2805 762 2861 mercede
777 2802 903 2859 conduxi
918 2807 946 2858 te
1000 2808 1032 2858 ut
1047 2819 1113 2859 curn
1129 2803 1277 2860 venissent
1290 2819 1394 2875 greges
1409 2805 1443 2860 ad
1459 2804 1630 2876 bibendum,
1644 2810 1714 2862 ante
1725 2805 1829 2864 oeulos

121 2910 174 2969 pro
190 2895 394 2969 mandragoris
409 2894 461 2951 ulit
476 2894 547 2950 mei.
560 2894 704 2951 Dormivit
730 2908 796 2948 cum
812 2908 847 2947 ee
861 2896 946 2948 nocte
999 2892 1140 2947 haberent
1163 2892 1271 2964 virgas,
1285 2896 1313 2948 et
1328 2891 1358 2947 in
1374 2899 1490 2964 aspectu
1506 2909 1607 2950 aarum
1622 2894 1825 2970 conciperent.

120 2983 182 3040 illa.
194 2985 229 3040 ut
242 2982 389 3040 exaudivit
402 2983 480 3039 Deus
495 2999 595 3055 preces
611 2983 695 3054 ejus:
712 2981 902 3054 concepitque
917 2984 947 3036 et
999 2981 1183 3054 Factumque
1199 2986 1244 3038 est
1260 2982 1335 3037 utin
1352 2982 1416 3054 ipso
1433 2981 1633 3040 caloraeoitns
1648 3001 1717 3041 ovea
1732 2985 1830 3042 intua·

121 3072 234 3146 peperit
248 3072 342 3129 tilium
357 3073 506 3144 quintum,
521 3076 551 3127 et
564 3071 605 3127 ait
622 3088 628 3125 :
647 3070 730 3127 Dedit
746 3072 820 3126 Deus
835 3086 944 3126 meree·
999 3074 1103 3126 rentur
1115 3071 1224 3143 virgas,
1240 3075 1270 3126 et
1294 3075 1431 3143 parerent
1453 3072 1614 3142 maculosa,
1629 3077 1659 3129 et
1672 3073 1764 3144 veria,
1782 3073 1828 3130 di·

120 3163 188 3220 dem
217 3161 302 3229 mibi,
315 3161 385 3234 quia
408 3162 473 3217 dedi
498 3159 636 3217 ancillam
662 3176 756 3216 meam
781 3160 843 3215 viro
868 3174 943 3231 meo,
960 3140 981 3206 C
1001 3176 1083 3215 verso
1100 3159 1195 3216 colere
1212 3176 1354 3232 respersa.
1372 3159 1535 3233 Divisitque
1549 3177 1667 3234 gregem
1683 3162 1790 3231 Jacob,
1800 3167 1830 3220 et

120 3250 335 3324 appellavitque
350 3266 456 3307 nomen
471 3250 545 3321 ejus,
562 3248 697 3305 issachar
712 3249 733 3303 ¹.
751 3248 879 3304 Rursum
892 3247 943 3304 Lia
999 3249 1097 3322 posuit
1111 3248 1207 3322 virgas
1223 3249 1313 3320 [l'atp.
1329 3248 1392 3305 cdd.
1409 3249 1438 3304 in
1454 3249 1618 3322 canalibus]
1636 3257 1705 3309 ante
1723 3251 1826 3311 anulos

119 3341 299 3413 concipiens,
314 3340 428 3414 peperit
442 3344 555 3395 sextum
572 3338 677 3407 tilium,
694 3342 723 3393 et
737 3339 779 3393 ait
794 3355 801 3393 :
824 3337 944 3393 Dotavit
999 3338 1143 3407 arictum;
1159 3343 1243 3394 erant
1254 3342 1350 3393 autem
1363 3337 1430 3394 atha
1441 3355 1563 3411 quaque
1574 3344 1603 3395 et
1614 3339 1700 3413 nigra
1717 3341 1825 3412 lebam

120 3446 166 3485 me
191 3430 269 3486 Dens
292 3430 359 3485 dote
384 3429 484 3485 bona:
507 3427 595 3484 ctiam
611 3425 666 3482 hae
681 3426 742 3483 vice
758 3442 871 3482 mecum
889 3425 945 3483 crit
998 3431 1102 3483 catera
1116 3443 1193 3492 vero,
1204 3426 1305 3494 Jacob,
1318 3427 1461 3500 separatis
1477 3427 1553 3484 inter
1563 3445 1594 3485 se
1604 3428 1756 3503 gregibus.
1769 3430 1826 3502 lgi-

120 3518 245 3574 meritns
261 3534 356 3588 meus,
369 3533 403 3572 eo
425 3516 500 3589 quod
518 3516 667 3582 genuerim
683 3515 709 3570 ei
725 3532 774 3571 sex
789 3514 865 3570 titios
882 3531 889 3569 :
914 3519 944 3570 et
999 3517 1174 3589 turqnando
1190 3517 1285 3588 primo
1301 3522 1433 3588 tempore
1447 3518 1682 3575 ascendebantur
1693 3535 1826 3592 oves,po·

119 3607 228 3664 idcireo
242 3606 398 3680 appellavit
413 3621 519 3661 nomon
535 3603 755 3675 ejue‚Zsbulon.
772 3603 840 3659 Post
855 3618 943 3675 quem
999 3605 1198 3662 retractaret
1224 3606 1321 3678 virgas
1344 3605 1375 3661 in
1401 3606 1554 3664 canalibus
1583 3623 1728 3676 aquarum
1759 3613 1826 3666 ante

119 3695 466 3775 peperitdliam,nemine
476 3694 590 3750 Dinana.
603 3694 643 3764 [c.
658 3695 685 3749 t.
696 3692 755 3764 Vl.]
767 3693 944 3748 Recordatus
998 3695 1229 3751 oeulosarietum
1239 3698 1268 3750 et
1279 3695 1569 3763 ovium,utinearum
1578 3695 1827 3768 contemplatione

119 3801 236 3858 quoque
259 3789 335 3840 Deus
359 3782 504 3854 Barbatia,
518 3782 666 3838 exaudivit
689 3798 765 3848 narn,
782 3785 811 3836 et
824 3780 945 3852 aperuit
998 3785 1203 3856 conciperent:
1220 3785 1415 3855 quandovero
1427 3785 1555 3841 serotina
1567 3785 1740 3842 admissura
1754 3791 1827 3858 erat,

18 3926 21 3931 .
120 3876 236 3931 vulvam
251 3875 326 3946 ejus.
345 3875 412 3940 Qua
432 3871 565 3944 concepit
588 3874 616 3927 et
640 3871 752 3943 peperit
777 3870 881 3939 titium,
897 3870 943 3924 di·
997 3880 1026 3929 et
1041 3879 1200 3946 conceptus
1215 3879 1374 3942 extremus,
1392 3890 1450 3930 non
1466 3874 1594 3946 penebat
1608 3890 1669 3931 aas.
1678 3876 1826 3949 Factaque

118 3981 203 4022 cens:
221 3961 352 4019 Abstulit
365 3963 443 4019 Deus
458 3960 647 4034 opprobrium
660 3975 770 4015 meum.
783 3959 816 4014 ne
829 3958 942 4014 vocavit
997 3969 1066 4021 sunt
1079 3982 1124 4032 ea,
1140 3982 1204 4037 quae
1217 3969 1301 4021 erant
1315 3966 1455 4036 serotina,
1471 3966 1570 4022 haban
1588 3981 1596 4025 :
1612 3970 1642 4023 at
1655 3982 1722 4038 qua
1738 3968 1827 4041 primi

118 4071 226 4111 nomen
254 4052 337 4109 illius
363 4051 483 4124 Jnseph,
509 4049 634 4106 (ὶῑῦθῦθῑ
658 4048 755 4104 Addat
782 4048 854 4103 mibi
884 4047 940 4103 Do·
995 4053 1826 4127 ternporis,Jncoh.Ditatusqueesthomeultramndnm,

117 4145 217 4198 minus
241 4142 346 4197 Filium
370 4139 506 4196 alterum·
523 4139 596 4195 Nelo
620 4144 718 4193 aulem
733 4136 852 4209 J0⁸⁰Dh‚
868 4136 941 4191 dixit
994 4142 1248 4216 ethabnitgreges
1263 4141 1384 4212 multos,
1397 4142 1685 4215 ancillaseteerene,
1696 4144 1825 4203 camelos

113 4230 203 4285 Jacob
219 4246 318 4286 socero
334 4244 408 4285 sao:
434 4228 553 4284 Dimitte
574 4243 620 4282 rne
635 4231 667 4281 ut
681 4230 809 4283 revertar
830 4225 860 4280 in
886 4241 940 4296 pa·
994 4235 1021 4287 et
1039 4230 1148 4286 asinos.

114 4318 297 4387 triam,etad
310 4322 418 4375 terram
435 4333 541 4372 meam.
556 4317 597 4372 Da
613 4316 684 4371 mihi
699 4332 812 4383 uxores,
824 4320 853 4371 et
865 4315 937 4371 libe·
1028 4319 1070 4388 [G.
1089 4318 1168 4387 tth,
1187 4318 1252 4389 Cep.
1268 4319 1379 4392 >lxliii
1403 4325 1562 4394 Postquam
1586 4327 1686 4379 eutem
1711 4321 1827 4379 audivit

114 4404 936 4478 coemens,proquibuascrvivitibi‚utebeam;tunosti
992 4408 1081 4464 rerba
1108 4407 1235 4464 filiorum
1264 4409 1361 4466 haban
1390 4409 1554 4466 dicentium
1579 4427 1586 4466 :
1617 4410 1701 4468 Tulit
1732 4411 1824 4469 Jacob

114 4496 284 4553 servitutem
296 4513 359 4567 iqua
368 4494 471 4552 servivi
482 4494 545 4550 tibi.
559 4494 605 4549 itit
615 4495 640 4549 ei
654 4493 749 4549 haban
763 4510 769 4549 :
786 4493 934 4549 Inveniam
953 4516 975 4579 p
992 4497 1160 4570 omniaque
1172 4498 1389 4572 tuerentpatris
1401 4500 1537 4571 nostri,et
1547 4501 1583 4556 dc
1594 4500 1675 4557 illius
1686 4501 1825 4559 facultate

112 4586 239 4658 gratiam
267 4586 297 4640 in
327 4589 483 4654 conspectu
511 4588 561 4640 tuo
587 4600 594 4639 ε
620 4582 818 4655 experImento
847 4582 936 4638 didici
990 4587 1113 4656 ditatus,
1131 4588 1225 4643 tactus
1249 4591 1293 4643 est
1312 4587 1825 4663 inclytus:animadvertitquoque

113 4676 191 4747 quod
215 4674 396 4731 benedixerit
419 4673 491 4729 mibi
509 4675 583 4728 Deus
596 4677 714 4744 propter
728 4676 755 4726 te
768 4688 776 4742 ς
791 4669 937 4728 constitue
990 4676 1093 4732 taciem
1110 4677 1219 4747 Laben,
1233 4678 1309 4749 quod
1326 4694 1384 4734 non
1401 4683 1481 4735 esset
1491 4695 1562 4751 erga
1576 4695 1608 4735 se
1624 4679 1782 4737 eleutheri
1796 4686 1826 4737 et

113 4766 278 4821 mercedem
293 4770 376 4821 tuam
391 4779 479 4834 quam
492 4764 562 4818 'dem
579 4760 691 4816 unttu
705 4760 753 4816 ille
769 4761 936 4832 respondit:
990 4766 1216 4834 nudiustertius,
1256 4766 1384 4823 maxime
1421 4767 1537 4823 dicente
1574 4767 1632 4824 sibi
1670 4768 1826 4825 Domino:

113 4854 156 4910 'I'u
172 4854 249 4911 nesti
265 4853 411 4927 quomodo
427 4850 576 4909 servierim
592 4849 645 4905 tibi
659 4855 688 4905 et
702 4853 813 4920 quanta
826 4850 856 4905 in
871 4866 936 4906 mn·
989 4857 1141 4912 Revertens
1155 4855 1185 4911 in
1202 4860 1311 4912 terram
1328 4859 1446 4929 patrum
1462 4861 1594 4925 tuorum,
1605 4861 1635 4912 et
1649 4858 1684 4913 ad
1698 4873 1827 4931 genara-

111 4943 200 5001 nibus
216 4944 290 5000 meis
305 4941 393 4999 tuerit
408 4939 555 5015 possessio
570 4941 631 4995 tua.
642 4937 787 4994 ttodieum
804 4938 936 4996 habuisti
990 4943 1099 5002 tionem
1112 4950 1205 5014 tuam,
1217 4962 1326 5017 eroque
1336 4950 1446 5003 tecum.
1458 4945 1538 5004 Misit
1548 4946 1700 5004 etvoeevit
1715 4944 1827 5004 Rachel

145 5171 154 5207 ¹
171 5167 361 5239 llanuscripti
373 5165 488 5222 codices
501 5165 612 5220 isachar
622 5179 739 5235 semper
749 5162 852 5236 legunt
866 5182 932 5223 eum
987 5183 1042 5223 noe
1055 5168 1147 5239 atique
1158 5173 1188 5224 ut
1196 5169 1331 5241 plerique,
1341 5169 1434 5226 addito
1442 5169 1608 5242 pronomine
1628 5170 1703 5226 mele
1714 5172 1827 5244 tepent,

108 5241 196 5297 unico
210 5258 234 5309 s,
245 5246 274 5296 et
288 5241 317 5294 in
336 5239 455 5320 ltebraeo
468 5236 608 5291 hodierno
625 5235 748 5290 niteram
765 5239 843 5291 schin
859 5240 931 5320 otio·
986 5239 1182 5297 aestimandam
1197 5243 1234 5296 est
1249 5241 1289 5296 ita
1304 5240 1440 5313 scriptum
1454 5257 1520 5308 esse,
1537 5214 1616 5314 qnod
1638 5246 1682 5298 ost
1693 5258 1826 5315 merces,

107 5329 173 5369 sum
188 5328 254 5369 esse
266 5312 391 5377 videtur,
406 5324 474 5380 quia
490 5307 603 5363 nullam
619 5305 707 5362 habet
722 5307 848 5362 vocalem
875 5312 931 5367 sibi
986 5311 1032 5367 aed
1048 5316 1133 5366 totam
1147 5328 1247 5369 nemen
1261 5315 1469 5385 interpretator,
1482 5317 1528 5369 eet
1542 5314 1705 5372 mercealc
1721 5317 1829 5390 quippe

107 5387 228 5441 sociam.
239 5383 439 5439 Nihilominus
450 5379 556 5451 duplex
565 5395 590 5432 er
599 5379 636 5433 ab
646 5378 822 5450 Hieronymo
833 5378 931 5452 legen·
985 5381 1089 5439 dicitnr
1103 5388 1149 5439 est
1162 5392 1188 5441 et
1201 5384 1312 5441 Saebar
1326 5401 1439 5442 merces.
1457 5385 1552 5441 Mser.

108 5450 932 5532 dumdiscimus3deaodemenimlnomineitadissernnt
1021 5455 1168 5510 —Nostri
1193 5473 1264 5513 mss.
1288 5461 1458 5516 constanter
1480 5457 1594 5515 tracter
1617 5455 1736 5531 legunt.
1751 5458 1827 5519 vid.

107 5525 138 5582 in
153 5528 261 5592 Ducant.
272 5524 435 5582 Hebraicis.
445 5522 656 5595 Etpmoteqtom,
668 5526 777 5592 inquit,
787 5522 869 5593 liujus
882 5542 930 5581 ne·
984 5528 1092 5592 Qnaest.
1109 5526 1278 5586 hebraicas.

106 5594 195 5653 minis
205 5597 385 5670 Septuaginta
396 5597 561 5668 interpretes
570 5592 725 5663 ediderant,
740 5597 786 5650 est
800 5610 928 5655 merces:
