3870 6120
108 280 161 334 let
684 296 930 351 enormiora
950 296 1257 352 aaarsraucauu.
1653 278 1656 287 '
1774 299 1829 359 tea

106 408 354 480 apocryphorum
369 410 562 471 deliramenta
576 422 728 475 sectantur
743 424 752 459 ¹
766 437 774 489 3
789 425 824 475 st
844 421 944 476 iberas
959 425 984 491 Α
1000 420 1147 476 Ptolemai
1167 421 1178 457 ⁸
1202 419 1414 494 ὑπερασπιπὴς,
1440 426 1469 477 et
1490 421 1584 481 multo
1608 428 1675 495 post
1697 427 1827 497 tompore

108 500 250 553 amuras²
267 498 351 555 libris
366 501 546 560 authenticis
560 508 727 577 praeierunt.
742 509 853 566 Causas
867 526 945 565 erro·
1000 510 1182 582 iosaphat,
1199 509 1271 565 nihil
1287 509 1344 566 tale
1359 509 1531 580 retuleriut3
1556 512 1607 569 aad
1628 512 1657 569 ta
1675 530 1733 571 una
1748 514 1827 573 busi-

108 588 154 642 ris
171 604 230 643 nou
241 594 287 644 eat
297 605 398 646 meum
412 607 566 663 exponere.
577 595 672 651 iudai
684 599 821 668 prudenti
837 602 945 655 lactum
1000 599 1056 654 lica
1070 603 1273 671 congregatos,
1288 599 1447 655 contulisse
1462 600 1604 670 scribant,
1621 619 1679 659 uon
1700 604 1824 676 prophe·

108 677 218 731 dicunt
233 693 300 733 esse
315 679 451 747 consilio,
468 698 504 738 ne
525 683 701 742 Ptolomaeus
718 690 807 743 unius
821 688 873 744 Dei
888 688 947 744 cul.
1001 693 1089 744 tasse.
1107 688 1194 743 Aliud
1210 693 1255 743 est
1268 687 1346 745 euim
1360 692 1467 756 vatem,
1483 688 1564 747 aliud
1591 705 1657 747 esee
1680 691 1824 764 interpre-

109 772 168 833 tor,
183 766 274 825 etiam
291 769 369 840 apud
387 768 524 827 Hebraeos
539 773 687 846 duplicem
704 777 887 833 divinitatem
899 779 947 833 de·
1000 781 1057 833 tem
1074 778 1093 831 ⁷.
1112 776 1155 833 lbi
1171 775 1299 849 Spiritus
1313 781 1437 834 ventura
1451 778 1583 850 preadicit
1599 797 1607 837 t
1636 779 1684 837 ltin
1698 781 1825 839 eruditio

109 856 319 926 prehenderet.
336 858 420 923 Quod
442 859 691 920 maaimsidciruo
705 865 862 934 iaciebant,
876 866 946 937 quia
999 872 1029 922 et
1054 867 1205 922 verboram
1235 865 1329 938 copia,
1353 882 1387 922 ea
1414 883 1478 935 quas
1505 867 1654 940 iutelligit,
1671 871 1823 932 transfert.

108 945 137 999 in
163 945 299 1001 Plutonis
322 946 432 1019 dogma
456 950 559 1005 cadere
585 952 742 1009 videbatur
769 954 790 1009 ⁸.
815 954 946 1026 Denique
999 956 1063 1012 Nisi
1078 956 1721 1025 sorteputandussstTulliusOEcouomioum
1731 959 1825 1017 lieno·

108 1034 284 1106 ubicunque
299 1042 449 1093 sacratum
464 1038 576 1109 aliquid
591 1042 743 1114 Scriptura
768 1049 895 1101 testatur
909 1044 946 1099 de
1000 1045 1130 1117 phontis,
1144 1050 1173 1100 et
1189 1044 1319 1100 Platonis
1334 1049 1525 1117 Protagoram
1540 1045 1561 1113 ⁸,
1577 1051 1607 1101 et
1621 1046 1824 1105 Demosthenis

107 1122 193 1178 Patre
218 1130 251 1179 et
275 1124 350 1181 Filio
373 1130 403 1181 at
424 1127 534 1198 Spiritu
563 1136 674 1199 sancto,
692 1136 743 1186 aut
756 1132 840 1188 aliter
853 1133 945 1188 inter·
999 1150 1052 1205 pro
1064 1132 1263 1205 Ctesiphonta,
1279 1132 1397 1191 altlatus
1412 1134 1556 1191 rhetorico
1571 1135 1676 1206 spiritu
1690 1139 1823 1193 transtu·

107 1213 215 1284 pretati
233 1218 316 1280 sunt,
329 1218 380 1269 aut
394 1217 516 1272 omniuo
531 1222 705 1289 tacuerunt;
728 1228 758 1276 ut
776 1227 805 1277 et
821 1223 881 1293 regi
897 1238 945 1277 aa·
998 1221 1079 1279 lissa.
1095 1225 1153 1278 Aut
1174 1222 1259 1277 aliter
1273 1223 1309 1277 de
1324 1222 1433 1279 eisdem
1456 1222 1541 1279 libris
1559 1238 1612 1295 per
1631 1223 1824 1297 Septuaginta

105 1302 282 1359 tielacerent
296 1308 324 1359 et
338 1319 484 1360 arcauum
499 1306 566 1362 fidei
584 1325 641 1364 uon
658 1309 819 1380 vulgarent.
838 1312 870 1365 nt
891 1328 944 1366 ns·
998 1313 1175 1384 Interprotsa
1190 1311 1212 1379 ⁰,
1227 1311 1312 1367 alitor
1326 1327 1378 1383 per
1390 1312 1536 1383 apostolos
1558 1312 1687 1384 Spiritus
1701 1316 1824 1371 sauctus

104 1391 944 1470 scioquiaprimusauotorseptungintacsllutaa‘Alexan-
998 1401 1170 1458 teetimonia
1190 1400 1295 1471 texuit,
1310 1404 1343 1456 ut
1358 1401 1437 1473 quod
1460 1400 1504 1456 illi
1521 1404 1688 1473 tacuerunt,
1703 1400 1735 1459 hi
1749 1402 1823 1459 anrl·

105 1480 179 1535 drira
190 1482 350 1537 mendacio
361 1499 415 1539 suo
425 1486 612 1552 exstruxerit,
623 1489 732 1559 quibus
743 1490 828 1544 divisi
840 1491 942 1547 eadem
997 1495 1079 1563 ptum
1091 1506 1156 1547 ease
1167 1489 1283 1546 mentiti
1295 1490 1364 1545 sint.
1376 1490 1450 1556 Quid
1459 1489 1573 1562 igitur?
1587 1491 1824 1550 Damnamuave·

106 1570 325 1643 scriptitarent,
339 1587 407 1629 cum
424 1573 554 1631 Aristeas
570 1575 631 1647 [Al.
642 1577 793 1649 Aristeas]
810 1578 942 1647 ejusdem
997 1583 1074 1635 teres
1085 1579 1099 1634 ¹?
1115 1578 1254 1634 minime:
1273 1579 1323 1634 sed
1335 1583 1402 1651 post
1416 1579 1547 1650 priorum
1564 1580 1673 1647 studia,
1688 1581 1719 1635 in
1735 1581 1822 1639 doma

142 1700 150 1731 ¹
166 1697 415 1767 Assumptlonem
431 1699 493 1755 sive
506 1699 573 1755 Elias
588 1703 784 1775 Apocalypsin
807 1704 940 1777 spuriam
999 1704 1099 1761 nensis
1122 1703 1280 1761 multarum
1296 1703 1437 1775 originem
1453 1720 1488 1760 ex
1509 1704 1605 1763 licens
1619 1705 1779 1773 haereseon,
1793 1710 1823 1764 et

107 1766 249 1847 intelligit
265 1775 387 1840 propter
402 1769 540 1827 ultimum
557 1774 692 1845 llpistolm
709 1776 789 1831 Pauli
805 1777 1121 1855 testimo-Buraxime
1136 1776 1411 1848 Gnosticorum,qui
1447 1793 1478 1832 ar
1523 1793 1624 1832 arcum
1640 1777 1819 1850 AEgyptium,

105 1855 202 1923 urum,
220 1839 258 1894 da
275 1856 334 1911 quo
350 1842 392 1923 ita
405 1843 509 1898 scribit
530 1846 565 1900 ad
589 1848 822 1911 rammaohium
839 1848 939 1903 libris
994 1848 1156 1904 Galliarum
1168 1848 1294 1918 primum
1313 1848 1389 1904 circa
1405 1794 1705 1915 Riodanummeinde
1717 1849 1822 1921 Hispa·

106 1917 217 1979 trptrmo
232 1927 335 1977 praere
350 1919 576 1985 interpretandi:
605 1938 619 1975 s
633 1918 735 1974 Solent
749 1921 778 1974 la
795 1919 849 1974 boo
875 1919 937 1975 loco
994 1922 1110 1976 uiarum
1122 1921 1235 1975 nobiles
1246 1919 1820 1992 laminasdeceperuntnOunpostrema

105 1984 347 2055 apocryphorum
372 1986 493 2055 quidam
517 1988 709 2045 deliramenta
724 1992 837 2059 securri,
853 1996 882 2046 et
897 1991 937 2045 di·
993 2010 1027 2049 ex
1045 1995 1151 2047 lrenaso
1176 1991 1281 2063 repetit
1295 1992 1325 2046 iu
1340 1991 1464 2063 epistola
1479 1992 1517 2047 ud
1532 1992 1712 2049 Theodoram.
1728 1992 1819 2049 lbera

103 2070 178 2115 cere,
196 2056 278 2126 quod
307 2056 342 2111 dc
362 2057 536 2128 Apocalypsi
551 2060 618 2115 Elim
636 2062 838 2117 testimouium
855 2080 936 2118 sum·
992 2065 1082 2137 igitur
1095 2064 1287 2135 nania,quss
1300 2063 1514 2130 dicit,visiones
1525 2069 1595 2119 suut
1604 2064 1812 2120 Gnosticorum

104 2132 189 2197 ptum
207 2127 259 2191 sit,
272 2142 340 2181 cum
353 2130 382 2182 in
397 2129 474 2184 lsaia
483 2131 566 2200 juxta
576 2132 748 2189 Hebraicum
762 2136 801 2190 ita
813 2135 938 2205 legatur,
993 2144 1021 2191 et
1036 2134 1182 2201 Basilidis,
1195 2135 1303 2206 quibus
1319 2135 1473 2218 Hispanias
1489 2136 1642 2207 occupavit
1656 2150 1757 2191 eorum
1768 2134 1815 2191 di·

103 2204 122 2251 A
148 2198 258 2253 amento
273 2214 329 2253 raon
344 2201 503 2268 aurierant,
520 2208 574 2257 eto.
592 2207 655 2275 (lsa.
672 2223 726 2267 arv,
743 2207 780 2275 l).
798 2206 938 2277 lntelligi-
992 2208 1124 2277 scipulos
1139 2207 1424 2277 MarcusAEgyptrus.
1437 2207 1577 2263 Pariahis
1589 2207 1676 2262 habet
1687 2208 1716 2262 in
1727 2206 1814 2278 epist.

105 2270 425 2343 musuudesumptum
438 2274 704 2339 sittcetiaroniurar
716 2281 745 2333 ct
757 2288 852 2333 tamen
864 2281 938 2349 ltpo·
992 2280 1028 2337 ad
1042 2277 1194 2347 deditium,
1210 2283 1314 2349 quast.
1333 2278 1384 2335 10:
1409 2301 1423 2331 a
1440 2278 1532 2341 Multo
1547 2278 1655 2340 melius
1676 2283 1721 2334 est
1742 2278 1816 2333 sim·

105 2340 201 2395 [sulm
228 2358 288 2396 non
308 2344 428 2399 verbum
454 2346 596 2417 expressit
613 2365 628 2402 s
644 2350 750 2417 verbo;
776 2350 826 2404 sed
849 2368 938 2422 παρα·
994 2351 1109 2423 pliciter
1122 2349 1299 2420 imperitiam
1315 2348 1457 2415 confiteri,
1469 2366 1558 2432 quam
1573 2349 1710 2407 Basilidis
1725 2349 1816 2407 hare-

105 2416 266 2487 ςριπικῶς
285 2416 421 2471 eumdem
441 2433 560 2472 seusam
577 2418 640 2473 aliis
658 2422 844 2475 sermonibus
860 2422 937 2475 indi·
994 2422 1049 2478 sim
1066 2421 1229 2488 defendere,
1246 2426 1275 2477 et
1290 2420 1388 2477 lberas
1407 2438 1528 2491 uentae,
1543 2420 1735 2495 AEgyptiaque
1751 2437 1818 2493 por·

107 2486 193 2538 cavit.
228 2508 242 2531 n
279 2486 357 2539 ldem
394 2488 538 2557 intelligas
568 2494 596 2543 et
624 2491 659 2545 dc
686 2491 750 2545 aliis
783 2493 939 2564 Scriptores
993 2499 1074 2551 tenta
1098 2492 1245 2548 sectari.»
1271 2492 1578 2563 Deniqueetiuc.1u
1603 2494 1739 2550 inAmos
1763 2493 1818 2549 hoa

107 2555 301 2619 testimoniis,
314 2558 441 2613 alarimo
456 2560 491 2614 de
507 2577 540 2615 eo
555 2563 632 2632 quod
649 2579 664 2617 e
680 2563 842 2618 Proverbiis
858 2581 938 2620 sum·
1014 2565 1079 2621 lane
1094 2581 1182 2619 seusu
1200 2580 1206 2617 ε
1224 2587 1237 2613 «
1254 2568 1288 2618 Et
1304 2565 1392 2620 lberae
1407 2563 1522 2635 ineptia
1537 2565 1572 2620 da
1587 2565 1722 2620 Balsamo
1745 2564 1818 2622 Bar-

110 2634 193 2699 ptum
207 2645 225 2682 a
240 2628 356 2685 Joaune
372 2632 505 2697 retertur,
521 2633 572 2687 ubi
596 2650 717 2689 sensum
743 2635 853 2691 iudicat
874 2635 940 2693 aliis
993 2584 1118 2708 Reloque
1134 2638 1290 2693 mirantur.
1308 2658 1322 2685 »
1339 2636 1442 2691 Recole
1456 2641 1484 2691 et
1499 2652 1563 2708 que
1580 2652 1633 2691 uos
1653 2636 1693 2691 ibi
1718 2636 1820 2695 obser-

108 2702 207 2754 verbis
223 2700 253 2755 S.
271 2700 464 2770 evangelista.
482 2702 575 2759 llaur.
994 2724 1109 2765 ramus.

143 2772 389 2843 —Apocrypboa
413 2773 657 2846 libros‚quorum
683 2776 787 2832 titulus
815 2778 941 2833 Ascenslo
1031 2776 1260 2834 'GodPalatlm
1283 2775 1823 2847 ridebantur.Platonisallatum,0soi

110 2843 246 2909 lenr'oe,el
271 2844 448 2914 Apocappsis
472 2846 550 2909 Eitae,
567 2853 708 2913 notnaex
731 2850 838 2919 quibus
861 2852 940 2904 Gno·
996 2851 1082 2919 scissio
1106 2869 1136 2903 rs
1162 2847 1250 2923 ἔργον,
1280 2845 1395 2922 εὑρόντα
1423 2868 1452 2903 τε
1480 2846 1518 2909 εἷς
1549 2844 1672 2908 πολλοὺς
1701 2845 1821 2925 inpiparv

110 2913 180 2991 stici
199 2920 229 2971 el
253 2915 392 2971 Basilidis
415 2916 552 2987 discipuli
578 2922 782 2992 depromptum
798 2922 942 2993 putabant
994 2920 1134 2977 ἀδύνατον.

111 2986 193 3041 Pauli
220 2986 317 3041 locurn
334 2986 413 3049 bunc
429 2989 464 3043 ad
482 2989 610 3045 Corinth.
628 2992 705 3061 quod
722 2992 785 3065 ipse
803 2993 940 3065 tlierony·
1033 2992 1196 3051 ‘Omnium
1212 2990 1406 3049 vetustissimi
1430 2990 1479 3065 qui
1497 2988 1823 3049 labulaeabllellanistia

112 3074 177 3112 mus
203 3062 267 3112 tram
294 3058 381 3129 epist.
399 3060 444 3122 57,
465 3062 502 3115 ad
527 3062 739 3117 l’nrnnrorlvinm
765 3065 800 3117 dc
823 3063 940 3133 Optimo
996 3065 1105 3121 Judeis
1117 3066 1153 3119 ad
1165 3080 1224 3119 sue
1236 3063 1333 3133 gentis
1348 3062 1412 3133 glor
1424 3078 1471 3118 aru
1487 3062 1627 3127 confictae,
1639 3078 1739 3119 auram
1750 3078 1823 3135 prae·

112 3144 219 3201 gauere
235 3128 461 3201 interpretandi,
472 3148 539 3187 cum
555 3132 735 3190 luculentius
751 3136 780 3190 iu
796 3151 943 3191 commen·
959 3155 980 3221 C
1001 3140 1101 3193 buere.
1117 3136 1215 3191 Sancti
1233 3138 1303 3189 sunt
1322 3134 1432 3201 Patres,
1447 3133 1593 3202 lustinus,
1610 3134 1745 3199 ireneus,
1760 3133 1826 3191 Cle·

113 3203 184 3255 tario
210 3200 240 3255 in
267 3217 293 3256 c.
311 3218 375 3256 uxrv
395 3202 487 3272 lania,
503 3220 572 3259 mox
586 3205 758 3262 adducendo
773 3207 944 3264 testimonio
1001 3226 1095 3273 mens,
1119 3206 1245 3279 cyrillus
1269 3205 1483 3279 Hierosolymit.
1506 3211 1534 3261 et
1556 3205 1751 3286 Augustinus,
1775 3204 1826 3278 qui

114 3272 220 3344 prodit.
1000 3280 1151 3352 singulum
1164 3293 1312 3351 quemque
1326 3278 1516 3351 interpretem
1532 3294 1593 3341 sua
1609 3277 1756 3335 inclusum
1766 3275 1825 3334 cel·

147 3344 258 3399 ’Idem
276 3344 473 3417 llieronymus
490 3345 529 3400 ita
545 3347 711 3404 scribebat:
737 3350 768 3403 nt
784 3348 874 3405 iberas
888 3366 946 3404 nae-
1000 3352 1066 3408 lulae
1092 3350 1182 3407 luisse
1205 3353 1327 3406 narrant
1351 3365 1357 3403 :
1384 3365 1401 3404 a
1425 3349 1533 3420 quibus
1556 3348 1703 3411 abludunt
1726 3353 1826 3405 lamen

116 3414 174 3469 nius
202 3415 389 3487 AEpnptr'aque
415 3420 541 3486 portento
567 3419 680 3474 recitari
709 3420 751 3474 Ad
783 3420 945 3485 lledibiam,
1001 3424 1128 3494 alii‚qui
1153 3421 1236 3476 binos
1251 3425 1448 3476 commoratos
1463 3434 1528 3476 essa
1544 3420 1637 3489 alunt,
1652 3420 1678 3475 S.
1695 3418 1826 3493 nptpha-

118 3494 219 3556 uuest.
234 3490 281 3555 to,
296 3487 388 3543 lberam
400 3490 510 3543 nenias
525 3489 663 3560 appellari
682 3496 785 3562 putant
813 3491 946 3547 nonnulli
1002 3496 1070 3550 nius
1091 3498 1120 3549 st
1143 3492 1328 3549 lastinianus
1353 3492 1513 3564 imperator
1532 3491 1646 3549 novella
1660 3493 1722 3560 llo,
1739 3496 1828 3565 atque

119 3566 304 3627 portentosas
319 3576 423 3627 nuens,
453 3560 509 3615 uod
520 3563 596 3631 apud
613 3562 764 3629 iberos,ut
779 3568 807 3619 et
821 3564 946 3619 Thesea·
1001 3567 1061 3623 alii.

122 3634 171 3689 te.
190 3631 308 3695 magica
324 3576 467 3687 micaenis
483 3638 648 3688 narrentur.
659 3634 763 3688 Nauia
779 3635 945 3689 santelinus
1037 3638 1047 3672 ⁵
1062 3635 1183 3693 Addunt
1198 3635 1256 3691 duo
1272 3650 1342 3695 mes.
1360 3637 1392 3691 ut
1406 3638 1434 3696 et
1449 3634 1646 3691 Memmisuus
1661 3636 1737 3709 apud
1750 3633 1827 3691 Mar·

121 3700 452 3771 querimoniallentium
464 3703 702 3760 muliercularum
712 3706 948 3776 pretioadductu-
1002 3710 1153 3773 tianaeum,
1170 3706 1198 3761 id
1213 3710 1253 3761 est
1266 3710 1405 3791 protector
1418 3723 1428 3759 .·
1443 3706 1559 3783 proprie
1575 3712 1673 3762 autem
1689 3712 1734 3761 est
1746 3704 1827 3779 insp-

123 3789 181 3827 rsm
196 3773 404 3853 aparentibus
427 3775 642 3839 detunctorum,
657 3785 687 3832 ut
710 3778 826 3849 ineptas
848 3776 948 3833 laudes
1002 3779 1135 3847 ασπιστὴς
1161 3793 1291 3903 eorporis
1315 3782 1425 3842 custos,
1442 3778 1502 3832 sivo
1526 3775 1653 3846 satelles,
1670 3777 1721 3848 qui
1745 3774 1826 3829 deal-

124 3844 947 3917 morturspersolvantllicususobtinethodieapudin·
1004 3850 1067 3920 doe,
1104 3866 1155 3906 seu
1193 3848 1286 3921 cypei
1320 3850 1449 3920 objectu,
1480 3848 1567 3920 Aegis
1594 3865 1700 3920 corpus
1729 3853 1825 3921 prote-

124 3915 196 3971 colas
212 3917 363 3973 montium
379 3922 623 3991 Pyrenaeorum,c
639 3920 758 3989 quibus,
770 3922 795 3975 si
813 3920 948 3994 Dionysio
1003 3924 1099 3997 gebat.

125 3988 277 4047 credimus.
291 3988 393 4043 lberes
407 3988 506 4061 populi
523 3991 642 4060 protecti
655 3992 682 4046 in
697 3991 806 4049 Asiam.
820 3993 904 4047 sedes
918 3992 947 4045 in
1037 3998 1048 4030 ⁶
1063 3994 1154 4049 Vetus
1175 3990 1321 4064 Apologia
1336 3990 1507 4051 editionum
1524 3989 1648 4063 negandi
1672 3989 1828 4062 particula,

126 4060 213 4113 iberia
228 4064 407 4131 posuerunt.
420 4066 459 4115 nt
469 4061 523 4116 hoo
534 4061 607 4128 loco,
619 4064 647 4117 ai
661 4063 756 4131 t'allor,
769 4063 846 4117 aliud
860 4063 950 4117 voluit
1004 4071 1029 4122 ct
1050 4080 1104 4119 non
1129 4066 1213 4117 malta
1238 4072 1297 4133 post
1319 4061 1588 4134 temperassemus,
1604 4065 1659 4116 etc.
1675 4062 1764 4117 Porro
1777 4061 1829 4117 Jo-

127 4131 328 4203 llieroayrnue,
337 4132 536 4187 sabularnenta
545 4134 658 4188 scilicet
671 4134 812 4191 librarum
830 4152 949 4207 apocry·
1004 4137 1087 4209 sephi
1100 4133 1400 4189 testimoniamhabes
1412 4133 1462 4187 lib.
1474 4130 1829 4203 x11.lnliqait.o.2:lluai·

127 4202 258 4271 phorum,
272 4203 301 4257 in
315 4204 425 4275 quibus
441 4204 476 4257 da
491 4205 589 4275 Gogot
603 4206 706 4276 blagag
720 4206 813 4261 multa
829 4206 949 4261 forsitan
1006 4206 1080 4280 δριον
1107 4204 1253 4273 ἐποιήσατο
1275 4203 1301 4257 ἐν
1325 4207 1365 4274 τῷ
1389 4202 1463 4275 παρὰ
1485 4203 1535 4270 τὴν
1560 4202 1641 4271 ἠϊόνα
1668 4222 1831 4259 amaneus-

127 4278 330 4329 nsrrabantur.
344 4274 407 4345 Gog
418 4280 446 4329 et
457 4275 561 4345 Magog
576 4294 642 4331 cum
660 4278 751 4332 lberis
769 4277 823 4331 sibi
837 4278 950 4348 jarnotis
1006 4280 1097 4349 σμὲνῳ
1122 4273 1208 4346 uiso:
1236 4277 1416 4345 Conpreparit
1431 4275 1619 4347 (Demetrius)
1634 4291 1678 4333 roa
1693 4277 1828 4351 (Septem

126 4344 263 4400 adversus
288 4351 407 4401 sanctos
422 4352 451 4401 et
466 4346 609 4403 civitatem
635 4354 767 4403 sarnetum
792 4348 950 4419 pugnaturi
1006 4354 1087 4422 ginta
1102 4349 1244 4417 seniores)
1258 4351 1287 4401 in
1302 4348 1413 4407 domrun
1438 4363 1524 4418 pirae
1547 4348 1626 4403 littae
1648 4352 1829 4405 exstructam.

127 4418 345 4472 credebantura
358 4418 508 4475 Gbitiastis
524 4423 585 4474 tum
600 4420 720 4481 tantais,
735 4427 796 4474 tum
811 4420 950 4474 Christis·
1008 4426 1039 4479 lu
1053 4437 1138 4491 arram
1151 4420 1256 4480 locatur,
1266 4418 1352 4490 paulo
1362 4365 1535 4491 posttraiit.
1548 4420 1744 4493 perlectaJ’arn
1758 4419 1831 4493 legis

128 4488 178 4541 nis.
195 4488 318 4543 litorum
333 4490 502 4559 opinionem
518 4491 629 4548 vocatS
656 4492 912 4560 vestustissimos
927 4499 952 4546 et
1009 4492 1257 4561 interpretatione,
1288 4506 1482 4567 congregasse
1510 4490 1690 4547 Demetrium
1714 4490 1832 4548 tunsos

126 4558 215 4615 aniles
232 4560 359 4629 tubulas.
376 4561 431 4615 llos
443 4578 520 4625 vero,
538 4564 584 4629 erui
600 4564 787 4617 enuntiabant
802 4563 950 4617 diabolum
1007 4562 1415 4631 omues,prasentibasetlam
1426 4561 1647 4632 interpretibus.
1657 4562 1720 4617 Non
1731 4567 1830 4620 tamen

128 4646 188 4684 eom
205 4632 287 4686 ornrni
306 4632 434 4686 exercitu
450 4649 504 4688 stro
519 4633 676 4704 aliquando
691 4634 853 4689 ierusalem
870 4632 952 4689 cale·
1007 4654 1081 4695 essa.
1099 4634 1225 4689 Aristeas
1239 4650 1305 4687 oum
1320 4632 1448 4701 losspbo
1462 4632 1607 4690 convenil.

129 4712 197 4755 sem
212 4708 468 4775 oppugnaturum,
484 4704 569 4759 multo
590 4706 695 4776 pejores
719 4705 828 4761 annin
848 4707 952 4775 fingere
1043 4706 1267 4761 lconserendus
1283 4706 1312 4761 S.
1329 4706 1393 4777 ipse
1409 4705 1491 4765 l‘atcr
1508 4704 1676 4778 praelatione
1695 4704 1787 4763 altera
1801 4708 1830 4762 iu

127 4776 239 4841 asserit,
257 4774 309 4831 lib.
328 4791 354 4829 nr
378 4776 586 4833 Commentis
609 4794 633 4831 c.
648 4794 754 4833 xvxvru
783 4777 949 4835 Ezechielis.
1004 4777 1247 4849 Paralipomenon
1263 4775 1354 4832 libros
1377 4792 1411 4831 on
1436 4778 1533 4831 Gracc
1549 4792 1658 4841 versos,
1675 4778 1725 4831 ubi
1742 4779 1832 4833 sentit

127 4844 217 4901 naar.
235 4846 349 4901 -A'on
366 4846 424 4905 alia
446 4847 483 4901 dc
506 4855 692 4903 cuusavocat
718 4849 806 4905 lberas
831 4848 949 4912 naariae,
1004 4851 1036 4905 de
1064 4847 1243 4919 Septrnrpinta
1272 4846 1480 4917 lnterpretibar,
1505 4848 1576 4919 qaod
1606 4846 1713 4918 Spiritu
1736 4856 1831 4905 sancto

125 4932 212 4985 quam
228 4918 307 4982 «ruod
326 4916 366 4972 illi
383 4918 470 4975 iidem
488 4917 627 4979 heretici,
643 4919 693 4989 qui
716 4920 949 4991 apocrvphorum
1003 4920 1080 4993 pleni
1094 4937 1128 4973 ea
1144 4935 1206 4991 qur
1221 4936 1285 4974 arra
1299 4920 1422 4989 (sternat,
1440 4919 1641 4974 transtulerint.

125 4987 323 5045 ascensionis.
335 4990 417 5044 lsaire
432 4993 461 5043 el
474 4992 662 5062 Apocalypsis
678 4990 743 5045 ltlias
759 4976 952 5046 deliramenta
1040 4992 1263 5062 ll’pllrapornrn.
1280 4990 1342 5045 loco
1361 4997 1555 5057 Protagoram,
1572 4991 1697 5058 legimus
1712 4990 1740 5047 in
1758 5006 1831 5045 ruse.

125 5060 366 5126 muneralaeta
385 5061 487 5127 iberia,
499 5063 560 5117 aive
575 5062 784 5133 Hispaniarum
800 5067 828 5117 et
840 5062 951 5117 busita-
1007 5064 1164 5120 omnibus:
1182 5062 1231 5117 sed
1243 5063 1296 5117 boc
1307 5065 1483 5135 scriptorum
1501 5062 1657 5119 inolevisse
1673 5061 1832 5133 imperitia,

126 5131 179 5187 nim
195 5132 368 5201 regionibus
387 5131 438 5188 illa
457 5133 619 5201 ‚iactabant
637 5133 882 5191 tucrrlontissimn
897 5133 952 5187 boc
1007 5134 1079 5190 nulli
1099 5135 1212 5190 erudito
1229 5134 1350 5193 dubium
1368 5149 1432 5189 csse
1448 5138 1553 5205 potest,
1569 5134 1597 5187 hi
1614 5131 1691 5187 enim
1709 5131 1831 5185 aranila·

125 5202 220 5273 prodit
237 5204 268 5257 in
284 5218 311 5258 c.
321 5220 384 5257 nxrv
400 5202 491 5273 isaim,
504 5204 551 5258 ubi
564 5205 599 5258 de
609 5204 664 5260 hoc
679 5204 742 5261 loco
755 5204 836 5261 Pauli
851 5205 951 5275 dispu-
1008 5207 1098 5261 stiora
1114 5204 1249 5275 strategis
1265 5206 1334 5260 trita
1348 5204 1488 5260 vocabula
1505 5205 1637 5259 scrlbuat
1650 5218 1701 5273 pro
1717 5200 1753 5256 iis
1768 5217 1834 5272 qum

126 5282 191 5329 tans
206 5290 242 5327 en
260 5272 439 5329 authenticis
455 5274 536 5330 laniae
550 5274 636 5330 libris
651 5283 815 5347 assumpto,
835 5276 951 5339 uUnde,
1008 5278 1154 5347 ignorant.
1184 5277 1252 5333 iada
1272 5294 1299 5332 v.
1322 5294 1349 5345 g.
1376 5294 1428 5348 pro
1456 5277 1537 5334 renna.
1567 5278 1653 5329 lrolar
1682 5271 1751 5325 olim
1783 5289 1833 5344 pro

126 5346 231 5409 inruit.
249 5346 481 5417 apocryphorum
498 5346 691 5402 deliramenta
706 5347 952 5417 contineantque
1009 5348 1116 5418 Arripit,
1133 5348 1176 5402 uti
1193 5353 1291 5403 manet
1308 5348 1473 5419 Hieronym.
1491 5348 1518 5401 in
1545 5363 1609 5416 cap.
1626 5360 1635 5398 1
1650 5342 1734 5411 Osee,
1751 5348 1779 5399 et
1803 5344 1832 5399 iu

126 5434 158 5473 er
173 5418 331 5473 mensione
345 5418 435 5483 lanius
450 5419 612 5474 testimonii
629 5419 803 5489 ingeruntur
816 5418 953 5473 Ecclesiie
1010 5436 1072 5491 cap.
1087 5437 1138 5475 xru
1155 5420 1257 5475 blattb.
1274 5420 1369 5476 Mass.

126 5489 234 5543 christi
240 5528 296 5544 .....
308 5489 953 5562 AscensioenimisaimatApoualysisElira
1044 5491 1178 5546 -Faleo
1203 5492 1294 5547 nostri
1320 5492 1407 5547 stiam
1425 5487 1695 5571 mssttlrnporartr
1722 5484 1834 5570 legunt.

129 5560 184 5617 hoc
200 5560 540 5629 namatusrimonium,
556 5565 584 5617 et
603 5579 654 5632 per
670 5562 746 5619 hauc
759 5562 954 5631 occasionem,
1010 5562 1155 5621 Ciceronis
1180 5568 1277 5619 numm
1299 5563 1445 5619 versiones
1470 5559 1527 5617 rllae
1549 5572 1652 5613 omnes
1675 5560 1835 5617 intercida-

129 5630 286 5703 multaque
298 5631 682 5704 huiusmodiltispanisrum
694 5639 722 5691 et
737 5633 894 5691 Lusitanis
905 5634 955 5695 de·
1009 5640 1088 5692 runt.

129 5710 221 5776 cepta
236 5707 311 5759 suut
323 5705 536 5764 muliercula...
551 5704 711 5778 dequibus
730 5705 957 5775 diligentissima
1044 5707 1177 5786 ’vanu
1191 5705 1357 5785 inararem
1371 5700 1465 5763 nostri
1479 5716 1553 5763 mse.
1565 5700 1797 5780 sufficiantque
1807 5701 1838 5759 et

131 5774 176 5831 rir
195 5773 377 5848 apostolicus
397 5777 503 5837 scribit
526 5778 654 5834 ireneus
668 5778 824 5851 episcopus
840 5777 956 5848 Lugdu·
1008 5776 1039 5832 iu
1055 5775 1197 5849 Apologia
1212 5778 1361 5829 recitatur.
