3870 6120
811 303 900 357 itti]
912 303 1041 359 DlVle
1058 303 1305 362 etutrorffltce.
1772 301 1829 359 296

157 426 186 481 et
199 423 348 481 devoravit
359 439 410 481 eos
427 427 515 481 tarra.
957 425 1097 494 Aemula
1113 425 1271 484 multitudo
1285 427 1412 485 liliorum
1429 427 1518 485 lsrael
1532 427 1562 485 in
1593 427 1741 485 desertum
1761 428 1826 498 Sin,

123 514 185 571 Dux
202 514 283 571 luisti
294 515 324 569 in
340 512 540 570 misericordia
557 516 619 570 tua.
999 515 1075 586 quod
1089 521 1133 571 est
1161 517 1238 573 inter
1264 516 1338 574 tttim
1362 521 1391 574 et
1405 517 1505 574 Sinai:
1522 517 1756 592 quintodecimo
1777 516 1824 574 die

155 603 380 677 populquuem
409 601 567 659 redemisti.
999 604 1109 661 mensis
1124 606 1257 672 secundi,
1277 611 1434 680 postquem
1462 607 1574 680 egressi
1606 610 1678 664 aunt
1695 606 1825 663 deterre

119 695 153 748 nt
167 690 373 765 portastiseum
388 691 419 748 in
440 691 611 749 tortitudine
621 692 693 762 {tua
997 693 1163 766 AEgyptiAEt
1178 697 1370 753 murmuravit
1381 697 1479 754 omnis
1496 695 1682 770 congregatio
1692 694 1825 752 liliorum

103 792 107 807 ¹
157 782 194 837 ad
218 780 419 839 babitaculum
450 786 584 838 sanctum
613 785 708 839 tuum.
997 783 1086 839 lsrael
1106 788 1208 840 contra
1222 787 1319 841 ttosen
1336 790 1365 842 et
1379 790 1482 842 contra
1496 787 1592 842 Aaron
1603 785 1633 841 in
1650 784 1821 842 solitudine.

7 930 10 935 ,
119 871 322 927 Ascendsrunt
337 871 448 945 populi,
474 875 503 929 et
518 871 585 928 irati
611 870 764 946 sunt¹[h.
781 870 944 927 audierunt
997 870 1196 943 Dixerontqne
1216 874 1253 930 ad
1282 872 1400 931 enslilii
1436 873 1544 931 lsrael:
1568 872 1687 930 Utinam
1712 872 1822 930 mortui

153 958 265 1033 populi,
293 962 323 1016 et
336 960 498 1034 perturbati
513 961 601 1034 bunt]
616 976 623 1016 τ
996 976 1129 1017 essemus
1143 977 1195 1033 per
1209 978 1329 1018 manum
1346 961 1461 1019 Domini
1470 962 1500 1018 in
1508 967 1585 1019 terre
1593 961 1821 1035 AEgypti,quan·

152 1046 268 1106 dolores
282 1049 477 1107 obtinuerunt
491 1049 670 1106 habitatores
698 1048 887 1107 Philistbiim.
996 1049 1033 1105 do
1053 1050 1228 1107 sedebamus
1244 1066 1334 1122 super
1354 1051 1427 1108 ollae
1442 1052 1586 1120 carnium,
1602 1055 1632 1107 et
1646 1050 1822 1107 comedeba·

117 1137 201 1196 Tunc
209 1138 375 1196 conturbati
397 1144 468 1195 sunt
496 1139 645 1212 principes
659 1138 763 1207 lidum,
996 1136 1124 1212 mus[h.]
1140 1154 1245 1211 panem
1265 1140 1295 1196 in
1311 1140 1464 1198 saturitate
1475 1159 1485 1198 :
1498 1157 1550 1196 cur
1564 1138 1708 1196 eduxistis
1722 1153 1777 1194 nos
1791 1137 1821 1194 in

152 1226 291 1285 robustos
309 1226 691 1298 binabobtinuit‘isstremor:
996 1225 1144 1284 desertum
1159 1228 1249 1299 istud,
1265 1233 1297 1286 ut
1311 1229 1481 1286 occideretis
1505 1244 1621 1286 omnem
1655 1225 1822 1284 multitudi-

167 1317 361 1391 obriguerunt
375 1317 681 1390 omnesssbabitatores
702 1315 851 1374 Chanaen.
996 1331 1062 1372 nem
1079 1316 1154 1372 ieme
1169 1317 1259 1374 iDixit
1273 1321 1371 1375 autem
1393 1319 1535 1375 Dominus
1549 1318 1585 1374 od
1610 1317 1711 1374 Mosen
1725 1333 1736 1373 :
1750 1320 1822 1372 Boon

107 1408 213 1465 -lrruat
228 1404 570 1480 supereosslormidoet
594 1422 692 1481 pavor,
995 1420 1049 1478 ego
1064 1405 1165 1477 pluam
1188 1407 1271 1463 vobis
1287 1407 1342 1479 [b]
1365 1423 1469 1481 panem
1486 1409 1522 1464 de
1541 1405 1613 1464 ooelo
1629 1423 1637 1462 z
1653 1405 1822 1479 egrediatur

155 1496 184 1553 in
209 1496 412 1570 magnitudine
437 1494 575 1553 ¹brachii
604 1495 659 1552 toi.
996 1492 1133 1566 populus,
1160 1499 1188 1552 at
1203 1495 1321 1570 colligat
1336 1513 1400 1569 que
1429 1496 1582 1553 euliloiunt
1605 1510 1657 1569 per
1683 1495 1820 1568 singulos

122 1585 207 1643 Fiant
221 1584 388 1643 immobiles
403 1585 489 1658 quasi
501 1584 586 1658 lapis,
995 1582 1077 1639 dies:
1099 1587 1132 1640 ut
1145 1587 1256 1641 mntem
1273 1602 1353 1653 eum,
1369 1589 1467 1642 utrum
1479 1584 1651 1643 ambuletis
1666 1583 1730 1657 lege
1743 1598 1821 1652 mee,

154 1676 247 1732 donec
267 1677 398 1731 transeat
413 1673 540 1746 populus
555 1676 636 1745 tuus,
666 1672 797 1742 Domine,
995 1686 1032 1726 an
1048 1674 1130 1728 noni
1146 1671 1194 1728 Die
1211 1680 1310 1730 autem
1326 1679 1409 1731 sexta
1424 1678 1528 1744 parent
1545 1674 1623 1744 quod
1638 1671 1776 1740 inierant,
1790 1677 1822 1729 et

153 1764 246 1821 donec
261 1767 391 1820 transeat
404 1760 531 1835 popolus
546 1764 617 1818 tuus
641 1760 707 1832 iste,
728 1776 816 1834 quem
829 1759 940 1832 posse·
955 1789 980 1856 B
995 1758 1034 1815 sit
1048 1759 1171 1832 duplum
1183 1776 1270 1817 coum
1284 1761 1420 1835 colligere
1444 1762 1578 1819 solebant
1605 1778 1656 1835 per
1682 1760 1821 1834 singulos

161 1853 243 1910 disti.
993 1848 1067 1905 dies.
1084 1849 1282 1921 Dixeruntque
1295 1851 1391 1908 blesen
1405 1853 1434 1907 st
1453 1851 1547 1907 Aaron
1566 1850 1603 1905 ad
1622 1864 1725 1906 omnes
1740 1847 1819 1906 tilios

116 1941 286 1999 introduces
299 1956 359 2010 eos,
375 1944 403 1996 et
432 1938 578 2012 plantabis
593 1939 623 1995 in
637 1943 738 1996 monta
761 1936 940 1996 haereditatis
993 1936 1083 1993 lsrael
1101 1953 1108 1993 τ
1124 1938 1251 2010 Vespere
1285 1939 1385 1997 scietis
1413 1940 1490 2013 quod
1518 1938 1660 1996 Dominus
1684 1937 1821 1995 eduxerit

153 2035 221 2103 tue,
991 2042 1043 2083 vos
1058 2026 1094 2083 de
1117 2034 1195 2083 terra
1213 2028 1338 2101 AEgypti,
1358 2032 1387 2085 ot
1414 2044 1501 2085 mane
1519 2027 1657 2086 videbitis
1683 2027 1813 2100 gloriam

150 2120 322 2178 firmissimo
340 2118 507 2178 habitaculo
522 2123 584 2188 tuo,
595 2119 673 2191 quod
685 2123 822 2192 operatus
832 2135 874 2189 aa,
889 2123 940 2175 Do·
993 2115 1109 2172 Domini
1125 2132 1133 2172 r
1152 2117 1264 2173 audivit
1273 2118 1352 2175 enim
1363 2133 1498 2175 murmur
1509 2122 1749 2174 vestromcontra
1763 2120 1820 2174 Do·

163 2209 241 2267 mine
992 2205 1131 2263 minum:
1161 2222 1215 2262 nos
1243 2207 1397 2279 veroquid
1436 2205 1819 2279 sumus,quiemussitetia

114 2297 338 2372 sanctuarium
356 2300 432 2370 Vulp.
454 2298 517 2356 odd.
534 2298 642 2372 tuum]‚
654 2297 784 2369 Domine,
801 2297 878 2370 quod
890 2296 938 2352 iir-
991 2294 1081 2365 [Vulp.
1096 2295 1292 2368 mussitastis]
1307 2300 1408 2352 contra
1422 2312 1475 2351 noe
1487 2296 1498 2350 l
1511 2295 1592 2352 ursit
1606 2296 1719 2353 bloees:
1733 2294 1822 2352 Dabit

159 2393 311 2444 moverunt
339 2405 444 2445 manus
464 2393 532 2446 tua,
990 2383 1072 2439 vobis
1104 2386 1244 2440 Dominus
1271 2401 1392 2458 vespere
1429 2401 1531 2442 carnee
1572 2386 1706 2454 adere,et
1732 2400 1819 2441 mene

109 2496 113 2504 ¹
149 2477 290 2534 Dominus
310 2478 489 2551 regnabitin
513 2482 653 2534 aternum
683 2476 810 2534 etultra.
990 2487 1081 2544 penes
1097 2473 1126 2528 in
1143 2474 1349 2531 saturitatem?
1378 2475 1506 2547 eoquod
1530 2475 1657 2531 audierit
1678 2489 1817 2530 murmu-

115 2566 936 2639 lngreeauseetenim[b.sio]equeaPharaocomour·
990 2561 1118 2619 rationes
1148 2568 1260 2620 vestras
1293 2564 1402 2636 quibus
1431 2564 1606 2621 murmurati
1631 2563 1687 2620 esti
1713 2567 1818 2620 contre

155 2652 235 2711 ribus
249 2659 278 2711 et
292 2656 440 2727 equitibus
455 2657 520 2729 ejus
535 2656 565 2711 in
582 2671 662 2712 mare
677 2672 685 2712 t
988 2664 1068 2721 eum,
1084 2667 1138 2707 nos
1153 2653 1232 2708 enim
1261 2651 1331 2724 quid
1347 2668 1450 2708 eumue
1465 2652 1478 2708 i
1506 2668 1559 2709 neo
1573 2656 1675 2709 contra
1700 2667 1754 2707 nos
1769 2656 1819 2709 ast

39 2792 42 2797 .
151 2748 180 2799 et
199 2744 415 2818 reduxitsuper
428 2761 478 2802 eos
494 2744 635 2802 Dominus
661 2761 755 2818 aquas
778 2743 879 2801 maris.
989 2746 1279 2810 murmurvestrum,
1300 2741 1349 2796 sed
1369 2743 1471 2798 contra
1489 2740 1656 2798 Dominum.
1677 2739 1816 2812 Dixitque

110 2831 174 2888 Filii
191 2837 288 2890 sutem
298 2834 386 2892 lamet
394 2834 620 2892 ambulaverunt
629 2835 808 2908 persiccum,
824 2835 853 2889 in
870 2847 933 2890 me·
988 2827 1084 2885 Moses
1099 2829 1135 2885 ed
1152 2835 1249 2886 Aaron
1265 2847 1274 2885 :
1290 2829 1489 2886 Dicunirersae
1500 2828 1718 2902 congregationi
1733 2827 1815 2885 tilio·

148 2921 196 2979 dio
212 2923 288 2996 ejus.
988 2933 1052 2972 rum
1070 2917 1158 2975 lsrael
1175 2919 1335 2976 :Accedits
1348 2935 1445 2975 coram
1458 2918 1591 2988 Domino,
1607 2917 1719 2976 audivit
1731 2917 1813 2976 anim

111 3008 421 3085 [uxxmsumpsit
453 3028 521 3086 ergo
555 3012 812 3087 blariaprophetis
841 3010 931 3084 [Vela.
987 3013 1276 3064 murmurvestrum.
1307 3008 1439 3080 Cumque
1467 3007 1637 3081 loqueretur
1664 3008 1761 3063 Aaron
1776 3007 1814 3064 ed

112 3099 310 3173 prophetismi
321 3105 515 3171 eororliaron,
530 3108 703 3177 tympanum
714 3102 744 3158 in
761 3118 850 3158 manu
862 3116 932 3158 sue:
987 3110 1104 3152 omnem
1121 3101 1228 3153 coetnm
1240 3096 1368 3153 filiorum
1382 3095 1482 3165 isreel,
1505 3100 1695 3168 respexerunt
1716 3095 1754 3151 ad
1765 3110 1817 3151 so-

109 3203 292 3263 egresanun
325 3197 511 3250 nuntomnes
540 3192 759 3265 muliorsspost
782 3206 929 3249 eumcum
987 3181 1815 3258 titudinem,ataccegloriaDominiapparnitlnnube.

40 3320 45 3327 .
108 3279 930 3354 tympanisetchoris,quibuspraecinebat,dicens:Gan-
985 3274 1026 3344 [G.
1046 3273 1187 3349 xxviii]
1207 3276 1333 3332 Locutus
1352 3281 1509 3331 celantem
1527 3272 1813 3346 Dominus[adilo·

109 3367 357 3440 tsnnsoomtno,
390 3368 517 3443 gloriose
545 3369 623 3426 enirn
653 3370 930 3442 magnificetueest,
986 3360 1813 3430 een,dicens:Audivimurmuretioneeliliorumlsreel,

108 3470 218 3527 equum
239 3460 268 3514 et
308 3473 493 3515 ascensorem
534 3461 599 3531 ejus
642 3459 748 3530 dejecit
777 3458 806 3515 in
851 3473 931 3514 marn
986 3449 1154 3523 loqueread
1171 3469 1232 3510 eos:
1248 3453 1671 3525 Vesperecomedetiscernes,
1687 3454 1817 3509 etmene

107 3545 152 3616 [T.
170 3544 217 3616 tx,
238 3546 267 3601 B.
284 3544 328 3616 ill,
345 3547 375 3603 G.
399 3546 495 3618 XXVI]
510 3547 590 3604 Tulit
609 3552 708 3605 autam
726 3548 825 3605 Moses
840 3545 930 3603 lsrael
985 3541 1261 3615 saturationem
1279 3541 1542 3616 pane:sciestisque
1557 3541 1634 3613 quod
1649 3542 1706 3596 sim
1722 3540 1817 3614 [Vela.

108 3635 145 3690 de
160 3635 234 3691 marl
249 3636 359 3706 Rubro,
371 3641 400 3694 et
412 3637 522 3709 egressi
542 3643 611 3695 sunt
639 3638 668 3694 in
690 3638 838 3695 desertum
850 3637 930 3692 Sor:
987 3644 1041 3701 ego
1053 3632 1134 3704 sum]
1154 3633 1295 3689 Dominus
1324 3637 1400 3689 Deus
1414 3642 1521 3689 vester.
1537 3631 1658 3687 Factum
1684 3635 1732 3687 eet
1745 3645 1818 3704 erqo

107 3722 390 3798 ambulaveruntque
405 3726 675 3800 tribusdiebusper
685 3726 887 3792 solitudinem,
902 3730 931 3781 et
985 3735 1117 3792 vespere,
1140 3729 1168 3777 et
1195 3721 1358 3778 ascendens
1386 3720 1520 3778 coturnix
1547 3718 1662 3792 operuit
1689 3723 1812 3776 castrat

17 3818 20 3824 '
109 3830 167 3871 non
192 3812 381 3871 inveniebant
400 3832 517 3888 aquam.
533 3816 568 3872 ut
597 3821 738 3873 venerunt
766 3815 795 3872 in
820 3814 929 3871 ttarstb
987 3829 1074 3871 mane
1088 3827 1207 3884 quoquo
1225 3826 1274 3867 ros
1285 3810 1381 3883 jacuit
1395 3826 1446 3883 per
1460 3809 1616 3867 circuitum
1632 3812 1815 3866 nestrorum.

2 3956 4 3961 .
107 3903 930 3978 nenpoterantbibereaquasdablara‚eoquodeesant,
986 3903 1117 3974 Cumque
1132 3899 1295 3973 operuisset
1308 3899 1493 3973 superficiem
1508 3904 1601 3969 terre,
1631 3897 1772 3971 apperuit
1784 3897 1815 3953 in

107 4008 212 4049 amera
227 4011 237 4047 .·
253 3995 373 4051 undeet
396 4011 559 4067 congruum
573 3993 637 4051 loco
652 4009 758 4051 nomen
779 3993 932 4066 imposuit,
986 3992 1143 4050 solitudine
1153 3991 1314 4058 minutum,
1330 3995 1359 4047 et
1373 3990 1456 4062 quusi
1472 3989 1530 4062 pilo
1542 3988 1713 4056 tunsum‚in
1730 3988 1817 4046 eimi-

106 4098 215 4139 vocens
231 4081 304 4139 illud
320 4086 399 4141 tiene
417 4083 446 4139 id
461 4088 516 4151 est,
531 4083 770 4140 amaritudinem.
793 4083 827 4139 ut
850 4099 932 4139 mur.
986 4082 1140 4140 litudinem
1158 4081 1366 4154 pruinasupar
1376 4082 1493 4135 terram.
1505 4078 1585 4145 Quod
1595 4093 1663 4134 cum
1671 4077 1817 4135 vidissent

108 4171 234 4227 muravit
250 4170 377 4244 populus
392 4176 494 4230 contra
507 4177 616 4240 loson,
632 4174 744 4241 dicens,
759 4173 830 4245 quid
850 4173 932 4229 bibe·
988 4173 1042 4228 filii
1059 4171 1160 4237 lsrael,
1197 4169 1333 4228 dixerunt
1355 4170 1391 4225 ad
1419 4169 1556 4237 invicem,
1584 4166 1707 4225 ramni
1733 4167 1815 4240 quod

106 4276 174 4317 mus
187 4260 202 4316 ‘l
217 4263 255 4316 at
267 4259 316 4318 ille
338 4261 477 4320 clamavit
490 4263 526 4321 ad
542 4265 710 4334 Dominum,
726 4263 775 4334 qui
805 4261 933 4319 ostendit
987 4261 1134 4336 significet
1148 4277 1158 4317 .·
1172 4260 1247 4325 Quid
1263 4263 1308 4317 est
1334 4258 1417 4315 hoel
1441 4258 1617 4330 ignorabant
1641 4256 1722 4313 enim
1742 4254 1814 4330 quid

105 4347 465 4423 eilignumtquodcum
480 4350 932 4428 misissetinaquas‚indulce·
990 4350 1206 4418 sessionibus
1225 4348 1267 4406 ait
1298 4348 1493 4407 Monaesisle
1520 4351 1567 4404 est
1594 4346 1692 4418 panis,
1723 4360 1814 4419 quem

105 4438 205 4496 dinem
221 4453 309 4496 verse
327 4443 397 4497 sunt
409 4457 415 4497 :
425 4441 466 4498 ibi
481 4441 634 4499 constituit
651 4443 828 4516 eiprecepta
842 4448 930 4516 etque
988 4441 1068 4499 dedit
1083 4439 1224 4498 Dominus
1238 4438 1321 4496 vobis
1336 4439 1372 4495 ad
1387 4436 1639 4508 sesnandum.!liic
1653 4439 1815 4506 eateermo,

100 4526 227 4600 judicia,
243 4532 272 4586 et
284 4528 325 4585 ibi
342 4529 464 4587 tentavit
490 4548 569 4599 eum,
585 4531 640 4605 [b]
654 4536 683 4589 et
697 4532 789 4589 dixit:
804 4532 834 4588 Si
849 4533 933 4590 audi·
950 4505 1076 4607 unem
1097 4529 1234 4604 precepit
1261 4527 1404 4586 Dominus
1419 4526 1559 4601 :Colligat
1569 4527 1816 4599 unusquisqueax

108 4616 276 4675 arisvocem
301 4620 416 4677 Domini
432 4619 480 4677 Dei
508 4622 562 4693 tui,
587 4625 617 4678 et
643 4622 720 4694 qood
750 4625 861 4679 rectum
888 4628 935 4682 est
991 4636 1024 4678 eo
1041 4618 1328 4694 quantumsulficiat
1352 4617 1388 4674 ed
1412 4617 1611 4674 vescendum:
1635 4630 1741 4689 gomor
1762 4628 1816 4689 per

108 4722 208 4766 coram
228 4724 262 4765 eo
277 4707 391 4782 leceris,
410 4714 438 4768 et
452 4709 597 4767 obedieris
618 4710 767 4768 mandatis
785 4712 861 4784 ejus,
880 4728 935 4771 cu·
988 4707 1224 4783 siugulacapita,
1249 4708 1502 4780 Juxtanumerum
1517 4704 1685 4762 animarum
1699 4706 1817 4761 vestra·

108 4796 307 4870 stodlerisque
322 4798 422 4857 omnia
435 4805 580 4874 praecepta
595 4799 688 4873 illius,
714 4805 853 4860 nunctum
869 4800 934 4861 len·
989 4816 1055 4857 ram
1066 4817 1129 4873 quc
1158 4798 1292 4857 habitant
1305 4798 1336 4853 in
1349 4794 1548 4865 tabernaculo,
1563 4794 1606 4853 sic
1626 4791 1748 4851 tolletis.
1763 4792 1815 4850 lia·

94 4876 242 4958 'guonem
262 4903 352 4960 quem
376 4888 463 4962 posui
485 4889 515 4946 in
542 4889 677 4964 AEgypto,
708 4905 765 4948 non
794 4890 934 4949 inducam
993 4893 1155 4960 ceruntqne
1169 4888 1209 4943 ita
1224 4886 1276 4942 iiiii
1291 4885 1380 4942 lsrael
1394 4884 1629 4958 :etcollegeront
1643 4880 1721 4940 aliua
1735 4880 1817 4955 plue,

107 4991 198 5048 super
239 4979 287 5033 ts:
317 4978 473 5052 egoenim
504 4979 646 5037 Dominus
690 4984 811 5038 sanator
853 4984 934 5041 tuus.
992 4974 1438 5035 aliusmlnns.Dtmenstsunt
1457 4973 1679 5031 admensuram
1694 4984 1817 5046 gomor:

108 5064 149 5136 [C.
165 5064 288 5139 xxvii]
304 5066 455 5124 Venerunt
468 5068 603 5125 nummio
614 5067 748 5126 Dlimtilii
764 5069 864 5139 lsrael,
883 5070 935 5130 obi
994 5083 1048 5124 nec
1072 5068 1121 5136 qui
1137 5065 1204 5139 ptus
1224 5062 1392 5136 collegerat,
1405 5061 1509 5119 babuit
1527 5059 1655 5133 amplios
1669 5074 1680 5116 .·
1695 5057 1816 5133 necqnl

92 5160 191 5210 ¹eraut
220 5154 374 5213 duodecim
404 5158 498 5214 tontes
520 5173 675 5231 equarum,
689 5163 718 5215 et
746 5159 936 5232 septuaginta
994 5157 1094 5213 minus
1109 5158 1271 5226 paraverat,
1287 5154 1394 5224 reperit
1408 5151 1527 5209 minos:
1541 5150 1594 5210 sed
1606 5148 1720 5225 singuli
1729 5151 1817 5224 Juxta

108 5242 224 5317 patna,
237 5250 266 5302 et
285 5246 487 5317 castremetati
512 5250 582 5303 sunt
606 5247 691 5318 juxte
705 5263 807 5319 aquas.
992 5246 1021 5302 id
1038 5245 1116 5317 quod
1133 5244 1219 5300 edere
1234 5247 1379 5315 poterant,
1394 5244 1653 5315 congregaverunt.
1680 5238 1816 5313 Dixitque

109 5338 187 5410 [Cep.
212 5334 296 5404 xvi]
325 5333 510 5406 Proiectique
536 5338 607 5391 sunt
625 5335 660 5391 de
689 5334 774 5405 lilim,
795 5341 825 5393 et
855 5338 936 5394 venit
991 5335 1090 5392 Moses
1107 5335 1141 5389 ed
1158 5349 1209 5390 sos
1230 5347 1238 5388 z
1259 5329 1527 5404 Nullusrelinquet
1544 5345 1580 5386 ex
1602 5344 1638 5386 eo
1656 5328 1690 5385 in
1718 5344 1817 5387 mane.

145 5549 756 5621 ¹InvenitstRabenosinaliaeditione,
781 5551 935 5612 dedissunt
1024 5551 1134 5608 'Unus
1165 5549 1268 5619 Pelet,
1297 5547 1508 5622 llupnitudiner.

110 5626 212 5698 aecta,
222 5631 250 5680 et
263 5627 343 5681 irate
357 5625 433 5680 sant.
