3870 6120
109 306 147 369 ῃ
691 293 1230 363 esrnuussnsnrenuonnn
1774 311 1813 370 n

108 441 181 505 dius
195 440 227 501 in
252 436 322 518 ejus
348 436 420 498 Vita
446 437 516 512 cap.
545 432 585 494 es
612 434 721 510 aperte
748 427 979 505 dectsravit,A
994 429 1102 492 moriae
1129 432 1353 497 commendere
1380 435 1541 514 volebant,
1561 435 1705 500 lectionis
1733 443 1813 503 LXX

112 541 240 604 dicens:
262 536 388 618 Quique
410 532 561 616 prodesse
589 528 733 591 omnibus
761 528 878 608 uolens,
908 533 938 589 et
993 533 1215 612 Interpretum,
1247 534 1303 616 qui
1322 535 1419 615 jurat
1439 537 1586 618 proximo
1614 559 1682 612 suo,
1707 547 1736 600 et
1753 562 1816 601 non

22 672 24 676 ν
111 633 401 702 uolentibusmulte
428 629 583 691 librorum
611 628 717 710 legere
742 632 772 687 et
800 647 861 688 non
883 647 939 686 va·
992 629 1121 708 decipit,
1152 639 1303 713 tanquam
1332 635 1446 695 veteris
1474 654 1603 715 prorsus
1630 637 1732 712 obliti,
1760 659 1816 702 no-

113 734 262 812 lentibus,
292 751 328 791 ex
356 735 487 809 utroque
515 726 623 788 diuino
657 724 860 804 Testamento,
890 744 939 783 ve·
992 746 1063 790 vam
1078 730 1227 795 istamdn
1254 733 1341 794 tonte
1368 733 1521 796 Hebraico
1547 734 1731 811 derivatam,
1756 737 1813 805 [u.

112 841 176 897 tere
202 837 232 893 et
259 850 347 909 nouo,
374 827 539 911 premisso
561 824 761 907 prestatione,
789 827 938 904 mecepta
992 831 1044 885 rot
1058 832 1094 887 ut
1107 847 1139 887 se
1153 829 1286 910 affigat,
1316 835 1346 890 et
1366 850 1428 891 non
1455 836 1565 905 mutat,
1596 832 1710 894 animis
1724 836 1816 897 imbi-

113 929 290 993 diuinaseu
305 925 399 986 uetito
427 924 470 984 ad
492 923 563 984 nite
589 920 734 1003 regulam
743 919 938 1002 pertinentia
991 921 1117 986 bernnt.
1134 928 1239 1007 thue
1265 946 1374 989 omnes
1402 927 1499 988 libros
1526 933 1717 993 Testamenti
1734 940 1817 993 vere.

114 1025 278 1109 excerpsit,
306 1030 449 1105 atqueex
477 1020 528 1082 leis
557 1040 651 1081 unum
681 1018 816 1080 codicem
841 1017 937 1093 fecit;
992 1019 1034 1079 ris
1062 1022 1325 1100 protocanonicos
1366 1042 1428 1085 uno
1467 1024 1563 1086 verbo
1606 1027 1815 1106 comprehcn-

113 1131 148 1186 ut
177 1124 233 1206 qni
261 1121 354 1184 vellet
380 1120 509 1202 legeret,
539 1124 632 1199 atque
660 1117 693 1177 in
720 1137 754 1176 eo
784 1114 937 1196 uelqnom
992 1115 1078 1192 dam,
1095 1119 1316 1200 repudiatisex
1345 1121 1469 1201 integro
1493 1123 1702 1203 Septuaginta
1717 1129 1818 1187 Inter·

110 1221 257 1285 obediens
271 1219 352 1299 Deo,
385 1217 599 1279 inobediensve
626 1219 716 1288 esset,
740 1216 935 1293 agnosceret,
992 1217 1145 1296 pretibus,
1174 1220 1331 1282 (lenonem
1362 1220 1522 1282 Hebraicae
1550 1223 1690 1284 veritatis
1713 1243 1819 1286 snsce-

109 1327 139 1382 et
166 1320 224 1382 hoc
251 1328 327 1402 opus
355 1316 456 1378 noluit
481 1313 650 1394 Speculum
680 1311 849 1395 appellare.
877 1311 940 1372 Hu·
991 1321 1106 1393 perunt
1139 1317 1285 1379 Eccleeiae
1313 1318 1446 1392 Latine,
1490 1338 1553 1381 una
1582 1339 1652 1382 cum
1682 1322 1819 1401 Speculo

106 1419 162 1500 jus
202 1417 311 1499 Operis
353 1415 517 1477 lesionem
558 1411 785 1474 commendans
828 1414 939 1489 postea
991 1413 1092 1473 sancti
1121 1415 1288 1494 Augustini
1323 1417 1534 1496 Hipponensis
1571 1418 1721 1498 episcopi.
1762 1420 1816 1481 Ni-

111 1515 315 1579 Gassiodorus
342 1513 397 1574 lib.
434 1510 474 1573 de
515 1509 715 1572 Institutione
757 1504 937 1566 divinarum
991 1507 1036 1570 hil
1064 1510 1095 1570 in
1123 1511 1183 1573 hoc
1224 1531 1320 1593 opere
1362 1513 1468 1593 posuit
1499 1521 1626 1575 sanctus
1667 1517 1814 1589 antistes,

108 1613 285 1677 uttsrsrum
301 1629 372 1691 cap.
404 1609 452 1684 lb,
482 1607 520 1669 de
550 1624 587 1669 eo
615 1605 661 1666 ita
687 1602 864 1666 scribebat:
882 1600 936 1662 li·
991 1608 1075 1686 quod
1091 1626 1108 1669 e
1123 1627 1202 1688 pura
1217 1609 1402 1690 Hieronymi
1426 1611 1629 1673 translatione
1645 1613 1815 1689 Hebraics,

110 1712 164 1775 ber
191 1711 330 1787 eiusdem
366 1706 562 1788 (Augustini)
599 1704 692 1786 quasi
725 1700 937 1785 philosophie
991 1703 1051 1766 hoc
1066 1709 1123 1779 cst,
1141 1724 1157 1767 e
1172 1708 1299 1769 Oenone
1322 1708 1484 1770 Hebraicae
1510 1709 1650 1772 veritatis
1672 1730 1734 1773 non
1751 1730 1816 1774 ma·

109 1810 356 1891 moralis,quem
378 1815 441 1889 pro
456 1803 596 1866 moribus
621 1800 830 1863 instituendis
845 1802 1096 1881 etqueBnarit:
1140 1812 1256 1883 preter
1295 1805 1448 1867 nonnulla
1488 1807 1677 1887 scriptorum
1722 1809 1812 1882 vitia,

107 1904 310 1987 corrigendis
348 1923 385 1962 ex
421 1900 531 1961 diuino
569 1897 757 1959 auctoritate
790 1893 933 1975 collegit,
990 1915 1061 1977 quae
1078 1899 1172 1962 modo
1196 1918 1213 1962 e
1241 1907 1348 1963 nostra
1375 1903 1511 1964 Canonis
1539 1903 1676 1966 editione
1703 1923 1811 1966 emen·

108 2002 334 2088 Speculumque
374 1996 559 2075 nominauit,
607 2014 724 2077 magne
766 1993 936 2054 intentione
990 1995 1059 2058 dari
1074 2002 1205 2076 possunt
1219 1997 1251 2059 in
1281 1999 1427 2079 Speculo,
1459 2000 1505 2061 uti
1533 2006 1564 2061 et
1591 2002 1815 2063 nosnonnulla

108 2099 263 2183 legendus
278 2103 335 2160 cst.
351 2096 460 2159 'lalem
488 2094 604 2156 librum
633 2089 843 2173 philosophiae
869 2108 936 2152 mo·
989 2089 1022 2154 in
1051 2094 1177 2157 Ganone
1203 2096 1441 2159 emendavimus
1469 2097 1581 2159 moniti
1610 2098 1649 2159 ab
1679 2099 1815 2179 Speculo

108 2199 194 2273 ratis,
234 2214 328 2277 quem
372 2192 518 2256 omnibns
559 2189 745 2254 Christianis
786 2188 936 2268 prodesse
990 2192 1091 2252 sancti
1114 2194 1293 2273 Augustini.
1320 2194 1424 2257 Habes
1448 2195 1554 2275 igitur,
1576 2196 1812 2258 Christiancle-

108 2295 210 2357 voluit
237 2291 444 2374 Augustinus,
473 2289 558 2352 unde
599 2292 782 2366 excerptum
812 2286 935 2365 putas?
990 2293 1068 2363 ctor,
1099 2291 1272 2368 permultas
1309 2293 1480 2353 sententias
1517 2309 1614 2354 sacrae
1642 2294 1816 2373 Scripturae

107 2394 156 2456 lix
182 2390 403 2472 Septuaginta,
432 2405 473 2449 an
501 2404 541 2448 ex
570 2383 727 2446 Hebraico
752 2380 936 2462 Hieronymi
990 2386 1138 2448 recitatas
1174 2407 1211 2449 ex
1254 2389 1438 2470 Hieronymi
1479 2390 1685 2451 translatione
1727 2391 1813 2470 apud

106 2485 395 2570 interpretatione?
425 2485 514 2546 Certe
536 2482 616 2545 Lxx
645 2484 856 2561 Interprstnm
883 2496 934 2539 as·
989 2491 1133 2547 sanctum
1160 2488 1403 2568 Angustinnm:
1443 2488 1541 2550 babes
1567 2496 1598 2550 et
1626 2507 1707 2569 opus
1735 2490 1813 2550 inte.

108 2583 418 2667 sertorquandoqus
445 2581 505 2643 tuit
532 2579 726 2660 Augustinus
754 2576 848 2638 etiarn
879 2576 936 2638 ad·
990 2602 1081 2663 grum
1103 2585 1195 2664 juxta
1232 2587 1376 2648 eamdam
1415 2586 1709 2667 interpretationem
1739 2604 1813 2647 con·

108 2704 217 2751 sersus
257 2684 501 2762 Hieronymum.
532 2696 627 2758 quem
665 2677 797 2739 obtentu
839 2674 937 2736 eccle·
990 2681 1102 2756 ditum,
1118 2682 1149 2742 in
1167 2701 1230 2763 quo
1260 2683 1362 2764 major
1390 2703 1463 2765 pars
1490 2685 1624 2746 canonis
1650 2684 1814 2746 Hebraicee

107 2783 241 2847 siasticae
265 2783 379 2843 iuturae
409 2775 654 2860 perturbationis
683 2774 724 2836 ab
752 2772 858 2835 studio
874 2774 935 2833 lle-
989 2778 1130 2840 veritatis
1157 2787 1342 2843 conservata
1370 2788 1428 2842 est.
1456 2781 1557 2842 Atiam
1591 2780 1727 2860 deniqne
1756 2798 1815 2842 nec

109 2881 219 2946 braica
254 2874 484 2958 interpretandi
527 2873 685 2936 deterrere
726 2869 867 2933 volebat·
896 2871 937 2930 At
991 2875 1179 2938 mediocrem
1204 2878 1309 2958 capiet
1336 2878 1516 2952 utilitatem,
1548 2879 1601 2959 qni
1629 2898 1668 2940 ex
1686 2880 1815 2939 Ganonc

110 2975 376 3058 Hieronymianiae
405 2970 620 3035 translationis
652 2966 833 3049 splendore,
860 2965 935 3041 tide,
990 2973 1151 3037 Hebraicae
1181 2976 1320 3039 veritatis
1355 2995 1521 3039 numerum
1549 2995 1697 3039 versuum
1726 2995 1810 3038 men-

111 3075 276 3148 tacititsta,
292 3090 329 3134 ac
358 3069 497 3159 utilitate
523 3067 649 3130 tandem
678 3064 852 3146 perculere,
883 3080 936 3143 po·
990 3069 1067 3132 dese
1081 3072 1160 3133 adeo
1189 3091 1372 3152 expressum
1397 3073 1430 3134 in
1458 3073 1599 3152 antiquis
1622 3071 1817 3133 editionibus

112 3174 177 3236 tius
204 3191 241 3235 ex
270 3189 307 3232 ee
336 3168 474 3232 mexlmo
502 3166 715 3229 emolumento
744 3159 972 3234 ed⁰0⁰¹1dss⁸vtl
991 3167 1118 3248 Speculi
1145 3169 1275 3231 infinitis
1303 3171 1380 3232 locis
1409 3170 1573 3232 restituere
1600 3169 1748 3231 voluerit.
1779 3172 1814 3230 In

111 3289 208 3352 quam
223 3285 340 3348 magno
368 3264 518 3328 scandalo
544 3261 652 3343 plebes
679 3258 795 3323 Christi
809 3267 933 3338 pertur·
990 3284 1071 3327 nova
1099 3267 1243 3328 similiter
1270 3268 1406 3330 editione
1431 3268 1552 3330 domini
1579 3267 1678 3329 nostri
1705 3267 1815 3328 Blam-

111 3367 233 3431 bandas
260 3364 427 3428 intellexit.
457 3359 625 3442 Egregium
657 3364 828 3438 propterea
854 3373 935 3436 epus
989 3362 1042 3442 pin
1072 3364 1268 3426 dissonantes
1296 3383 1445 3428 numeros
1484 3365 1516 3426 in
1546 3383 1620 3427 mss.
1650 3364 1814 3426 codicibus

111 3464 251 3547 speculi,
281 3464 366 3543 quod
396 3459 559 3546 ,m0ffl0ria
598 3456 734 3518 mxime
761 3452 933 3515 tenendum
989 3460 1169 3540 designatos
1211 3462 1392 3543 emendare,
1423 3481 1460 3524 ac
1501 3461 1665 3542 proprium
1694 3459 1810 3522 valebit

111 3569 190 3636 erat.
219 3570 321 3627 totum
350 3564 390 3624 de
417 3579 500 3623 nors
527 3556 711 3636 Hieronymi
744 3554 934 3651 interpretu-
989 3576 1142 3637 reponere
1168 3578 1347 3636 numerum,
1377 3578 1447 3621 eum
1477 3578 1591 3640 nempe
1619 3577 1713 3638 quem
1744 3577 1814 3620 san-

111 3664 197 3728 tione
226 3668 409 3726 contextum
447 3659 567 3723 Latinis
608 3655 765 3728 Ecclesiis,
807 3654 935 3731 suisque
988 3662 1057 3718 ctus
1084 3658 1280 3736 Augustinus
1317 3657 1468 3730 delinivit,
1498 3658 1674 3718 versionem
1703 3657 1813 3716 Hiero

18 3808 21 3817 .
112 3761 287 3846 presertim
329 3757 484 3822 Africanis
512 3755 634 3818 edidit:
664 3751 743 3814 nihil
786 3749 934 3828 deinceps
989 3753 1170 3834 nymianam
1213 3774 1270 3835 per
1296 3755 1367 3817 cola
1400 3773 1436 3817 ac
1478 3761 1637 3816 commata
1679 3753 1812 3814 divisam

179 3858 356 3922 sacerdotio
382 3861 537 3929 metuens,
567 3851 690 3914 etiamsi
718 3848 864 3910 fidelibus
889 3846 936 3907 in·
989 3849 1141 3914 imitatus.
1172 3853 1323 3933 Exempla
1350 3871 1501 3916 sumanus
1529 3871 1567 3916 ex
1595 3851 1740 3926 Psalmis,
1763 3848 1816 3911 ubi

111 3963 235 4040 gereret
249 3956 349 4018 multa
363 3953 404 4017 ab
435 3953 628 4032 Hieronymo
655 3948 749 4027 longe
772 3945 864 4008 aliter
879 3961 937 4023 po·
990 3949 1126 4030 primum
1145 3951 1227 4012 notis
1251 3951 1315 4013 suis
1343 3960 1449 4012 monet
1478 3968 1535 4012 nos
1564 3949 1699 4010 domnus
1713 3949 1817 4010 Blam-

110 4055 182 4131 Ιῆᾶ,
210 4073 306 4135 quam
334 4057 403 4115 erni
430 4049 573 4114 omnium
601 4041 935 4108 benblbttembmorlae·
990 4047 1056 4126 pin,
1082 4048 1243 4126 quomodo
1272 4048 1312 4111 gd
1341 4048 1435 4109 fidem
1466 4066 1539 4110 mss,
1570 4046 1714 4108 codicum
1731 4044 1816 4106 resti·

1 4149 3 4154 ’
110 4173 173 4236 que
199 4153 422 4228 inveteratum,
453 4152 548 4212 ettot
574 4151 702 4208 etatum
728 4140 936 4205 successioni·
990 4151 1079 4206 tuere
1106 4147 1261 4207 (curaverit
1290 4162 1456 4207 numerum
1484 4161 1632 4205 versuum
1662 4143 1813 4204 mendose

13 4308 17 4315 .
111 4253 172 4317 bus
199 4253 414 4315 decantatum.
443 4249 518 4319 Quis
545 4246 687 4309 crederet
713 4241 869 4306 Psalterio
898 4259 937 4302 ex
991 4259 1173 4322 expressum
1202 4242 1234 4303 in
1263 4242 1421 4323 prioribus
1448 4239 1640 4303 editionibus
1676 4238 1816 4319 speculi.

112 4349 275 4414 Hebraicis
289 4353 445 4430 prognato
474 4347 577 4408 locum
605 4343 638 4406 in
666 4339 836 4421 Augustini
863 4341 937 4416 Spe·
990 4339 1221 4402 columnaeet
1249 4340 1345 4420 hujus
1372 4339 1492 4419 Operis,
1523 4337 1566 4399 sic
1595 4335 1818 4416 tegimusscri·

113 4447 450 4524 cnloconcedendum,
480 4449 512 4506 et
530 4442 613 4505 senis
640 4439 782 4519 lingnam
811 4437 937 4499 ibiesse
991 4445 1105 4518 ptum:
1125 4440 1189 4500 «ln
1218 4439 1340 4518 psalmo
1368 4454 1453 4510 xxv1,
1485 4453 1567 4499 vers.
1584 4438 1624 4496 1:
1654 4434 1724 4495 Lux
1752 4454 1819 4494 mee

113 4546 426 4609 mutandamiNam
454 4540 553 4604 veteri
579 4538 779 4602 Psalmorum
804 4533 936 4596 editioni
951 4527 977 4595 D
993 4534 1163 4614 Dominus,
1192 4541 1222 4596 et
1248 4536 1389 4597 solutore
1416 4553 1527 4613 meum,
1557 4552 1646 4614 quem
1674 4529 1822 4592 timebo?

115 4650 213 4727 utque
239 4645 318 4707 adeo
347 4639 555 4706 modulationi
584 4641 716 4702 assuete>
751 4633 942 4696 Christiano·
994 4631 1153 4694 Dominus
1171 4631 1337 4711 fortitudo
1370 4631 1439 4691 uites
1475 4647 1557 4707 meae,
1588 4647 1676 4708 quem
1700 4625 1820 4704 sormi-

12 4770 15 4775 ’
113 4760 302 4817 rnmaures,
333 4742 551 4819 universeque
576 4736 760 4799 Latinorum
781 4729 938 4804 enclesis,
995 4728 1106 4791 dabo?
1132 4731 1172 4791 et
1199 4736 1270 4811 post
1297 4733 1435 4809 quatuor
1462 4745 1582 4797 versus,
1612 4724 1650 4784 Si
1676 4723 1825 4785 steterint

114 4839 286 4904 novitatem
303 4839 434 4903 alterins
461 4837 663 4908 sustinentes,
693 4830 834 4909 lingnam
862 4844 941 4906 qno·
994 4828 1159 4889 aduersum
1174 4833 1339 4889 mecastro
1364 4825 1457 4907 (ibid.
1486 4825 1531 4905 3),
1550 4828 1610 4886 etc.
1629 4822 1824 4895 ;«1nn0tie

114 4937 286 5000 dammodo
315 4943 455 4999 mutasse
481 4933 640 4996 videntur.
668 4931 717 4991 lta
744 4926 866 5006 psalmo
893 4942 940 4987 se·
994 4932 1112 4996 sutem,
1131 4925 1276 5000 litterae,
1307 4922 1510 5003 optimehrec
1536 4920 1706 4982 observata
1722 4925 1820 4979 sunt:

114 5033 218 5097 eundo
245 5052 326 5097 vers.
357 5035 395 5094 23
423 5037 453 5093 et
490 5031 543 5102 il,
570 5027 604 5088 in
638 5024 774 5104 Vulgata
802 5020 940 5084 editione
996 5048 1012 5081 n
1028 5027 1064 5085 In
1078 5024 1166 5104 prins
1182 5023 1284 5095 editis,
1301 5021 1344 5082 Et
1359 5025 1436 5103 post
1450 5018 1563 5080 tertius
1583 5035 1703 5077 uersus.
1722 5019 1825 5096 Repo·

53 5197 57 5205 .
113 5149 195 5195 vere·
225 5133 275 5207 li,
303 5150 362 5212 pro
390 5124 622 5212 Apprelsendite
649 5120 865 5203 disciplinam,
891 5137 940 5177 ne·
994 5121 1099 5183 nimus
1127 5140 1163 5182 ex
1194 5138 1279 5194 mss,
1311 5121 1355 5179 Et
1373 5121 1449 5199 post
1476 5119 1622 5197 quatuor.
1642 5135 1656 5171 n
1675 5112 1823 5174 Restituit

112 5229 239 5312 quando
255 5229 414 5291 irascatur
442 5224 613 5302 Dominus,
644 5217 822 5302 etpercatis
836 5215 875 5278 de
889 5215 940 5276 oie
994 5218 1091 5299 igitur
1106 5236 1189 5280 nova
1213 5216 1308 5279 editio
1335 5213 1461 5295 Specnli
1485 5211 1627 5274 ordinem
1654 5228 1690 5272 ac
1714 5227 1826 5271 nume-

111 5325 430 5408 7uste;legebautin
454 5321 591 5404 Speculo
615 5316 762 5380 Ecclesiae
783 5314 939 5376 Airicanse
994 5326 1065 5370 rum
1098 5326 1259 5382 versuum,
1301 5310 1396 5387 prout
1431 5301 1619 5382 legebantur
1661 5299 1748 5380 epud
1778 5319 1830 5362 vc·

113 5425 278 5488 etLatinae
301 5425 417 5504 linguae
446 5421 605 5492 homines,
633 5415 773 5476 Adorote
796 5422 885 5496 pure,
903 5431 940 5472 ne
996 5412 1088 5478 teres,
1119 5406 1173 5467 sed
1212 5403 1372 5466 nonnullae
1402 5400 1590 5481 scriptorum
1621 5397 1744 5459 mendae
1776 5416 1827 5459 ca-

112 5527 194 5590 rorte
209 5524 377 5603 irascatur,
394 5525 423 5583 et
442 5517 585 5603 percotis
613 5515 652 5576 de
665 5513 727 5574 cio.
757 5510 939 5573 Parimodo
994 5503 1149 5583 stigandee
1179 5504 1309 5564 veniunt
1350 5501 1382 5563 in
1420 5497 1567 5579 Speculo,
1611 5501 1646 5557 ut
1688 5513 1831 5574 sequens

36 5626 42 5633 ”
113 5618 169 5700 qul
196 5627 355 5704 precepta
382 5618 490 5683 divine
520 5634 559 5678 ex
584 5612 709 5696 psalmo
737 5627 798 5685 xlv,
828 5611 858 5690 l,
875 5625 940 5672 mc·
995 5599 1135 5663 Canonis
1153 5598 1253 5660 nostri
1282 5602 1448 5661 contextus
1477 5591 1642 5655 manifeste
1669 5591 1829 5655 declarat.
