3870 6120
138 170 210 230 ¹35³
765 183 1215 247 cauctonucnunoounu.
1770 205 1843 266 ω

174 298 205 354 in
219 296 314 354 vineis
327 297 471 372 Engaddi.
521 372 527 385 ι
974 311 1003 380 A
1051 324 1104 381 per
1117 326 1239 384 capreas
1254 329 1415 390 cervosque
1429 335 1614 397 camporum,

135 369 210 427 lices
225 373 256 426 tu
273 368 397 442 pulchra
411 387 454 441 ea,
470 389 565 432 amice
578 391 653 449 mee,
1052 398 1087 438 ne
1103 382 1262 455 suscitetis,
1272 402 1367 460 neque
1381 389 1521 466 evigilare
1534 395 1650 457 iacietis
1662 399 1800 461 dilectam

171 455 237 498 once
252 445 284 498 tu
297 440 426 523 pulchra
441 461 485 515 ee,
1050 453 1143 510 donec
1158 454 1224 528 ipsa
1238 458 1317 516 uelit.
1805 447 1813 476 ’

170 510 304 569 oculitur
319 511 537 574 columbarum.
1014 523 1083 589 oua
1098 530 1142 582 est
1155 526 1223 596 ista,
1239 545 1303 601 qua
1318 534 1451 590 ascendit
1465 551 1517 608 per
1532 538 1694 610 desertum,

133 587 209 642 Bone
223 590 255 640 tu
271 583 393 657 pulcher
406 602 448 654 es,
464 589 570 645 dilecte
585 587 637 656 mi,
652 593 682 647 et
702 591 834 651 decorus.
1049 595 1128 654 sicut
1150 598 1264 671 virgula
1287 602 1360 658 lumi
1385 620 1420 661 ex
1443 610 1623 672 aromatibus
1653 615 1779 689 myrrhae
1810 621 1840 678 et

134 655 273 713 nacturus
288 663 388 714 noster
402 657 525 717 doridue
541 675 548 715 :
1084 667 1191 725 thuris.
1782 656 1790 689 ’

131 728 164 784 Ti
187 744 226 784 na
239 728 396 786 domorum
413 736 582 789 nostrarum
599 731 731 804 cedrina,
1048 742 1077 793 et
1093 739 1218 797 universi
1257 741 1363 800 uiverls
1379 745 1590 820 pigmentarii?

167 745 321 873 iaquearia
335 806 438 859 nostra
453 803 634 876 cupressina
1011 807 1054 864 un
1067 808 1210 867 lectulum
1227 757 1393 873 &alomonis

135 869 214 946 [Cup.
226 871 281 954 il.)
295 872 355 943 Ego
373 870 549 958 lloscampi,
1047 884 1198 955 sexaginta
1213 883 1302 941 iortee
1317 887 1453 944 ambiunt
1467 906 1502 946 ex
1516 893 1687 957 fortissimis
1702 899 1791 959 lsrael
1808 918 1817 961 ε

169 941 308 1000 etlilium
324 946 502 1002 convalium.
1010 948 1119 1009 Omnes
1132 959 1265 1012 tenentos
1278 957 1403 1030 gladios,
1420 965 1448 1016 ct
1463 963 1499 1019 ed
1520 965 1598 1024 bella
1612 970 1775 1031 doctissimi
1792 990 1800 1031 :

134 1014 216 1098 Sicut
232 1013 327 1098 lilium
342 1017 424 1100 inter·
434 1018 548 1100 apinas3
1046 1023 1281 1098 uniuscujusque
1295 1031 1375 1087 ensis
1397 1047 1486 1105 super
1500 1035 1598 1097 lemur
1612 1059 1701 1102 suum
1716 1051 1838 1120 propter

169 1102 211 1143 erc
226 1101 322 1142 amica
337 1102 402 1146 mea
417 1096 494 1146 tuter
509 1088 595 1146 filias.
1082 1096 1202 1154 timores
1221 1104 1394 1158 nocturnos.

132 1154 216 1240 Sicut
232 1156 328 1240 maius
342 1159 397 1231 (lt.
414 1160 526 1247 malum
540 1161 561 1232 ¹)
576 1160 654 1243 inter
670 1159 749 1236 ligna
765 1161 918 1236 silvarum,
1008 1163 1243 1252 Ferculumiecit
1256 1170 1314 1255 sibi
1325 1174 1521 1236 rexSalomon

129 1227 783 1388 ευῗουῗῐξξτειῑῖἦἰῗιιὲυέιιιὲἒῖἀὲἐξὲἓῖινοτιω,
799 1307 864 1366 sedi
879 1324 887 1365 t
1007 1237 1325 1383 Colisniffsmejkibitzit
1339 1320 1504 1388 argenteae,

166 1377 195 1428 et
208 1372 322 1429 tructus
336 1375 402 1444 eJue
413 1375 510 1432 dulcia
525 1380 636 1448 gutturi
652 1391 728 1433 meo.
1043 1380 1262 1440 reclinatorium
1278 1399 1411 1456 aureum,

128 1443 295 1500 Introduxit
311 1461 357 1500 me
371 1445 402 1501 ln
417 1446 522 1503 callam
536 1447 692 1518 vinariam,
1042 1467 1196 1510 ascensum
1212 1472 1394 1528 purpureum
1413 1475 1420 1515 :

165 1514 312 1571 ordinavit
327 1516 356 1572 in
371 1532 418 1573 me
432 1517 617 1577 charitatem.
1006 1520 1101 1580 Media
1111 1525 1254 1582 charitate
1269 1528 1432 1585 constravit

127 1585 239 1641 Fulcite
253 1601 300 1642 me
315 1585 449 1657 floribus,
1041 1601 1159 1679 proptor
1175 1597 1252 1654 illine
1266 1599 1432 1657 Jerusalem
1446 1615 1452 1655 :

165 1657 273 1739 stipate
289 1674 336 1715 me
351 1659 437 1717 malie
454 1675 461 1716 :
967 1666 1509 1750 BEgredrmini‚etvidete,fliiaeSion‚
1525 1685 1622 1745 regem
1641 1669 1830 1732 Salomonem

164 1745 234 1801 quta
249 1746 350 1786 amore
365 1729 503 1805 langueo.
1044 1738 1074 1793 in
1090 1738 1266 1811 diademate,
1283 1758 1340 1814 quo
1355 1741 1506 1800 coronavit
1517 1741 1602 1800 iilum
1617 1748 1712 1802 mater
1725 1761 1781 1803 aua

126 1797 211 1860 bara
226 1801 292 1872 ejus
307 1803 363 1857 sub
379 1804 476 1876 capite
492 1818 566 1860 meo.
1044 1809 1072 1865 in
1088 1809 1136 1866 die
1151 1812 1390 1883 desponsationis
1405 1813 1497 1883 illius,

161 1876 191 1930 et
207 1873 326 1929 dextera
342 1872 422 1931 illius
437 1874 655 1947 amplexabitur
669 1892 727 1934 me.
1007 1879 1042 1934 lit
1056 1880 1086 1936 in
1102 1881 1149 1937 dio
1164 1881 1271 1939 latitia
1287 1885 1384 1942 cordis
1399 1887 1475 1956 ejus.

124 1943 237 2015 lldJnro
252 1960 314 2015 voe,
330 1944 396 2001 filia
410 1946 586 2013 ierusalem,
1007 1950 1084 2024 (Cup.
1101 1953 1165 2025 iv.)
1178 1954 1269 2019 Quam
1286 1955 1409 2027 pulchre
1424 1973 1466 2027 es,
1482 1956 1576 2013 amica
1590 1973 1665 2029 mea,

161 2031 769 2172 geerecunslcirteeatie:enavgfagussvicgiffieoiffiatie
785 2088 932 2163 dilectem,
1005 2024 1379 2165 Ocqriittlrlripgofrlrlmabgulm,

124 2160 435 2288 allililltl‘*
449 2159 528 2218 lm·
1003 2167 1587 2309 atililtitii⁰⁶l¹¹tltt⁰ttltli

158 2317 226 2358 ecce
241 2303 298 2359 iste
313 2273 396 2359 veni's
408 2302 520 2361 saliens
535 2304 564 2361 in
581 2304 744 2374 montibus,
1039 2325 1104 2382 qua
1119 2255 1368 2369 ascenderugntiia
1382 2257 1482 2368 meite
1496 2280 1618 2368 Galaad.

158 2373 330 2430 transiliens
345 2375 435 2431 colles
451 2391 459 2429 ι
1003 2383 1109 2438 Dentes
1122 2382 1165 2438 tui
1181 2382 1258 2439 sicut
1272 2398 1376 2457 greges
1391 2387 1555 2455 tonsarum,

119 2442 236 2501 Similis
250 2451 295 2502 est
309 2445 435 2503 dilectus
450 2461 535 2503 mens
550 2463 673 2520 caprea,
1038 2468 1104 2524 quas
1119 2456 1317 2511 escenderunt
1332 2456 1367 2511 de
1380 2453 1497 2512 lavacro
1513 2471 1521 2511 z

119 2513 305 2598 hinnuloque
320 2534 471 2574 cervorum
489 2533 496 2573 :
1001 2521 1111 2581 Omnes
1125 2526 1261 2597 gemeliis
1276 2525 1394 2594 letibus,

117 2586 162 2643 En
176 2604 240 2660 rpse
255 2593 314 2646 stat
329 2596 396 2662 post
411 2589 552 2663 parietem
569 2596 715 2664 nostrum,
1035 2603 1063 2650 et
1079 2596 1187 2653 sterilis
1204 2613 1261 2652 nou
1277 2603 1322 2653 eet
1335 2598 1412 2653 inter
1426 2611 1486 2652 aas.

156 2659 318 2744 respiciens
334 2677 384 2734 per
398 2661 553 2732 fenestras,
1000 2665 1082 2722 Sicut
1097 2667 1176 2751 vitta·
1183 2669 1329 2737 coccinea,
1343 2668 1422 2725 labia
1435 2672 1487 2723 tua
1504 2682 1511 2722 :

116 2732 633 2888 Bnprri‘ilsezlt‘ulgnnsaeqresrigginifflfflnihi
650 2822 658 2862 ε
999 2737 1231 2883 Siguiteiffigrlnlezl
1244 2737 1496 2894 utrilri'lillpgnlilcciffita
1510 2825 1590 2880 gena
1604 2813 1673 2880 lun,

116 2873 219 2947 Surge,
239 2892 371 2949 propera,
389 2892 484 2933 amrcu
499 2893 574 2950 mee,
591 2877 728 2935 columbe
743 2893 819 2946 mee,
1034 2882 1144 2953 absque
1158 2898 1192 2938 eo
1205 2883 1283 2952 quod
1300 2889 1479 2938 intrinsecus
1493 2880 1573 2937 latet.

154 2945 282 3003 formosa
298 2964 374 3015 mea,
390 2953 419 3004 et
439 2947 515 3004 reni.
997 2952 1081 3009 Sicut
1095 2955 1186 3009 turris
1203 2953 1290 3008 David
1307 2952 1416 3009 collum
1432 2957 1528 3020 tuum,

122 3014 189 3101 inm
199 3019 520 3103 enlmbiemstransiit‚
956 3050 978 3120 G
1028 3096 1033 3106 Ι
1054 3041 1096 3079 uae
1110 3024 1253 3081 edificate
1268 3028 1313 3081 est
1325 3039 1394 3081 oum
1409 3022 1641 3098 propugnaculis
1658 3039 1666 3080 :

154 3090 515 3162 umberabutmtreceaert.
997 3041 1075 3154 ΜιῖΙο
1088 3094 1181 3168 clypei
1198 3096 1374 3168 pendentes
1391 3111 1436 3163 ea,

116 3158 218 3217 Flores
232 3168 434 3235 apparuerunt
449 3163 478 3218 in
492 3166 581 3226 terra,
1031 3167 1129 3223 omnis
1145 3175 1293 3223 armatura
1308 3165 1440 3223 tortium.

153 3238 271 3304 tempus
287 3234 447 3305 putationis
463 3233 581 3289 advenit
596 3247 603 3286 :
995 3242 1058 3294 Duo
1073 3238 1164 3294 ubera
1177 3242 1240 3303 tua,
1255 3238 1334 3294 sicut
1351 3238 1409 3295 dno
1430 3236 1549 3294 hinnuli
1563 3253 1676 3311 capreas
1689 3237 1821 3312 gemelli,
1924 3298 1927 3303 ,

115 3301 178 3359 Vox
193 3305 319 3361 turturis
335 3307 436 3362 audite
451 3309 496 3360 eet
511 3304 541 3360 in
558 3313 635 3360 terra
649 3306 749 3360 nostra
764 3319 772 3361 :
1030 3309 1080 3380 qui
1096 3314 1261 3381 pascuntur
1274 3308 1304 3365 in
1321 3308 1403 3376 tiliis.

149 3375 225 3432 ficus
241 3376 363 3449 protulit
377 3393 498 3450 grossos
510 3391 582 3432 suos
599 3392 606 3430 :
1030 3382 1122 3438 doueo
1137 3380 1247 3453 aspiret
1262 3381 1336 3448 dies,
1353 3386 1381 3437 et
1395 3378 1575 3438 inclinentur
1589 3380 1700 3439 umbrae

148 3448 241 3503 viuere
258 3448 394 3505 llorentes
409 3448 554 3504 dederunt
566 3447 686 3503 odorem
701 3461 802 3505 suum.
993 3450 1106 3508 Vadam
1122 3452 1158 3509 ad
1176 3455 1304 3510 montem
1326 3451 1463 3525 myrrhea,

112 3520 218 3589 Surge,
233 3520 419 3589 miramon,
436 3519 570 3592 speciosa
589 3533 664 3586 mea,
681 3523 711 3574 et
724 3518 790 3575 veni
807 3535 815 3576 :
1030 3528 1061 3580 et
1073 3524 1109 3579 ad
1126 3522 1230 3580 collem
1248 3522 1357 3580 thuris.

148 3590 290 3647 columba
304 3607 371 3648 mea
386 3592 417 3647 in
434 3589 630 3648 foraminibus
646 3594 745 3664 petras,
994 3596 1069 3653 Tota
1083 3595 1207 3668 pulchra
1221 3610 1264 3662 es,
1278 3596 1374 3651 amica
1388 3610 1464 3664 mea,

149 3661 180 3716 in
196 3677 321 3719 caverna
335 3662 481 3720 macerie.
1029 3672 1059 3723 et
1073 3666 1190 3722 macula
1205 3682 1262 3722 non
1280 3670 1326 3721 cst
1341 3665 1370 3721 in
1385 3671 1423 3722 te.

113 3730 245 3790 Ostende
259 3733 331 3790 mihi
348 3735 451 3792 luciam
466 3739 562 3799 tuam,
992 3737 1067 3794 Veni
1083 3738 1120 3792 de
1135 3737 1256 3804 Libano,
1273 3752 1393 3808 sponsa,

148 3810 235 3861 sonet
248 3821 303 3862 vox
318 3810 369 3863 tua
382 3807 411 3862 in
429 3805 551 3862 auribus
567 3802 642 3860 meis
1029 3807 1095 3864 veni
1110 3806 1146 3863 de
1166 3807 1288 3875 Libano,
1304 3807 1391 3862 veni:

110 3872 174 3931 Vox
189 3877 268 3932 enim
289 3876 460 3948 tundalus,
993 3878 1186 3936 Coronaberis
1203 3879 1238 3935 de
1251 3878 1346 3949 capite
1358 3879 1481 3945 Amans,

146 3953 176 4004 et
191 3946 282 4004 incias
296 3952 348 4006 tua
360 3951 476 4005 decora.
1029 3950 1065 4007 de
1080 3949 1187 4006 vertice
1200 3949 1288 4006 Sanir
1301 3953 1330 4005 et
1344 3948 1484 4016 Hermon,

109 4018 212 4093 capite
227 4019 313 4076 nobis
329 4020 430 4092 vulpes
445 4016 593 4091 parvulae,
1028 4023 1065 4078 de
1079 4020 1229 4078 cubilibus
1243 4020 1373 4089 leonum,
1389 4018 1425 4075 de
1440 4017 1590 4075 montibus
1604 4015 1775 4088 pardorum.

147 4107 211 4164 qun
227 4091 429 4148 demoliuntur
443 4092 544 4147 vineas
560 4104 567 4144 z
992 4092 1163 4150 Vulnerasti
1177 4109 1227 4150 cor
1242 4108 1353 4162 meum,
1368 4107 1451 4148 soror
1465 4105 1531 4147 meu
1546 4103 1666 4159 sponsa,

147 4178 217 4218 nam
233 4162 318 4219 vinea
332 4166 435 4220 nostra
449 4160 560 4218 lloruil.
1028 4164 1189 4221 vulnerasti
1204 4179 1254 4221 cor
1268 4179 1366 4219 meum
1388 4162 1418 4217 in
1434 4178 1493 4218 uno
1514 4159 1668 4218 oculorum
1684 4162 1817 4230 tuorum,

110 4231 246 4290 Dilectus
261 4251 344 4292 meus
359 4234 443 4303 mibi,
460 4249 488 4290 en
502 4248 555 4305 ego
571 4229 625 4302 iiii,
1028 4242 1057 4293 et
1072 4237 1100 4292 in
1117 4251 1176 4292 uno
1191 4236 1271 4291 orins
1285 4234 1353 4290 ooili
1367 4233 1422 4289 tui.

167 4304 198 4361 ni
215 4306 347 4377 pascitur
362 4307 440 4363 inter
454 4303 527 4375 lilia,
992 4310 1084 4376 onam
1095 4307 1447 4433 pulchresnntmammn
1457 4301 1816 4388 tue‚aorormeaspnnsai

146 4321 241 4433 donec
255 4378 367 4451 aspiret
380 4378 454 4446 dies,
470 4380 499 4432 et
513 4373 695 4430 inclinentur
709 4372 830 4429 umbrae.
1029 4379 1097 4451 puto
1121 4378 1198 4434 riom
1212 4381 1283 4434 sunt
1297 4377 1387 4434 ubera
1400 4381 1453 4434 tua
1467 4392 1545 4432 vino.

111 4445 278 4516 Rtvttieffls
295 4447 406 4506 eimiliu
419 4453 492 4512 etio.
508 4445 614 4502 &¹0⁰1ss
628 4444 680 4514 mi,
696 4459 817 4517 calm,
952 4423 977 4490 Ῑ)
1028 4449 1143 4507 stodor
1157 4453 1377 4523 unguentorum
1396 4453 1516 4506 tuorum
1531 4460 1622 4518 super
1636 4445 1738 4503 omnia
1751 4462 1819 4504 arn·

146 4525 199 4576 aut
214 4518 340 4576 hinnulo
356 4534 510 4577 cervorum
526 4532 616 4588 super
628 4521 744 4573 montes
758 4515 873 4572 bether.
1064 4525 1153 4578 marr.

107 4588 189 4664 (Cap.
204 4591 265 4674 lii.)
282 4591 314 4649 ln
330 4590 438 4649 lectulo
455 4604 518 4648 meu
533 4604 585 4662 par
600 4592 703 4644 noctes
713 4587 832 4660 quesivi
847 4600 936 4661 quem
989 4597 1082 4650 liavus
1096 4591 1247 4649 distillans
1261 4587 1341 4672 labia
1355 4592 1416 4659 tua,
1430 4604 1552 4661 sponsa,

179 4661 499 4733 diligitanimamea:
1026 4664 1084 4721 mei
1100 4669 1130 4720 et
1143 4662 1188 4719 lac
1204 4661 1260 4718 sub
1275 4660 1466 4733 linguatus:
1553 4730 1560 4746 ⁶
1782 4728 1788 4741 ι

145 4732 266 4805 quesivi
282 4733 378 4803 illum,
394 4738 423 4789 et
437 4749 495 4789 non
511 4730 619 4787 inveni·
1028 4741 1056 4792 et
1067 4737 1139 4792 odor
1148 4734 1394 4791 vestimentorum
1404 4737 1524 4788 tuorum
1536 4734 1614 4788 eacut
1625 4732 1699 4790 odor
1708 4728 1817 4787 tbnrrs.

107 4805 245 4876 Surgam,
258 4808 287 4860 et
300 4804 430 4863 circuibo
445 4803 591 4862 civitatem
608 4818 614 4857 τ
991 4807 1102 4865 Hortus
1116 4805 1285 4873 conclusus,
1301 4818 1386 4860 soror
1401 4819 1468 4860 mee
1482 4820 1603 4876 sponsa,

140 4892 193 4949 per
207 4875 288 4934 vicos
302 4882 332 4934 et
346 4877 460 4951 plateae
474 4888 605 4949 queram
621 4887 710 4944 quem
725 4871 823 4946 diligit
835 4871 936 4930 anima
1027 4877 1132 4934 bortue
1147 4876 1315 4940 conclusus.
1333 4874 1398 4958 lone
1413 4876 1558 4947 signatus.

180 4963 266 5004 meu:
992 4948 1176 5006 Emissiones
1190 4954 1247 5004 tuas
1263 4947 1419 5018 paradisus
1716 5013 1723 5027 ι

144 5018 266 5090 quesivi
281 5017 378 5086 illum,
394 5022 424 5076 et
437 5034 496 5076 nnn
511 5015 622 5073 inveni.
1029 5019 1175 5078 malorum
1190 5019 1366 5092 punicorum
1380 5033 1448 5074 num
1466 5031 1622 5089 pomorum
1637 5012 1794 5073 fruetrbus.

106 5091 284 5148 invenerunt
299 5107 345 5148 me
358 5091 475 5163 vigiles,
486 5088 536 5159 qui
552 5085 723 5144 custodiunt
736 5085 883 5144 civitatem
900 5102 908 5143 t
992 5093 1033 5167 cy
1054 5092 1078 5148 ri
1093 5108 1161 5148 cum
1177 5091 1281 5155 nardo,
1297 5089 1409 5146 nardus
1424 5092 1581 5154 clemens,
1682 5156 1689 5170 ⁹

101 5161 181 5219 itum
218 5178 286 5219 uem
301 5162 405 5220 dilexit
420 5163 518 5220 anima
534 5175 609 5228 mea,
626 5157 763 5215 vidistis?
1027 5110 1129 5221 gatula
1144 5168 1174 5222 ct
1188 5162 1410 5221 cinnamomum
1425 5176 1494 5218 cum
1510 5157 1656 5217 universis
1669 5154 1760 5230 iugula
1775 5153 1820 5213 li·

103 5178 352 5291 Pauluinmeum
388 5231 673 5298 ertraneissemeos‚
1063 5234 1143 5305 bani,
1564 5300 1571 5316 ⁹
1608 5300 1614 5312 .

141 5305 240 5362 inveni
257 5319 343 5376 quem
380 5305 456 5378 iligit
470 5306 570 5361 anima
586 5318 651 5359 mea
668 5319 675 5359 :
1027 5305 1146 5380 myrrha
1159 5309 1188 5362 ei
1202 5302 1266 5360 aloe
1281 5318 1349 5360 cum
1365 5301 1506 5359 omnibus
1528 5316 1632 5385 prumia
1647 5296 1818 5384 unguentis.

102 5376 200 5434 Tenui
214 5392 295 5442 eum,
312 5392 366 5433 nec
383 5377 543 5441 dimittam,
990 5377 1067 5434 Fons
1082 5378 1235 5434 hortorum
1255 5380 1419 5449 :potense
1441 5389 1547 5430 uarum
1563 5377 1735 5440 viventium,

141 5448 236 5505 donec
250 5447 436 5505 introducam
451 5446 538 5503 ilium
555 5445 584 5499 ln
596 5444 717 5500 domum
732 5443 836 5501 matris
852 5459 933 5512 meaa,
1025 5465 1089 5522 que
1106 5448 1203 5505 linunt
1217 5447 1332 5519 impetu
1349 5448 1385 5502 de
1401 5445 1430 5502 bi
1453 5461 1520 5502 ann.

139 5524 168 5576 et
180 5520 212 5575 ln
227 5518 401 5577 cubiculum
418 5516 571 5593 genitricis
587 5532 670 5573 meas.
989 5519 1095 5593 Surge.
1109 5519 1226 5590 Aquilo,
1243 5526 1272 5576 et
1288 5517 1364 5583 veni,
1380 5520 1497 5585 Auster,
1682 5582 1689 5597 ο
1717 5584 1723 5596 ι

100 5591 216 5666 ΝΜΟ
228 5607 291 5658 ⁹⁰⁸.
307 5591 376 5649 flii&
390 5589 565 5656 lemfflltms
1026 5591 1117 5665 parda
1131 5593 1251 5650 hortum
1268 5605 1378 5656 meum.
1389 5593 1418 5645 et
1429 5587 1523 5644 duent
1533 5589 1667 5644 aromata
1681 5583 1765 5642 rlltua
1780 5598 1790 5642 t

136 5734 146 5771 ¹
161 5732 232 5792 tiss.
247 5730 364 5790 codices
378 5733 482 5806 legunt
496 5729 618 5803 molum,
634 5729 713 5802 quod
730 5745 790 5787 non
804 5728 921 5791 videtur
936 5731 1009 5792 satia
1025 5733 1182 5792 convenire
1194 5731 1296 5791 cenaui
1312 5731 1404 5806 bujua
1418 5729 1487 5789 loci.
1503 5730 1597 5789 titur.

265 5851 403 5915 Persou.
424 5847 568 5914 xxtttt.
1614 5845 1655 5907 ti
