3870 6120
110 209 185 267 1277
790 211 897 270 LIBER
917 215 1147 274 aestuosus.
1750 223 1820 280 1278
1924 256 1928 261 ·

144 330 317 414 atanimam
333 327 511 410 esurientem
528 327 660 402 implevit
676 330 772 416 bonis.
946 340 973 409 Α
1024 343 1143 413 propter
1157 342 1325 414 angustiam
1341 342 1411 399 mali
1428 346 1456 399 et
1472 343 1595 401 doloris.

106 405 280 487 Habitantes
296 417 325 484 m
341 401 469 486 tenebris
484 404 513 457 et
529 403 634 458 umbra
649 409 765 473 mortus,
987 411 1022 468 Et
1037 412 1169 469 effundet
1182 414 1399 486 despectionem
1412 431 1500 486 super
1516 416 1675 488 principes.

146 475 279 560 alligatos
294 488 394 544 raupta
417 477 446 527 ct
462 472 546 528 terro.
650 544 656 558 Ι
1021 487 1050 539 et
1064 500 1160 539 errare
1171 502 1221 542 eos
1238 485 1323 542 iaciat
1337 489 1367 542 ia
1384 485 1543 543 solitudine
1554 489 1636 545 devia
1652 489 1691 562 (b.
1713 489 1807 561 inani)

107 552 183 617 Oura
198 548 428 628 prouocavarunt
441 560 591 626 sermones
606 545 668 613 Der,
986 557 1020 610 st
1034 554 1198 612 sublevabit
1213 573 1369 629 pauperem
1385 558 1421 614 de
1435 558 1543 630 inopia,
1810 559 1818 576 ⁹

144 626 173 677 et
189 619 349 702 consillum
362 616 474 671 Excelsa
488 615 775 687 blasphemaverunt.
1022 630 1051 683 et
1066 627 1246 701 ponetssquasi
1257 645 1374 701 gregem
1387 628 1428 701 (h.
1445 631 1524 702 oves)
1540 628 1679 688 familias.

108 691 326 750 lit-humabunt
342 704 370 743 m
389 687 486 743 labore
501 703 682 773 concurram:
701 762 706 773 Ι
985 698 1134 754 Videbunt
1151 701 1232 767 recti,
1248 706 1277 755 et
1289 700 1486 757 letabuntur:

181 763 355 817 corruerunt
368 763 389 825 ¹,
405 764 434 814 et
450 765 581 841 nouerat
594 777 644 833 qun
660 763 819 833 adiuvaret.
1023 774 1051 826 et
1064 769 1161 828 omnis
1176 772 1317 843 iniquitas
1333 772 1486 828 contrahet
1502 789 1535 829 os
1546 789 1643 831 suum.

107 834 144 891 st
168 833 367 890 clamaverunt
382 832 417 885 sd
437 832 592 888 llomraum
606 835 635 887 in
652 832 842 892 tribulatione
861 852 932 894 sua:
987 842 1058 910 Quis
1073 843 1202 914 sapiens,
1218 849 1247 898 et
1262 843 1406 899 custodiet
1421 843 1500 900 baec:

183 907 218 959 do
231 903 376 986 angustiis
388 903 398 936 ¹
412 917 512 986 aarum
530 902 652 960 salvavit
665 921 725 961 eos.
1024 918 1052 970 et
1067 912 1212 987 intelliget
1228 914 1446 972 misericordias
1460 915 1600 971 Domini?

107 981 143 1033 st
157 979 259 1034 eduxit
275 992 324 1032 eos
339 976 376 1031 ds
390 975 520 1031 tanntns
531 983 557 1031 et
574 976 678 1032 umbra
693 977 809 1049 mortis,

144 1054 174 1104 at
190 1048 306 1105 uincula
322 1062 422 1102 coriam
438 1045 576 1119 disrupit.
1202 1045 1351 1086 ῦΑΝτῐῦϋΜ
1377 1046 1480 1086 vestan
1506 1047 1601 1088 uasta.

106 1121 313 1177 confiteantur
328 1119 451 1174 Domino
468 1118 699 1175 misericordiam
714 1119 792 1191 rjus.
987 1127 1098 1199 (cvlll)
1119 1127 1260 1185 pai-ntum
1277 1145 1327 1185 cos
1338 1145 1447 1200 meum,
1463 1134 1561 1186 Deus:

145 1198 174 1248 st
189 1190 336 1247 mirabilia
361 1191 426 1261 ejus
443 1189 472 1245 in
488 1191 564 1246 illios
587 1190 642 1262 (st.
665 1190 745 1260 aliis)
768 1192 933 1249 hominum.
1059 1200 1258 1269 sarranates
1273 1199 1409 1273 psallam,
1427 1201 1478 1257 sed
1494 1205 1522 1257 et
1537 1199 1632 1272 gloria
1649 1216 1724 1257 mea.

108 1265 185 1331 0⁰¹⁸
197 1263 334 1318 0⁰¹¹lfllll
352 1266 449 1332 P⁰¹⁸l³⁸
463 1276 553 1346 fflleflfl,
569 1262 609 1334 (h-
622 1262 699 1319 ⁰⁸¹5ss
713 1266 808 1336 W),
988 1274 1139 1343 consurge
1155 1270 1195 1344 (h.
1209 1272 1430 1345 expergiscere),
1447 1271 1632 1345 psalterium,
1649 1277 1677 1329 et
1692 1271 1815 1343 eithara,

147 1340 177 1392 0¹
190 1339 288 1392 V⁸⁰l⁰⁸
304 1335 412 1389 f0ll⁸0⁸
426 1333 578 1460 ⁰⁰⁰flssff¹l
1025 1357 1200 1414 consurgam
1217 1359 1303 1400 mane
1319 1343 1357 1407 lb.
1375 1343 1560 1426 expergiscar
1574 1342 1727 1400 diluculo).

109 1407 225 1465 Stultos
241 1404 448 1479 propterviam
464 1406 504 1478 (h.
543 1405 628 1477 evis)
644 1404 763 1462 sceleris
777 1422 889 1474 eorum,
989 1414 1155 1471 confitebar
1171 1414 1223 1469 tibi
1239 1415 1268 1471 in
1280 1414 1407 1488 populis,
1424 1415 1557 1487 Domine,

145 1476 936 1551 etpropteriniquitateslh.deiniquitstibussuislsi·
1025 1492 1054 1543 et
1082 1486 1295 1544 carutabotein
1318 1485 1544 1560 nationibuslh.
1574 1484 1816 1558 psallamtibiin
1880 1547 1883 1557 ,
1917 1488 1927 1507 ’

109 1550 352 1680 Omusrlsffatocsibum
366 1619 537 1675 abominata
552 1623 597 1676 est
610 1619 710 1677 anima
725 1635 838 1688 eorum,
990 1556 1258 1702 Quoffiffllg-na
1272 1643 1361 1701 super
1376 1628 1464 1686 calos
1479 1628 1681 1687 misericordis
1695 1632 1757 1699 tua,

148 1699 177 1749 et
192 1696 378 1749 accesserunt
393 1694 427 1747 ad
451 1691 504 1762 (st.
521 1707 614 1762 usque
630 1693 677 1762 art)
699 1697 799 1764 portas
822 1691 934 1748 mortis.
951 1724 975 1790 B
1027 1706 1058 1757 nt
1074 1717 1171 1773 unque
1188 1701 1223 1755 uu
1239 1699 1346 1757 athena
1359 1702 1465 1757 veritus
1479 1706 1539 1758 tun.

112 1767 149 1823 itt
164 1765 364 1820 clamaverunt
379 1763 415 1818 ad
433 1762 590 1818 Dominum
606 1762 635 1818 in
652 1762 840 1820 tribulatione
860 1780 935 1821 sua:
991 1772 1124 1830 anullare
1139 1788 1229 1844 super
1244 1771 1342 1841 cretos,
1357 1778 1450 1830 Deus:

147 1837 183 1892 da
199 1837 252 1908 (At.
266 1839 295 1892 et
309 1836 355 1906 de)
373 1834 518 1907 angustiis
547 1850 648 1891 earum
666 1835 789 1892 salvavit
803 1853 863 1893 eos.
1027 1849 1056 1901 ut
1070 1859 1156 1916 super
1172 1859 1289 1900 omnem
1305 1848 1412 1901 terram
1428 1843 1521 1915 gloria
1533 1845 1595 1900 tua.

115 1908 196 1965 blisit
209 1909 329 1964 verbum
346 1922 446 1989 sutum,
460 1909 491 1989 et
507 1908 621 1963 sanavit
634 1922 703 1963 eos:
992 1915 1027 1974 Ul
1044 1916 1207 1973 liberentur
1221 1915 1320 1971 dilecti
1336 1915 1396 1972 tui:

148 1985 178 2036 et
193 1978 316 2035 salvavit
331 1979 366 2033 de
381 1982 628 2062 interaneorum.
647 2048 653 2061 ‚
737 2049 744 2062 .
1029 1987 1112 2047 salsa
1124 1988 1244 2044 dextera
1258 1991 1320 2055 tua,
1336 1993 1365 2044 et
1379 1987 1483 2045 exaudi
1499 2003 1554 2044 me.

113 2051 317 2109 Confltecntur
331 2049 456 2106 Domum
472 2049 703 2106 ffl¹⁵0r100rd18m
719 2064 783 2120 filus
991 2058 1069 2117 Deus
1081 2058 1199 2116 locutus
1213 2062 1259 2114 est
1274 2058 1303 2114 in
1315 2059 1482 2115 sanctuario
1498 2074 1551 2116 sua
1565 2075 1573 2115 ι
1588 2057 1723 2131 gaudebo
1738 2077 1745 2117 :

150 2127 179 2179 θὶ
194 2121 340 2178 ῐΠῑΡῆῧῑῙῑθ
353 2121 418 2204 0l1¹9
434 2121 463 2176 5¹¹
482 2121 557 2204 ΜΒ
570 2120 611 2194 lh·
623 2120 703 2194 flllll)
716 2120 882 2205 millum·
1026 2131 1154 2188 dividam
1165 2129 1281 2187 Sichem
1296 2130 1348 2204 (ll.
1359 2130 1523 2202 sicimam),
1534 2134 1564 2187 st
1574 2129 1680 2187 vallem
1691 2131 1816 2190 Soecotb

112 2196 146 2251 dt
160 2193 314 2250 immolent
338 2193 676 2276 hostias-gratiarumlh.
693 2193 937 2263 confessionum),
1063 2203 1209 2259 dimetiar.

150 2271 179 2322 et
195 2273 315 2322 narrent
329 2281 416 2338 opera
430 2279 495 2335 elus
510 2264 539 2320 in
556 2264 652 2321 laude·
990 2274 1072 2331 Meus
1092 2279 1137 2331 est
1155 2272 1275 2342 Galam,
1298 2288 1382 2329 meus
1397 2278 1442 2328 est
1466 2278 1612 2340 Mnaseas,
1628 2276 1657 2329 et
1680 2272 1817 2346 Ephraim
1931 2294 1934 2299 ·

112 2335 682 2419 Ouldeecenduntmarolunaribus³3
783 2405 789 2418 ,
901 2406 908 2419 .
1063 2345 1220 2402 haereditas
1236 2342 1277 2416 (b.
1295 2344 1447 2417 tortitudo)
1462 2344 1566 2418 capitis
1582 2344 1659 2401 mei:

149 2409 290 2465 iacientes
307 2424 381 2481 opus
395 2408 450 2480 (sl.
464 2408 660 2482 operationes)
671 2425 700 2464 m
721 2423 807 2480 aquas
823 2405 936 2465 mutus.
989 2417 1067 2474 ,ludu
1078 2419 1137 2474 (lux
1153 2416 1194 2486 (h.
1211 2414 1321 2489 legiter)
1338 2431 1432 2472 meus.

112 2481 171 2554 lpsr
188 2482 325 2537 uiderunt
338 2495 425 2552 opera
438 2479 569 2563 pomini,
990 2490 1075 2546 Moab
1095 2489 1177 2546 lubus
1192 2487 1285 2560 pelvis
1300 2503 1393 2554 meae3

148 2558 178 2609 et
194 2552 342 2608 mirabills
356 2552 421 2622 elus
437 2568 466 2607 tn
480 2551 633 2623 profundo·
990 2561 1082 2632 Super
1104 2560 1264 2617 idumeam
1282 2558 1436 2631 pro'iciam
1451 2558 1674 2615 oalciameatem
1694 2574 1813 2616 meum:

110 2625 145 2683 llt
161 2624 246 2690 dixit,
262 2623 432 2708 atsur-rexit
446 2623 618 2708 (hstatuit)
633 2625 738 2679 ventus
753 2621 937 2694 tempestatis
1003 2703 1005 2707 Ι
1025 2648 1092 2689 num
1109 2629 1275 2686 puilislnim
1287 2574 1498 2703 laedynrnunnffi,
1512 2629 1584 2686 milii
1600 2630 1756 2688 pnlnsllnn
1768 2631 1816 2688 [Β.

147 2702 178 2753 et
192 2695 314 2752 elevavit
327 2699 459 2822 gurgites
475 2709 551 2766 clus.
714 2763 720 2776 ·
1064 2701 1239 2771 derabitur).

111 2769 286 2826 decendunt
299 2767 329 2822 in
344 2784 386 2823 cos
400 2783 460 2831 um,
472 2771 501 2821 et
517 2766 700 2822 descendunt
713 2781 742 2818 an
761 2763 900 2835 abyssos:
991 2773 1062 2843 Quin
1077 2775 1201 2832 deducet
1215 2789 1262 2829 ms
1277 2772 1307 2829 in
1323 2772 1470 2828 ciuitatem
1486 2771 1656 2828 munitam?

150 2840 362 2897 animaeorum
373 2839 402 2894 in
419 2837 576 2894 stillatione
589 2836 629 2895 th.
642 2836 730 2906 malo)
741 2837 937 2892 consumitur.
1027 2847 1094 2920 quin
1110 2846 1234 2902 induunt
1249 2861 1294 2901 nin
1310 2860 1404 2917 usquo
1419 2843 1450 2899 in
1466 2841 1648 2899 ldumaeum?

114 2913 350 2986 Obstupueram,
366 2915 395 2967 et
409 2910 626 2992 intremuerunt
641 2907 726 2980 quasi
741 2907 861 2965 ebrius:
990 2919 1092 2975 Nonne
1108 2922 1151 2982 lu,
1170 2921 1256 2983 nnus,
1273 2915 1323 2989 qui
1339 2916 1502 2999 proieceras
1518 2931 1582 2979 nos,

152 2989 181 3040 et
194 2985 330 3040 universa
343 2983 486 3056 supientia
501 2997 601 3038 aarum
618 2981 824 3064 absorptaest.
844 3051 849 3062 ι
1026 2994 1055 3046 et
1068 3006 1125 3046 non
1143 2988 1285 3056 exierasl,
1300 2993 1378 3045 Deus
1393 3004 1422 3043 m
1438 2986 1615 3043 exercitibus
1628 2984 1763 3044 uostris?

151 3057 355 3113 clamaverunt
370 3055 381 3089 ⁸
395 3059 492 3110 autem
521 3055 557 3110 ad
573 3053 731 3109 Dominum
757 3066 787 3106 tn
814 3050 938 3109 tribula·
994 3061 1038 3119 nn
1051 3061 1136 3118 nuliis
1152 3059 1293 3117 auxilium
1307 3059 1337 3115 in
1354 3057 1559 3115 tribulatione:

186 3128 345 3183 tionssus.
954 3100 976 3170 c
1030 3129 1572 3190 vansestsnimsalussahomins⁸.

149 3203 179 3253 et
193 3200 229 3254 de
244 3196 390 3272 angustiis
405 3213 505 3252 eorum
520 3194 689 3252 oduxlleos·
993 3208 1025 3263 ln
1041 3206 1099 3262 Deo
1114 3205 1224 3261 erimus
1241 3204 1330 3260 fortes
1346 3201 1501 3265 (iaciemus
1515 3200 1676 3269 virtutem),

148 3271 264 3326 Statust
281 3274 321 3332 lh.
338 3269 507 3339 suscitabit)
523 3268 670 3324 turbinem
687 3266 716 3322 ia
736 3264 939 3339 tranquillits·
1028 3277 1130 3350 etipse
1145 3274 1333 3332 conculcabit
1346 3274 1446 3331 hostes
1462 3278 1590 3331 nostros.

148 3347 219 3410 tem,
236 3347 264 3397 et
280 3341 411 3398 silebunt
426 3340 533 3396 ductus
548 3341 621 3410 ejus.

111 3415 309 3471 Laeiabuntu,
323 3411 463 3486 quoniam
479 3412 662 3485 quieverunt,
1106 3407 1220 3447 vacuom
1236 3407 1319 3446 usuro
1331 3389 1549 3460 cnnrrcunr⁹(h.
1567 3389 1712 3461 saluus).

148 3492 178 3542 et
194 3486 319 3542 deducet
333 3502 383 3542 eoa
398 3485 435 3541 ad
453 3489 569 3557 portum
585 3499 674 3554 quem
690 3481 855 3539 uoluerunt.
993 3490 1087 3561 (clx)
1101 3494 1177 3546 neus
1194 3487 1353 3544 laudabilis
1369 3487 1453 3559 mihi,
1471 3504 1507 3544 ne
1522 3491 1620 3545 taceas
1632 3489 1673 3544 ¹⁰:

109 3558 312 3616 eonutesnrar
328 3557 452 3614 Domino
468 3555 699 3612 misericordiam
712 3555 788 3625 eius,
1030 3562 1099 3636 quia
1114 3578 1146 3618 os
1161 3561 1245 3632 impii
1255 3565 1285 3617 et
1299 3577 1332 3616 os
1342 3559 1434 3617 dolosi
1448 3564 1550 3616 contra
1566 3576 1611 3616 me
1622 3560 1820 3633 apertumest.

147 3634 177 3686 ct
192 3629 338 3685 mirabilia
353 3629 417 3699 slus
432 3630 461 3682 iu
478 3627 554 3684 salios
571 3626 734 3682 hominum.
994 3634 1098 3692 Lunuti
1111 3637 1182 3691 nunt
1193 3633 1229 3688 de
1246 3648 1292 3688 mo
1305 3631 1408 3705 lingua
1424 3632 1588 3688 mendacii:

112 3702 149 3759 El
165 3700 296 3757 exaltent
310 3716 376 3757 etim
392 3701 420 3755 iu
438 3699 562 3755 00⁰l0³l²
577 3697 689 3770 populi.
1030 3711 1059 3763 et
1074 3705 1172 3761 verbis
1186 3704 1246 3761 odii
1262 3703 1520 3759 circumdederunt
1535 3718 1592 3773 me,

149 3778 179 3829 at
193 3773 224 3828 in
239 3772 377 3829 cathedra
392 3772 538 3828 seniorum
555 3769 677 3826 laudent
690 3785 768 3826 eum.
1030 3781 1059 3833 et
1073 3779 1313 3848 expugnaverunt
1331 3790 1377 3830 ms
1393 3774 1512 3831 trustra.

113 3845 206 3902 Ponat
222 3844 345 3900 ilumius
361 3845 388 3898 in
399 3844 557 3909 desertum,
700 3880 704 3890 ·
724 3911 729 3922 Ι
994 3853 1050 3905 Pro
1065 3864 1099 3904 eo
1121 3847 1199 3920 quod
1216 3861 1265 3900 eos
1279 3845 1448 3919 diligebam,
1464 3844 1699 3901 adversabantur
1723 3842 1796 3899 mibi
1813 3858 1820 3900 :

150 3922 180 3972 et
195 3916 288 3971 tontes
304 3915 342 3978 lh.
359 3915 467 3982 exitus)
483 3929 625 3985 aquarum
638 3913 666 3968 in
683 3912 774 3968 sihm.
1031 3935 1084 3993 ugo
1097 3924 1196 3975 nutem
1211 3917 1342 3973 orabam.

115 3988 237 4045 Terram
255 3988 434 4044 fructiferam
451 3987 479 4041 in
496 3985 676 4056 salsuginem
690 4002 697 4053 ;
995 3993 1030 4049 Et
1047 3994 1209 4064 posuerunt
1224 3993 1324 4044 contra
1340 4003 1385 4044 me
1401 3986 1512 4044 malum
1530 4003 1582 4061 pro
1597 3985 1686 4056 bono,

152 4077 211 4133 pre
227 4060 340 4114 malitia
356 4059 552 4115 habitatorum
567 4059 643 4128 rjus,
1031 4068 1060 4119 et
1076 4062 1177 4118 odium
1195 4077 1245 4133 pro
1260 4059 1420 4116 dilectione
1435 4074 1509 4116 mea.

113 4137 208 4190 Ponet
222 4132 370 4187 desertum
387 4131 417 4186 in
434 4129 557 4212 paludes
571 4146 586 4185 a
610 4145 725 4196 uarum,
995 4134 1147 4192 Constitue
1163 4149 1252 4204 super
1267 4149 1333 4189 oum
1351 4132 1487 4204 impium.

149 4208 180 4260 et
197 4208 305 4259 terram
319 4203 427 4259 inviam
438 4220 467 4258 m
479 4202 574 4257 sontes
589 4201 598 4274 (
623 4245 630 4260 .
646 4202 754 4275 exitus)
786 4218 940 4277 aquarum.
1032 4211 1061 4263 st
1074 4210 1162 4261 Satan
1179 4208 1264 4260 stete
1278 4204 1387 4260 dextris
1399 4203 1473 4275 ejus.

111 4279 148 4332 Et
163 4274 321 4331 collocavit
335 4275 375 4330 ibi
390 4274 554 4331 esurientes
570 4290 577 4328 τ
996 4279 1068 4337 Cum
1085 4275 1343 4347 lueritjudioatus,
1359 4279 1442 4332 exest
1455 4274 1689 4331 condemnatus:

148 4352 179 4403 et
195 4347 361 4403 fundabunt
377 4346 477 4401 arbem
494 4347 529 4401 ad
543 4345 745 4402 habitandum.
1032 4356 1062 4406 et
1076 4349 1168 4406 oratio
1183 4349 1248 4420 rjus
1263 4347 1300 4402 sit
1312 4347 1341 4401 in
1359 4351 1521 4420 peccatum.

113 4419 149 4476 st
167 4419 260 4474 lerant
274 4434 370 4490 agras,
386 4421 415 4474 ot
431 4416 606 4489 plantabunt
619 4418 739 4474 vineas:
998 4422 1081 4479 Fiunt
1097 4420 1160 4477 dies
1174 4421 1239 4490 ejus
1249 4418 1348 4492 pauci:

150 4494 179 4546 et
196 4490 304 4546 iaciant
318 4489 416 4572 lruges
431 4490 566 4561 germina
581 4490 634 4558 (dl.
646 4489 817 4560 genimina).
958 4479 981 4545 [l
1032 4494 1235 4566 episcopatum
1251 4492 1316 4561 elus
1328 4489 1451 4563 accipiat
1467 4488 1548 4545 alter.

112 4562 152 4618 Et
167 4561 342 4618 benedicent
356 4577 409 4627 eta,
425 4567 455 4618 et
470 4560 748 4632 multiplicabuntur
763 4559 864 4626 nimia,
995 4565 1061 4622 Sint
1075 4565 1128 4620 illii
1144 4564 1208 4633 ejus
1223 4561 1338 4635 pupilli,

150 4637 296 4703 etpecora
311 4633 354 4701 (h.
364 4634 512 4704 jumenta)
524 4648 688 4689 eorumnou
699 4632 940 4701 imminuenturl,
1031 4642 1060 4692 et
1075 4653 1146 4691 uxor
1161 4636 1226 4705 ejus
1241 4636 1338 4690 vidais.

113 4706 277 4762 lmmtnutc
293 4712 364 4761 sunt
377 4710 475 4761 sutum
490 4710 520 4761 et
535 4703 655 4772 ainictu,
996 4708 1151 4765 instabiles
1165 4711 1306 4780 vagentur
1321 4705 1405 4761 liberi
1419 4704 1496 4775 ejus,
1511 4704 1540 4759 et
1553 4699 1737 4758 mendicent:

110 4921 183 4992 ejus,
199 4921 225 4974 et
240 4917 385 4975 mirabitis
399 4921 461 4987 elas
476 4921 507 4975 in
522 4919 590 4990 fillis
605 4917 748 4974 bominum
761 4918 941 4975 sorbonicus
995 4936 1112 4993 carpens
1126 4919 1306 4989 Psattarium,
1321 4922 1376 4975 eto.

111 5008 182 5050 cum
198 4989 286 5046 editis
303 4989 386 5047 tibris
403 4993 509 5047 retinet
525 4989 666 5062 pluralem
684 5005 840 5045 numerum
856 4991 940 5046 mise·
1030 4992 1156 5048 lcanon
1182 4988 1427 5047 Carcassonsnsis
1442 5005 1509 5047 cum
1527 4988 1591 5047 suis
1616 4987 1818 5061 pedissequis:

110 5061 259 5127 recordare,
277 5062 328 5120 ubl
344 5063 528 5134 antiquiores
544 5078 615 5117 mss.
632 5059 776 5133 legantis
797 5060 941 5132 singulari
995 5067 1090 5123 Nonne
1118 5063 1255 5134 tullens,
1286 5061 1336 5135 qui
1349 5061 1492 5135 projecisti
1506 5078 1566 5133 tros,
1595 5071 1693 5118 elnon
1718 5060 1821 5130 exibis,

109 5133 338 5194 misericordiam
354 5175 361 5200 ,
378 5134 456 5205 quod
473 5151 526 5190 nos
540 5132 634 5189 secuti
647 5149 764 5188 sumus.
778 5135 867 5188 Maur.
995 5142 1051 5196 eto.
1070 5135 1163 5192 Mssa.

149 5206 357 5263 ¹cistaraisns.
374 5222 441 5272 ms,
459 5221 510 5277 pro
526 5213 700 5261 corruersml.
1031 5213 1041 5247 ⁸
1057 5207 1159 5276 tidem,
1176 5222 1249 5262 uana
1263 5207 1387 5263 estenim
1401 5206 1476 5262 salus
1489 5206 1620 5261 hominis.
1638 5204 1730 5260 Mans.

148 5280 279 5334 ¹uenuo
294 5275 480 5334 cisterciens.
497 5293 565 5344 ms,
587 5280 624 5332 st
639 5276 672 5332 dc
686 5277 826 5344 angustiis
843 5291 941 5334 eorum
1030 5275 1042 5310 ⁰
1069 5278 1172 5334 Plures
1201 5295 1286 5344 mss,
1322 5278 1377 5333 Pro
1404 5279 1523 5333 rrirtorr'a
1552 5275 1636 5332 Dauid
1665 5275 1820 5335 Canticum.

110 5352 316 5410 liberauiteos.
995 5350 1102 5407 Hieron
1125 5366 1191 5405 mus
1221 5349 1249 5405 id
1266 5348 1387 5405 minime
1400 5347 1567 5421 improbare
1590 5347 1705 5405 videtur
1740 5349 1823 5406 rela-

148 5425 308 5487 ³Quatuor
325 5435 393 5486 ma,
410 5420 463 5489 Qui
484 5418 652 5478 descendunt
668 5418 697 5474 in
713 5434 790 5475 marc
814 5421 939 5476 nauibus.
996 5423 1075 5478 tiana
1103 5368 1388 5478 {ommentsriorum
1416 5421 1446 5475 in
1477 5418 1634 5474 litanialem.
1659 5423 1694 5474 st
1710 5364 1746 5477 (fe
1774 5421 1821 5477 his

110 5495 214 5554 Mass.
995 5492 1180 5551 suifioionter
1207 5510 1298 5565 supra
1326 5492 1508 5547 dictumest.
1539 5490 1631 5546 blatra.
1657 5521 1691 5531 —
1720 5491 1819 5550 Nostri

147 5567 159 5600 ⁴
177 5567 209 5620 ln
226 5563 328 5620 eodem
340 5577 394 5618 ms.
413 5561 581 5619 Clamabunt
596 5577 603 5618 ε
620 5565 649 5619 et
664 5578 730 5620 mos
744 5561 777 5619 de
799 5561 941 5637 angustiis
995 5581 1100 5622 omnes
1113 5565 1239 5631 codices,
1256 5582 1306 5637 pro
1324 5565 1463 5629 Victoria,
1480 5566 1548 5625 etc„
1563 5559 1739 5619 inscribunt.

106 5635 223 5701 duxit.
239 5634 411 5707 pronomine
425 5650 519 5691 eoram
530 5635 736 5708 pretermisso.
1032 5637 1055 5673 ¹⁰
1068 5637 1161 5695 Ambo
1190 5634 1369 5709 exemplaris
1383 5633 1510 5691 canonis
1524 5649 1592 5688 cum
1610 5647 1664 5687 nas.
1681 5632 1779 5692 codice
1789 5640 1818 5692 S.

147 5707 275 5763 ‘Aretias
290 5707 367 5762 idem
383 5706 410 5762 le
433 5707 455 5761 it
469 5723 524 5763 ms.
541 5723 597 5763 aon
612 5707 769 5763 imminuet.
995 5709 1149 5768 Michaelis
1173 5727 1181 5778 ;
1212 5709 1282 5765 deus
1312 5705 1423 5763 laudem
1452 5720 1542 5764 arcam
1570 5721 1605 5763 ne
1629 5705 1759 5778 torreris,
1789 5712 1822 5764 ut

147 5778 292 5852 ‘Regina
317 5793 384 5850 tus,
420 5785 487 5836 anta
514 5784 600 5850 3tum
625 5777 840 5852 cisterciensis,
870 5780 941 5841 Coa·
994 5777 1439 5856 tapinosinvalgatsatsnr.
