3870 6120
143 266 170 325 td
847 262 1067 324 PHAEHATIO.
1772 265 1812 327 26
1921 274 1924 279 '

141 396 236 458 soritis
249 396 467 456 auctoritatem
482 395 582 469 dedit,
599 415 668 456 cnm
680 396 774 478 prius
787 394 996 475 Septuaginta
1011 393 1218 475 Interpretum
1248 395 1365 476 scripta
1394 395 1607 456 tantummodo
1643 395 1676 455 iu
1708 397 1812 477 pretio
1909 414 1912 419 ’

137 499 217 553 essent.
233 493 317 554 Nam
332 499 362 552 et
373 492 484 554 Biblia
498 492 688 567 Hieronymi
703 493 771 575 legi
784 500 879 575 coepta
902 500 959 573 cst,
975 499 1005 553 et
1019 493 1142 574 psalmi
1168 492 1237 570 ejus
1256 491 1406 570 fideliter
1435 514 1472 553 ex
1499 492 1632 555 Hebraeo
1659 493 1810 575 traducti,

136 610 179 649 rrrn
190 595 275 650 antea
290 591 376 672 apud
392 590 509 652 Gallos
517 593 721 673 potissimum
738 594 937 674 incomposite
952 591 1143 671 legerentur.
1161 595 1258 658 Quam
1276 591 1414 652 iabulnm
1432 597 1461 652 et
1473 592 1611 653 loannes
1624 593 1810 653 Franciscus

136 688 281 760 tisianus,
295 695 330 750 ut
345 689 424 751 alios
439 689 563 750 interim
580 697 714 763 taceam,
731 690 864 769 epistola
880 690 918 750 nd
935 690 1113 769 Pugninnm
1130 689 1260 768 probet:
1278 687 1424 763 Damasi,
1439 688 1552 768 inquit,
1559 689 1742 769 patrocinio
1758 709 1812 750 cu·

132 804 198 865 reque
209 791 239 844 et
252 787 415 867 castigata
434 785 546 847 Greeca
561 786 636 848 olim
642 795 703 868 per
716 785 956 863 Hieronymum,
973 792 1002 846 et
1018 806 1164 847 conversa
1182 792 1213 844 in
1227 784 1373 845 Latinrem
1388 783 1522 846 Hebruo
1536 805 1698 846 sacrarum
1723 786 1811 847 litte-

129 904 211 942 rarum
227 891 492 948 monumenta.....
511 891 540 944 et
554 885 689 946 Damasi
704 885 875 945 redivivam
904 905 1021 957 curam,
1048 891 1077 945 et
1101 883 1292 959 Hieronymi
1314 891 1436 964 operam
1457 881 1589 943 subinde
1603 890 1809 944 renascentem

126 990 310 1062 sepenumero
326 983 520 1044 desiderant.
536 984 705 1057 Dirimant,
722 983 834 1043 iuvisse
849 987 1017 1044 Damasum
1032 982 1192 1043 Hebraicis
1207 982 1390 1060 Hieronymi
1404 981 1528 1055 studiis,
1544 999 1614 1041 cum
1640 1000 1673 1042 se
1703 985 1810 1044 Romen

125 1081 217 1158 pariter
230 1081 443 1153 continerent,
461 1085 495 1142 ut
510 1100 548 1141 ex
564 1081 723 1160 ἀμοιὸαίαις
739 1099 848 1142 eorum
864 1080 1004 1161 epistolis
1020 1080 1136 1158 liquet:
1156 1079 1193 1140 ad
1210 1079 1389 1158 Scripturas
1404 1079 1487 1139 enim
1503 1097 1540 1139 ex
1555 1079 1685 1140 Hebraeo
1713 1079 1810 1141 inter-

124 1176 270 1253 pretandas
286 1176 442 1249 nondum,
460 1177 515 1238 illo
529 1176 708 1251 advivente,
727 1195 856 1238 manum
872 1180 904 1237 S.
920 1179 1016 1238 Pater
1032 1175 1226 1237 admoverat.
1243 1176 1359 1236 Verum
1376 1175 1443 1236 baec
1458 1174 1606 1254 persequi
1635 1176 1743 1251 nostri,
1774 1178 1811 1236 nt

123 1272 247 1346 diximus,
263 1272 402 1334 instituti
421 1293 482 1335 non
497 1280 555 1336 est.

146 1370 216 1437 Quin
233 1371 332 1430 etiam
347 1370 407 1431 hac
422 1372 489 1451 ipsa
505 1372 544 1432 de
559 1390 665 1445 causa,
683 1378 718 1433 ut
733 1391 772 1433 ne
787 1377 818 1432 te
839 1370 957 1431 scilicet
972 1368 1089 1430 diutius
1107 1369 1232 1442 morari,
1250 1375 1281 1430 et
1295 1388 1367 1450 quae
1382 1369 1435 1431 alii
1460 1369 1582 1449 pridem
1611 1368 1711 1430 multa
1738 1385 1809 1429 cum

121 1465 193 1527 laude
208 1466 449 1543 elucubrarunt,
468 1470 585 1548 scripta
601 1469 773 1548 compilare
790 1469 909 1540 videar,
925 1467 1071 1528 omittere
1082 1467 1180 1527 satius
1196 1467 1282 1540 duxi,
1300 1486 1371 1546 qoae
1386 1467 1426 1529 de
1441 1467 1647 1530 Hebraeorum
1663 1465 1750 1547 poesi
1769 1466 1810 1528 ed

121 1565 331 1626 enucleandam
346 1567 634 1647 vindicandumque
650 1568 689 1628 ab
706 1566 958 1629 adversariorum
973 1565 1140 1627 calumniis
1169 1569 1200 1626 S.
1231 1567 1335 1627 Patris
1362 1567 1561 1638 sententiam,
1591 1566 1809 1647 expositurum
1920 1618 1924 1625 ,

122 1680 152 1721 ne
165 1682 360 1741 receperam,
378 1682 414 1725 ac
432 1683 617 1745 paraveram
632 1666 772 1745 quidem,
789 1670 884 1744 atque
899 1663 939 1724 ad
955 1663 1138 1724 umbilicum
1155 1664 1218 1723 lere
1236 1665 1456 1741 perduxeram.
1472 1664 1672 1744 Experientia
1699 1669 1807 1726 autem
1908 1656 1911 1663 ’

122 1761 344 1839 comprobatum
360 1768 407 1823 est
418 1762 495 1824 illud
516 1763 647 1825 llomani
662 1763 806 1835 oratoris,
821 1762 967 1824 Nimium
981 1762 1064 1842 qnod
1078 1771 1135 1834 est,
1149 1761 1284 1842 erſj‘ermit
1297 1760 1515 1841 venementius,
1528 1782 1619 1842 qnam
1631 1760 1809 1842 quadride-

122 1862 290 1938 tnrparum.
304 1860 443 1934 Accedit,
460 1861 544 1939 quod
561 1860 690 1941 proprio
706 1879 800 1939 opere
816 1859 897 1920 banc
911 1860 970 1920 sibi
986 1878 1086 1938 nuper
1100 1859 1303 1920 excolendam
1336 1859 1499 1921 materiam
1526 1859 1710 1939 susceperit,
1739 1864 1806 1920 stu·

120 1954 212 2032 disque
228 1957 326 2017 etiam
341 1957 372 2018 in
390 1957 449 2019 boc
466 1963 573 2018 nostra
588 1958 783 2037 praeverterit
799 1958 893 2037 longe
904 1957 1104 2020 doctissimus
1119 1956 1238 2020 amicus
1254 1962 1371 2031 noster,
1386 1954 1477 2035 cujus
1497 1957 1679 2037 propediem
1707 1956 1805 2018 eden·

120 2051 159 2111 dns
172 2053 200 2112 in
216 2054 320 2114 lucem
335 2053 436 2128 liber;
454 2060 609 2135 quantum
624 2073 700 2135 ergo
716 2056 864 2136 opinione
879 2074 1029 2134 auguror,
1047 2060 1141 2134 alque
1157 2073 1194 2115 ex
1209 2073 1260 2129 eo,
1285 2055 1368 2134 qnod
1398 2073 1521 2116 mecum
1547 2052 1801 2128 communicavit,
1846 2133 1850 2143 ,

118 2150 239 2230 exemplo
255 2150 364 2230 didici,
382 2152 476 2214 iaciat
490 2155 687 2216 eruditorum
703 2153 868 2215 bominum
884 2153 1039 2214 desiderio
1055 2153 1141 2214 satis.

146 2253 254 2310 utnon
273 2249 317 2310 ita
332 2251 588 2329 pretereundum
604 2252 726 2313 silentio
747 2258 826 2327 orat,
843 2251 957 2332 siquid
973 2251 1005 2312 in
1021 2251 1252 2330 chronologicis
1265 2251 1337 2313 libri
1353 2251 1601 2332 uniuscujusque
1615 2251 1698 2314 notis
1725 2267 1802 2314 con-

120 2347 305 2421 iconiorum,
323 2348 378 2426 qui
391 2350 516 2410 easdem
532 2349 670 2412 rationes
685 2350 832 2423 inierunt,
849 2349 1018 2411 sententias
1033 2349 1127 2411 tuerit
1140 2350 1405 2413 animadversum.
1434 2350 1573 2412 Pertinet
1603 2351 1661 2412 boc
1689 2367 1803 2430 nempe

123 2448 149 2507 sd
160 2449 466 2529 Hieronymianarum
484 2470 586 2512 rerum
604 2452 715 2514 seriem
731 2453 829 2533 probe
844 2453 1079 2525 instituendum,
1097 2454 1347 2533 uertendumque
1362 2454 1493 2514 invicem
1511 2472 1606 2532 quam
1622 2453 1722 2515 sicubi
1737 2458 1802 2514 tra·
1921 2447 1925 2461 '

122 2543 232 2622 jectioue
247 2549 355 2628 aliqua
370 2568 501 2629 peccare
516 2551 610 2625 sinas,
626 2550 719 2611 facile
734 2557 800 2612 tota
816 2551 1033 2612 labefactetur.
1046 2554 1085 2611 Et
1100 2569 1173 2612 vero
1189 2569 1259 2612 cum
1272 2552 1414 2612 minister
1428 2551 1631 2631 diltiteamur,
1644 2553 1730 2632 quod
1740 2567 1804 2612 uno
1918 2586 1921 2591 ·

126 2660 210 2704 annu
225 2664 278 2707 ore
294 2649 506 2720 consentiunt,
522 2655 709 2728 constatque
724 2667 794 2710 rum
812 2649 891 2718 aliis,
910 2654 976 2710 tum
993 2649 1052 2710 hoc
1068 2650 1252 2728 presertim.
1270 2650 1452 2729 Hieronymi
1468 2649 1649 2711 testimonio
1669 2650 1701 2710 in
1730 2666 1805 2728 pro-

130 2738 184 2818 lege
195 2741 335 2817 Galeato,
353 2743 434 2824 lege
448 2765 524 2826 ergo
534 2745 674 2827 primum
689 2746 817 2807 Sanruel
830 2751 860 2806 et
875 2744 1049 2807 llialacizim
1064 2767 1174 2808 meum.
1191 2749 1309 2825 Regum
1332 2746 1428 2807 libros
1454 2747 1595 2807 omnium
1626 2746 1746 2825 primos
1773 2744 1805 2804 in

132 2836 209 2900 iurem
226 2842 398 2920 prodiisse:
416 2843 520 2921 placet
535 2862 588 2904 eos
603 2844 697 2905 etiem
714 2844 755 2904 ad
770 2861 888 2905 annum
904 2844 1027 2904 circiter
1040 2847 1099 2905 390
1114 2844 1218 2923 potius
1233 2862 1329 2922 quam
1345 2844 1384 2904 ad
1403 2845 1462 2904 392
1490 2848 1545 2903 aut
1574 2843 1805 2922 insequentem,

132 2940 155 2993 nt
166 2937 247 3016 vulgo
262 2944 388 3019 putant,
406 2941 524 3001 reterri.
542 2940 632 3002 Ratio
648 2959 685 3002 ex
702 2959 739 3001 ea
754 2958 849 3019 quam
865 2941 1015 3002 continuo
1031 2941 1261 3017 subnectemus,
1279 2940 1357 3001 serie
1372 2940 1546 3001 constabit:
1566 2958 1638 2999 nam
1653 2957 1708 3000 eos
1722 2956 1804 3017 pone

130 3036 196 3112 sequi
207 3036 402 3115 psalterium,
419 3045 450 3100 et
465 3039 638 3118 propbetas
653 3056 716 3099 una
731 3056 841 3099 omnes
853 3037 1016 3112 sentimus,
1034 3056 1114 3117 qnos
1129 3038 1226 3099 libros
1240 3055 1325 3098 anno
1339 3039 1408 3110 392,
1426 3056 1488 3116 quo
1502 3036 1688 3115 catalogum
1703 3036 1802 3115 scrip-

130 3135 207 3193 torum
221 3134 503 3197 ecclesiasticorum
520 3137 720 3198 concinnavit
735 3137 766 3197 S.
783 3136 887 3212 Pater,
906 3135 1001 3197 inisse
1012 3136 1080 3215 jem
1096 3136 1135 3197 de
1150 3136 1262 3198 Latino
1276 3136 1309 3196 in
1326 3139 1470 3198 Graecum
1487 3135 1543 3195 abs
1564 3133 1744 3214 Sophronio
1758 3150 1808 3194 re-

129 3226 201 3302 tusos,
217 3232 355 3312 capitulo
369 3233 424 3296 illo
439 3234 478 3295 de
494 3234 673 3315 Sophronia
688 3240 840 3297 testatur:
856 3234 896 3296 ln
916 3233 1072 3315 Graecum,
1087 3235 1202 3314 inquit,
1218 3233 1358 3315 eleganti
1372 3254 1512 3295 sermone
1526 3230 1694 3294 transtulit
1707 3229 1806 3293 Psal-

129 3327 216 3388 tniunr
229 3350 351 3410 qnoque
365 3330 582 3413 etproplretas,
599 3352 676 3413 quos
692 3353 749 3393 nos
764 3332 802 3392 de
815 3330 949 3393 Hebreo
966 3333 1000 3393 in
1014 3332 1159 3393 Latinum
1175 3332 1336 3402 metimus.
1353 3332 1446 3394 Haud
1460 3335 1544 3394 recte
1559 3331 1656 3411 igitur
1670 3329 1806 3408 Martia·
1918 3356 1921 3361 ·

129 3440 195 3486 naus
208 3427 323 3508 aliique
339 3437 410 3508 post
424 3448 475 3491 an.
493 3431 551 3491 393
566 3430 711 3492 Psalterii
727 3430 900 3492 versionem
917 3429 1077 3505 differunt,
1093 3449 1188 3510 quam
1204 3430 1309 3492 adhuc
1323 3430 1460 3492 armario
1476 3430 1614 3491 clausam
1639 3432 1673 3490 S.
1700 3429 1804 3490 luter·

128 3529 221 3598 protem
239 3527 376 3588 tenuisse
393 3533 570 3602 autumant,
587 3547 625 3590 ex
639 3528 687 3589 bis
703 3547 775 3607 quae
790 3529 828 3589 ad
844 3529 1084 3591 Pammachium
1101 3529 1250 3608 espistola
1265 3532 1314 3602 dt),
1331 3548 1402 3607 quae
1418 3527 1486 3608 ejus
1498 3528 1624 3609 quidem
1640 3531 1688 3588 est
1715 3525 1804 3600 anni,
1879 3576 1885 3587 .

127 3621 228 3683 scribit:
246 3622 358 3686 Libros
372 3624 503 3685 sedecim
520 3624 748 3708 Prophetarum
761 3626 862 3706 {nulla
876 3627 1073 3688 Psalmornm
1091 3627 1248 3688 mentione
1264 3627 1362 3702 iacta)
1375 3646 1452 3706 qnos
1469 3626 1501 3686 in
1516 3629 1664 3685 Latmum
1680 3624 1719 3685 de
1739 3621 1806 3685 He·

126 3713 186 3778 brev
199 3741 337 3782 sermone
351 3723 441 3799 verti,
457 3723 488 3782 si
501 3722 630 3804 legemr,
647 3730 677 3784 et
690 3721 841 3785 delectari
855 3729 883 3783 te
896 3722 953 3784 hoc
966 3734 1054 3807 opere
1068 3733 1252 3805 comperero,
1274 3723 1462 3806 provocabis
1491 3743 1547 3783 nos
1574 3722 1667 3783 etiam
1695 3727 1804 3783 cetera

122 3814 210 3878 clausa
223 3820 364 3880 armario
379 3840 440 3880 non
455 3826 566 3883 tenere.
584 3827 702 3904 Nempe
717 3823 893 3901 significare
909 3823 970 3885 hoo
985 3821 1109 3883 silentio
1126 3823 1228 3903 potnit
1243 3822 1463 3901 Hieronymus,
1480 3840 1550 3883 eum
1566 3821 1649 3882 intra
1677 3819 1801 3883 domes·

121 3913 179 3977 ticos
204 3919 341 3998 parietes
369 3920 529 3982 continere
557 3940 589 3983 se
616 3920 744 3996 librum,
777 3940 871 4001 quem
888 3921 996 3983 tandiu
1014 3926 1107 3982 antea
1120 3920 1298 4000 Sophronio
1313 3919 1510 3999 inscriptum,
1527 3919 1656 4000 propria
1671 3919 1711 3980 ad
1731 3936 1801 3979 eum

117 4015 281 4090 pretatione
307 4017 484 4079 munierat:
515 4036 578 4098 quo
595 4019 716 4080 nullum
733 4025 810 4099 pulo
826 4018 972 4081 editionis
988 4017 1183 4078 manifestius
1197 4016 1349 4078 indicium
1370 4025 1427 4078 est.
1442 4020 1554 4095 Neque
1570 4017 1631 4077 boc
1644 4032 1740 4096 porro
1755 4032 1803 4077 so·

117 4110 179 4186 lum,
195 4115 250 4176 sed
265 4120 298 4176 et
311 4119 433 4190 Graece,
449 4117 533 4195 quod
550 4116 636 4195 longi
651 4117 730 4179 adeo
746 4124 792 4180 est
807 4118 921 4197 operis,
938 4118 1129 4198 explicatum
1146 4116 1255 4178 abillo
1271 4135 1335 4177 ona
1363 4134 1433 4177 cum
1465 4113 1627 4194 prophetis
1653 4112 1801 4175 omnibns

111 4212 175 4271 satis
187 4212 361 4291 eleganter,
380 4213 607 4293 vulgatumque
621 4214 705 4293 apud
723 4213 790 4294 ejus
805 4215 921 4294 linguar
938 4214 1090 4289 homines,
1109 4213 1148 4274 ab
1165 4213 1325 4292 superiore
1341 4214 1406 4290 jam
1435 4230 1519 4273 anno
1548 4216 1690 4273 noverat.
1720 4211 1801 4280 Quin

108 4309 192 4370 etiam
208 4310 295 4371 bunc
310 4310 475 4392 prophetis
488 4311 604 4372 librum
620 4312 796 4392 praeponit:
813 4330 929 4393 exque
945 4312 1133 4374 recensionis
1148 4312 1269 4386 ordine,
1286 4311 1432 4372 editionis
1460 4330 1587 4390 quoque
1613 4309 1800 4392 praerogati-

105 4425 167 4467 vam
183 4409 336 4488 colligere
363 4408 573 4470 verosimilius
589 4409 681 4472 licet:
698 4409 866 4472 subsecuta
881 4415 986 4472 autem
1000 4415 1047 4470 est
1062 4409 1166 4470 statim
1184 4407 1257 4469 lobi
1272 4407 1386 4482 versio,
1404 4427 1499 4488 quam
1528 4427 1560 4469 se
1588 4415 1685 4489 nuper
1711 4407 1803 4469 ador·
1906 4442 1910 4459 ι

104 4523 199 4580 nane,
217 4504 350 4586 ejusque
365 4506 485 4568 misisse
500 4507 540 4568 ad
556 4507 736 4568 Marcellam
753 4510 924 4588 exemplar,
942 4508 974 4568 in
990 4507 1118 4569 laudata
1130 4508 1224 4568 modo
1241 4506 1376 4587 epistola
1389 4507 1433 4567 ait
1447 4509 1468 4567 S
1490 4508 1598 4567 Pater:
1614 4523 1652 4566 ex
1667 4523 1731 4585 quo
1745 4504 1803 4564 ite·

105 4620 167 4663 rnm
184 4603 253 4663 falb
269 4604 473 4683 perspicuum
489 4611 536 4667 est
552 4612 621 4686 post
636 4607 856 4669 Maroisneeum
870 4608 960 4681 alios,
977 4606 1031 4686 qni
1046 4606 1204 4686 praeivisse
1219 4605 1336 4667 lobum
1350 4604 1515 4685 prophetis
1543 4603 1724 4684 opinantur.
1749 4603 1805 4665 His

103 4701 192 4778 vulgo
207 4700 331 4763 addunt
345 4709 407 4763 tres
421 4702 517 4765 libros
531 4704 719 4779 Salomonis,
737 4701 816 4784 qiros
828 4724 886 4785 ego
902 4705 1028 4784 quidem
1044 4704 1143 4765 serius
1157 4703 1346 4765 differendos
1366 4723 1403 4766 ex
1433 4701 1556 4784 prologi
1578 4702 1619 4764 ad
1648 4701 1801 4763 Chroma-

106 4797 176 4858 tium
192 4804 289 4878 atque
303 4800 507 4863 Heliodorum
522 4803 625 4864 verbis
639 4803 805 4866 existimo:
822 4804 941 4865 interea
956 4809 1062 4866 tamen
1078 4802 1162 4862 baud
1178 4792 1428 4881 eusim'receptae
1444 4801 1527 4882 apud
1543 4817 1654 4864 omnes
1676 4805 1802 4861 senten·

106 4895 152 4955 tiae
166 4897 329 4976 refragari.

140 4996 238 5073 Atque
265 4994 299 5056 bi
327 4996 453 5058 demum
483 4996 556 5058 libri
583 5017 693 5060 omnes
721 5005 804 5073 sunt,
836 5018 914 5080 quos
942 4998 1057 5061 scimus
1085 4997 1230 5061 editionis
1259 4997 1374 5060 honori
1398 4998 1465 5078 jam
1483 4998 1651 5079 permissos
1671 5001 1803 5058 cotem·

109 5108 185 5169 pore,
203 5113 265 5171 quo
281 5093 320 5154 de
335 5113 366 5154 se
383 5094 591 5176 Hieronymus
607 5102 738 5158 testatus
752 5097 797 5159 ita
812 5103 859 5158 est
873 5097 906 5158 in
927 5098 1090 5176 catalogo,
1107 5094 1202 5156 Fetus
1236 5095 1462 5157 vestamentum
1483 5096 1580 5176 juxta
1607 5093 1802 5155 Hebraicum

109 5189 270 5251 transsluli:
302 5192 388 5270 qnod
417 5192 594 5254 criticorum
623 5194 680 5256 filii
708 5195 753 5256 ite
782 5203 963 5273 σχηματικῶς
990 5196 1108 5256 dictum
1139 5194 1309 5274 accipiunt,
1326 5201 1359 5255 ut
1382 5213 1444 5256 non
1471 5195 1650 5256 universam
1675 5187 1803 5271 proprie

109 5284 304 5365 Scripturam,
322 5290 376 5350 sed
393 5310 471 5369 quas
486 5292 643 5355 duntaxat
658 5292 871 5354 recensuimus
884 5292 978 5355 modo
993 5299 1099 5373 partos
1110 5312 1165 5373 per
1180 5293 1212 5353 id
1228 5293 1379 5373 temporis
1395 5293 1592 5355 transtulisse
1607 5308 1677 5352 eum
1688 5287 1798 5349 velint.

112 5383 180 5444 Vere
193 5404 249 5465 rgo
264 5387 380 5448 dixisse
395 5390 427 5450 S.
444 5391 609 5451 Ductorem
624 5389 781 5470 existim0,
799 5394 965 5470 totumque
976 5391 1043 5471 iam
1060 5392 1100 5452 ab
1115 5410 1152 5453 eo
1169 5391 1324 5453 redditum
1355 5391 1463 5455 Latine
1491 5392 1587 5452 Vetus
1614 5391 1799 5450 Testamen-

112 5485 182 5556 tum,
197 5484 253 5545 nisi
268 5486 293 5546 si
306 5503 402 5565 quam
417 5485 550 5548 tortasse
565 5487 712 5567 exiguam
726 5487 794 5568 ejus
809 5493 931 5568 partem
948 5491 1092 5572 excipere
1106 5490 1210 5564 liceat,
1228 5489 1318 5570 cujus
1346 5489 1389 5551 ibi
1417 5489 1579 5570 sigillatim
1609 5484 1799 5559 meminisse,
1862 5540 1865 5547 .

111 5577 182 5639 nibil
195 5581 353 5648 intererat.
370 5587 411 5648 Et
425 5591 512 5649 certa
529 5604 591 5667 quc
606 5591 748 5668 tempore
762 5586 834 5650 lobi
849 5586 1024 5651 versionem
1040 5589 1146 5663 refert,
1160 5587 1226 5668 ism
1243 5595 1274 5650 et
1288 5592 1396 5649 cetera
1411 5586 1517 5649 clauso
1532 5585 1672 5650 armorio
1700 5589 1802 5646 tenere
