3870 6120
105 192 161 253 88⁷

143 317 266 376 redemit
279 316 454 376 Jerusalem.

622 198 653 252 S.
673 196 877 255 mnodum
894 196 1024 253 Divitia
1040 195 1290 255 clauorum.

938 320 968 389 Α
1023 323 1051 376 st
1064 317 1094 374 ln
1110 316 1232 375 divitem
1246 330 1301 389 pro
1315 316 1496 373 morasus:

111 391 224 450 eamne
238 387 538 446 Dominusbruchium
549 396 684 448 sanctum
696 391 821 448 suumin
831 388 925 449 oculis
987 391 1027 447 llo
1038 390 1113 461 qood
1131 389 1320 461 iniquitatem
1336 402 1394 443 nou
1411 384 1526 456 lecerit,

180 462 312 519 omnium
328 463 479 533 gentium:

146 536 175 589 et
188 533 328 589 videbunt
336 547 438 589 omnes
449 531 610 589 finestsrrm
622 534 749 592 salutaro
760 535 811 591 Dei
821 533 925 592 nostri.

111 604 258 674 Recedite,
274 603 411 673 recedite,
428 604 505 660 saite
521 605 600 673 inde,

145 675 290 748 pollutum
306 673 395 731 nolite
419 678 547 747 tangere,

145 747 220 803 exite
236 744 272 801 ds
283 746 379 802 medio
390 747 465 818 ejus,

146 816 331 874 mundamini
346 818 397 890 qui
412 817 493 875 tertis
509 835 578 874 vasa
593 819 719 876 Domini.

112 888 254 958 Quoniam
267 906 325 945 non
341 889 369 945 in
386 889 517 945 tumultu
533 890 659 960 exibitis,

148 977 201 1018 nso
211 960 241 1015 in
253 959 323 1034 luga
338 962 532 1033 properabitis
544 979 551 1018 :

111 1033 256 1089 Procedot
271 1032 349 1088 enim
360 1048 411 1089 vos
427 1033 580 1106 Dominus,

148 1109 178 1161 et
192 1104 381 1177 congregabit
394 1121 444 1160 vos
456 1104 533 1160 Deus
546 1106 646 1163 lsrael.

113 1180 187 1234 itone
200 1174 349 1249 intelliget
364 1192 467 1232 servus
483 1192 578 1248 meus,

150 1247 326 1304 exaltabitur
340 1252 368 1303 et
382 1246 554 1320 elevabitur,

149 1323 179 1375 ct
194 1318 332 1375 sublimis
347 1320 404 1375 erit
418 1319 515 1376 valde.

115 1391 198 1448 Sicut
212 1389 429 1472 obstupuerunt
442 1408 530 1462 super
539 1396 569 1447 te
579 1391 675 1460 multi,

149 1462 192 1519 sio
207 1461 350 1535 inglorius
365 1463 421 1519 crit
437 1464 512 1519 lotar
526 1464 605 1519 uiros
616 1468 755 1536 aspectus
779 1465 855 1537 ejus,

152 1536 183 1590 et
194 1532 289 1590 iorma
303 1534 368 1605 ejus
383 1534 460 1591 inter
475 1534 551 1590 illios
568 1536 733 1593 hominum.

117 1609 174 1663 Icta
189 1610 326 1679 espurget
340 1611 442 1678 gentos
460 1607 582 1675 multas,

152 1693 240 1751 super
251 1677 347 1804 ipsum
370 1678 561 1735 continebunt
577 1695 660 1751 reges
675 1694 709 1736 os
724 1693 830 1735 auum:

120 1748 200 1874 tlrripi
207 1763 257 1820 qur
280 1765 316 1875 ps
332 1754 447 1807 nonest
462 1750 515 1823 (at.
532 1755 605 1819 erat)
621 1754 774 1807 narratam
788 1751 825 1806 de
839 1766 884 1817 eo,

152 1836 181 1877 ur
204 1835 276 1876 erun
305 1840 313 1889 ;

153 1896 182 1949 et
196 1892 247 1963 qni
263 1908 320 1948 non
336 1891 500 1961 audierant,
516 1892 703 1965 contemplati
716 1899 795 1951 sunt.

126 1963 204 2037 (Cup.
219 1963 304 2046 Llll.)
320 1963 390 2030 Quis
405 1964 530 2019 credidit
544 1964 657 2020 auditui
674 1966 798 2023 nostro‘l

155 2039 186 2092 ct
201 2033 353 2091 brachtum
367 2035 486 2091 Domini
502 2035 548 2090 cui
565 2035 722 2092 revelatum
738 2036 805 2094 est?

120 2107 156 2163 Et
172 2107 311 2162 ascendet
326 2107 403 2163 sicut
418 2106 565 2179 virgulum
583 2124 681 2163 coram
697 2124 742 2179 eo,

156 2178 232 2234 siout
244 2176 326 2233 radix
341 2178 377 2233 de
394 2184 468 2233 terra
484 2177 613 2234 sitienti:

119 2249 182 2306 Non
197 2253 243 2304 est
256 2248 367 2320 species
381 2248 418 2315 al,
435 2265 528 2320 neque
538 2251 634 2306 decor:

154 2326 185 2377 st
200 2319 328 2375 vidimus
343 2336 422 2377 eum.

157 2395 186 2448 at
202 2407 260 2447 non
275 2396 337 2447 erat
351 2395 499 2463 aspectus,

156 2465 185 2519 st
199 2463 431 2520 desideravimus
446 2479 525 2519 eum.

120 2540 306 2609 Despectam,
320 2540 349 2589 et
364 2534 557 2590 novissimum
573 2533 716 2604 virorum,

120 2607 220 2665 Virum
236 2605 382 2677 dolorum,
398 2611 427 2662 et
439 2605 579 2662 scientem
596 2606 798 2665 infirmitatem
816 2627 823 2664 :

157 2678 244 2806 pppisei
252 2677 450 2806 illlwrssnlltm·
465 2677 562 2805 vultrps
575 2679 641 2805 1epus
656 2680 867 2754 etOdeapectus,

405 2767 521 2806 uramus
555 2767 571 2804 u
608 2794 614 2805 .

121 2822 196 2880 Vera
211 2768 369 2895 tanguorel
384 2828 501 2878 nostros
517 2822 524 2875 i
528 2837 580 2893 pse
595 2821 672 2889 tulit,

160 2898 189 2951 ct
204 2893 320 2950 dolcrss
332 2900 449 2951 nostros
464 2894 526 2966 ipso
541 2892 599 2964 (el.
612 2898 685 2950 lucet
702 2893 774 2965 ipse]
798 2893 938 2968 portarit:

159 2972 188 3023 et
205 2982 257 3021 nos
272 2966 441 3038 putavimus
455 2982 521 3022 eum
538 2965 623 3037 quasi
638 2966 798 3038 leprosum,

160 3041 189 3095 ct
204 3053 376 3109 percussum
392 3055 408 3093 a
422 3043 481 3093 Deo
497 3043 526 3092 et
541 3036 744 3103 humiliatum,

121 3108 188 3180 lpse
202 3112 301 3165 autern
316 3109 486 3165 vulneratus
501 3112 546 3164 est
561 3115 681 3180 propter
696 3108 865 3180 iniquitates
890 3123 941 3163 no·

193 3182 271 3234 strae
284 3197 291 3235 :

157 3248 278 3306 attritus
290 3252 336 3307 cst
351 3253 471 3333 propter
485 3248 596 3305 scelera
611 3253 729 3307 nostra:

124 3319 284 3447 Disciplina
300 3337 380 3394 pacis
397 3326 502 3377 nostres
518 3338 608 3393 super
622 3338 700 3391 eum,
805 3336 810 3346 ·

157 3396 188 3449 et
214 3392 290 3448 ivore
305 3394 370 3463 ejus
387 3393 481 3447 sanati
496 3408 613 3448 sumus.

158 3463 265 3521 Omnes
281 3480 334 3519 nos
350 3464 434 3535 quasi
450 3479 517 3519 oves
530 3463 702 3530 erravimus,

159 3534 364 3607 unnsquisque
379 3534 409 3590 in
424 3535 499 3589 viam
515 3552 599 3591 snam
616 3534 793 3592 declinavit:

1023 477 1115 532 neque
1130 460 1216 517 dolus
1233 458 1322 515 luerit
1334 458 1365 514 in
1381 474 1430 514 ore
1444 459 1522 531 ejus.

989 535 1020 590 et
1036 533 1175 589 Dominus
1190 531 1283 587 voluit
1297 536 1447 587 conterere
1459 546 1528 587 eum
1544 528 1575 585 in
1593 528 1781 587 infirmitate:

986 605 1015 663 Si
1033 605 1164 677 posuerit
1178 620 1230 675 pro
1246 608 1365 675 peccato
1381 603 1511 658 animam
1529 616 1631 672 snam,

1023 677 1244 732 videbitsemen
1260 675 1437 757 longaevum,

1024 753 1053 805 et
1067 748 1201 804 volontas
1217 744 1330 802 llominr
1345 746 1375 800 in
1391 761 1481 801 mann
1497 744 1563 814 ejus
1574 743 1735 817 dirigetur.

989 827 1044 878 Pro
1059 835 1093 876 eo
1109 819 1186 891 quod
1200 817 1343 874 laboravit
1357 816 1411 888 (At.
1428 815 1731 891 laboraverit)anima
1741 815 1803 889 eju,

1025 891 1136 947 videbit
1152 895 1181 946 ct
1195 889 1396 946 saturabitur:

991 965 1023 1021 ln
1040 963 1226 1019 scientiasua
1232 960 1409 1033 justificabit
1420 958 1483 1032 ipse
1494 958 1600 1031 justas
1616 974 1721 1015 servus
1735 974 1802 1016 mens

1027 1035 1080 1107 (Al.
1097 1051 1195 1090 servos
1210 1033 1302 1105 meos)
1316 1031 1428 1088 multos
1444 1031 1466 1100 ²,

1028 1112 1056 1162 et
1071 1106 1241 1177 iniquitates
1255 1119 1357 1160 eornm
1373 1102 1438 1175 lpse
1453 1101 1591 1174 portabit.

992 1180 1060 1237 ldeo
1075 1176 1246 1249 dispertiam
1262 1175 1288 1231 ei
1304 1174 1470 1248 plurimos:

1029 1255 1058 1305 et
1070 1250 1188 1305 tortium
1204 1247 1315 1303 dividet
1329 1245 1434 1318 spolia,

995 1328 1052 1378 Pro
1068 1338 1101 1377 eo
1117 1319 1194 1392 quod
1206 1319 1328 1374 tradidit
1343 1318 1372 1373 in
1390 1321 1513 1372 mortem
1530 1315 1664 1373 animam
1680 1333 1764 1384 suum,

1030 1398 1139 1448 etcum
1155 1392 1303 1447 sceleratis
1320 1392 1473 1463 reputatus
1488 1393 1554 1443 eat:

994 1465 1030 1520 Et
1044 1465 1107 1536 ipse
1123 1467 1274 1536 peccatum
1291 1461 1452 1518 multorum
1468 1458 1548 1526 tulit,

1030 1541 1059 1592 et
1074 1552 1126 1608 pro
1141 1534 1410 1606 transgressoribus
1423 1535 1535 1604 rogavit
1549 1530 1571 1585 ⁸.

997 1608 1076 1681 (Cap.
1092 1607 1172 1677 niv.)
1187 1607 1296 1672 Lauda,
1312 1603 1432 1674 sterilis,
1448 1619 1514 1677 qum
1531 1618 1589 1658 non
1606 1601 1701 1675 paris:

1033 1680 1157 1735 decanta
1171 1677 1301 1743 laudem,

1033 1755 1061 1806 st
1077 1749 1159 1805 binni
1176 1766 1239 1821 quaa
1255 1764 1312 1804 non
1328 1745 1483 1819 pariebas:

997 1821 1141 1888 Quoniam
1157 1820 1241 1876 multi
1256 1819 1311 1875 tilii
1326 1820 1459 1882 desertae,

1034 1893 1128 1977 magis
1143 1907 1233 1964 quom
1248 1894 1313 1964 ejus
1329 1907 1392 1963 quo
1407 1889 1536 1946 babebat
1551 1886 1660 1957 virum,
1675 1887 1738 1944 dicit
1749 1893 1791 1944 llo·

1069 1981 1179 2021 minus.

999 2036 1093 2093 Dilata
1107 2036 1204 2093 locum
1220 2034 1337 2091 tentorii
1348 2034 1404 2102 tui,

1032 2114 1061 2164 et
1078 2107 1169 2180 pelles
1185 2104 1442 2164 tabernaculorum
1471 2107 1593 2160 tuorum
1622 2102 1746 2173 extende,
1768 2115 1792 2156 ne

1089 2195 1189 2235 arcas:

998 2198 1111 2324 sargos
1127 2252 1171 2306 iac
1189 2247 1336 2305 lunicolos
1351 2252 1429 2318 tuos,

1034 2331 1062 2379 et
1075 2322 1171 2378 clavos
1187 2319 1429 2387 tuos,cousolida.

999 2396 1042 2450 Ad
1059 2395 1207 2450 dexteram
1222 2392 1301 2448 enim
1317 2397 1346 2447 at
1360 2392 1396 2447 ad
1413 2391 1515 2446 lavam
1529 2387 1695 2461 penetrabis
1710 2405 1716 2444 :

1034 2472 1063 2522 et
1078 2482 1179 2522 semen
1196 2469 1279 2520 tuum
1295 2468 1398 2536 gentes
1413 2461 1608 2531 hereditabit,

1034 2544 1063 2594 et
1077 2537 1209 2594 civitates
1224 2536 1356 2591 desertas
1371 2533 1559 2590 inhabitabit.

998 2609 1062 2667 ltoli
1079 2609 1192 2672 timere,
1209 2608 1280 2679 qaia
1296 2624 1352 2663 non
1368 2605 1569 2674 contunderis,
1596 2601 1796 2676 nequeerubee·

1034 2698 1100 2738 ces:
1118 2698 1175 2736 non
1191 2680 1268 2735 enim
1285 2686 1313 2734 te
1328 2678 1461 2751 pudebit,

1035 2755 1102 2826 qula
1118 2750 1300 2808 confusionis
1324 2747 1526 2805 adolescentia
1547 2753 1605 2803 tura
1629 2742 1795 2808 oblivisceris,

1034 2832 1063 2882 et
1073 2823 1221 2949 opprobrii
1238 2820 1388 2878 viduitatis
1404 2826 1461 2877 tna
1476 2836 1533 2877 uon
1550 2817 1744 2876 recordaberis
1752 2831 1797 2873 an·

1105 2914 1159 2950 rus.

1000 2915 1290 3033 Quiapdominabltnr
1305 2962 1348 3019 tui
1362 2963 1412 3035 qni
1429 2963 1496 3019 lecit
1515 2967 1555 3027 ts,

1037 3040 1180 3095 Dominus
1192 3037 1371 3093 exercituum
1389 3051 1494 3091 nomen
1506 3034 1570 3104 ejus
1585 3050 1592 3089 :

1037 3119 1065 3166 et
1081 3111 1245 3179 redemptor
1260 3113 1329 3163 tuus
1342 3112 1462 3163 sanctus
1476 3106 1577 3173 lsrael,

1037 3188 1115 3239 Deus
1130 3181 1226 3238 omnis
1241 3186 1324 3236 terroe
1339 3179 1502 3235 vocabitur.

1001 3255 1075 3319 Quia
1091 3258 1122 3308 ut
1137 3252 1289 3308 mulierem
1302 3250 1470 3307 derelictam
1481 3253 1510 3306 et
1521 3252 1692 3305 moerentem
1704 3243 1798 3319 spirito,

1072 3326 1184 3382 vocavit
1203 3328 1231 3379 te
1246 3323 1397 3389 Dominus,

1037 3401 1066 3453 et
1081 3413 1198 3454 uxorem
1215 3396 1251 3452 ab
1278 3391 1475 3451 adolescentia
1493 3391 1650 3464 abjectum,
1665 3388 1733 3447 dixit
1744 3388 1798 3445 bene

1071 3473 1152 3526 tuus.

1001 3540 1045 3595 ad
1061 3544 1202 3612 punctum
1217 3538 1246 3593 in
1261 3537 1373 3593 modico
1384 3534 1525 3607 dereliqui
1540 3539 1580 3603 te,

158 3606 336 3664 atDominus
349 3606 447 3681 posuit
458 3606 487 3662 in
501 3622 534 3663 eo
546 3606 734 3680 iniquitatem
744 3607 877 3663 omnium
890 3625 943 3665 no-
1036 3617 1063 3668 ct
1075 3611 1103 3666 in
1121 3609 1484 3680 miserationibusmagnis
1497 3622 1605 3679 congre
1627 3606 1683 3661 abo
1698 3608 1734 3660 te.

197 3685 301 3735 strum.

124 3748 247 3807 Oblatas
263 3754 317 3819 est,
334 3748 477 3821 quiaipse
492 3746 593 3815 uoluit,

159 3827 188 3878 et
203 3838 260 3879 non
277 3821 392 3894 aperuit
408 3836 441 3876 os
455 3836 544 3875 sunm
559 3840 566 3887 3

121 3893 201 3950 Sicut
217 3893 279 3951 ovis
294 3894 329 3949 ad
347 3892 524 3949 occisionem
541 3893 674 3958 ducetur,

158 3971 187 4023 et
200 3967 285 4038 quasi
301 3980 511 4037 agnoscerem
527 3964 667 4020 tundente
686 3964 880 4036 obmutescet,

157 4041 186 4094 et
200 4055 258 4095 non
275 4036 385 4107 aperiet
398 4052 431 4092 os
447 4052 548 4091 suum.

119 4109 160 4166 lle
174 4109 319 4182 angustia,
337 4114 366 4164 et
381 4109 416 4164 de
429 4107 540 4178 judicio
556 4105 691 4162 sublatus
707 4110 769 4163 ost:

155 4182 373 4264 generationem
389 4181 453 4250 ejus
469 4180 536 4251 quis
552 4178 718 4234 enarrabit:

120 4249 194 4314 Oura
210 4252 397 4309 abscisusest
413 4252 447 4305 do
462 4256 538 4305 terra
553 4249 733 4306 viventium?

154 4329 273 4395 propter
289 4323 385 4379 scelus
400 4321 500 4395 populi
520 4323 575 4377 mei
602 4323 749 4393 percussit
770 4337 838 4379 eum
865 4324 887 4380 ¹.
906 4323 941 4378 Et

189 4394 271 4451 dabit
284 4395 391 4467 impios
406 4410 458 4467 pro
474 4394 636 4466 sepultura,

153 4603 161 4637 ¹
176 4606 236 4660 [loc
252 4605 338 4660 modo
353 4604 456 4677 legunt
467 4605 646 4677 exemplaria
656 4604 781 4663 Canania
791 4607 937 4665 Hebraico

116 4674 938 4751 veritatis:licetincarcassonensiemendatorinrperitus

118 4745 240 4803 eraserit
268 4747 401 4803 ultimam
417 4747 543 4804 litteram
557 4749 634 4804 uocis
646 4752 788 4820 percussit.
800 4752 938 4809 llamdem

118 4833 237 4890 quoquo
252 4819 358 4874 retinet
374 4816 530 4875 lectionem
549 4819 624 4875 liber
637 4824 828 4892 [ierantiquns
840 4824 938 4881 dictus

118 4897 214 4948 (lomes
228 4891 318 4945 suncti
331 4890 502 4963 Hieronymi,
518 4891 578 4948 siun
592 4891 782 4950 lectionarius
799 4912 865 4960 ma,

117 4963 202 5034 cnjus
213 4966 317 5018 auctor
333 4976 435 5017 omnes
452 4966 548 5035 partes
562 4963 753 5021 instrumenti
764 4966 876 5023 Voturia
887 4967 937 5021 de·

116 5033 293 5107 snrnpsitex
321 5030 449 5088 editione
465 5034 689 5107 llicronymlana
716 5037 751 5091 ad
778 5037 937 5093 Hebraicos

116 5105 233 5175 codices
261 5104 446 5171 concinnata,
472 5111 503 5159 ut
531 5105 616 5161 testis
640 5111 684 5162 eat
713 5108 936 5178 precatiuncula

115 5178 247 5250 ejusdcm
261 5175 336 5232 libri.
351 5174 414 5231 ntia
425 5190 496 5229 mss.
508 5175 666 5232 Bibliorurn
679 5195 829 5234 sacrorum
842 5197 937 5235 crasm-

118 5249 214 5323 pluria
227 5247 405 5306 concordant
424 5263 489 5302 cum
520 5246 644 5318 Vulgata
673 5258 783 5313 nostra,
813 5269 877 5322 quae
905 5251 935 5307 in

117 5322 213 5391 primu
229 5335 353 5392 persona
367 5317 444 5390 lea-it,
456 5317 580 5390 percussi
593 5334 667 5373 errra.
689 5320 853 5377 Notandum
869 5338 936 5379 vero

117 5393 149 5449 in
166 5410 222 5451 ms.
238 5388 418 5458 Gorbeiensi,
435 5406 516 5445 num.
533 5390 577 5455 12,
594 5390 738 5463 scriptum
756 5410 821 5448 asse
840 5396 936 5465 prima

117 5480 218 5537 manu,
232 5466 356 5538 percussi
368 5478 421 5531 eos,
436 5469 465 5517 et
479 5465 627 5517 mutatum
644 5463 749 5519 deinde
762 5463 791 5517 in
802 5467 935 5537 percussit

117 5552 191 5605 curm
204 5543 325 5594 econtra
338 5534 429 5593 codex
443 5533 551 5607 Regius
567 5549 649 5588 num.
663 5533 734 5590 3563
757 5537 933 5592 emendatus

116 5605 188 5679 legit
198 5610 332 5680 percussit
345 5623 399 5675 eoae
413 5622 479 5662 cnm
490 5612 573 5661 antea
582 5604 717 5661 habuerit
726 5609 850 5675 percussi
861 5624 934 5664 eum.

117 5681 206 5734 Porro
224 5679 253 5736 ln
268 5679 355 5736 editis
366 5678 449 5737 libris
460 5677 744 5735 Commentariorum
761 5678 934 5736 sanctinis·

116 5748 240 5821 ronymi,
256 5767 289 5806 ac
304 5750 333 5805 in
350 5767 423 5808 mss.
441 5749 659 5825 antiquioribus
669 5768 703 5808 ac
714 5749 843 5809 melioris
859 5756 935 5809 notae

1001 3685 1033 3739 ln
1047 3686 1195 3739 momento
1210 3679 1423 3752 indignationis
1433 3678 1575 3735 abscondi
1605 3621 1710 3733 finalem
1724 3684 1798 3731 mern

1072 3771 1228 3827 parumper
1240 3770 1257 3809 a
1272 3760 1309 3808 to.
1784 3811 1789 3822 .

1035 3830 1063 3881 et
1080 3827 1108 3882 in
1127 3824 1326 3881 misericordia
1335 3822 1515 3894 sempiterna
1529 3821 1673 3878 misertus
1689 3834 1751 3876 sam
1759 3820 1797 3871 tot:

1036 3898 1109 3953 dixit
1125 3898 1288 3969 redemptor
1302 3901 1371 3951 tuns
1387 3895 1541 3951 Dominus.

1000 3969 1081 4025 Sicut
1097 3970 1124 4023 in
1141 3970 1244 4025 diebus
1262 3968 1320 4025 Noe
1334 3967 1411 4023 istud
1428 3966 1501 4021 mihi
1515 3969 1569 4029 est,

1036 4040 1082 4167 cuti
1095 4040 1190 4109 ¹iuraui
1207 4057 1243 4096 ne
1258 4041 1426 4097 inducerem
1443 4054 1535 4110 aquas
1550 4036 1611 4093 Noe
1635 4032 1713 4091 ultra
1733 4042 1801 4105 anper

1083 4128 1199 4167 ernam:

1035 4183 1077 4239 sic
1083 4185 1180 4255 juravi
1198 4187 1230 4239 ut
1246 4200 1303 4239 non
1315 4182 1425 4237 irascar
1436 4179 1499 4250 tibi,
1512 4184 1540 4236 et
1550 4195 1608 4235 non
1623 4178 1765 4250 increpem
1773 4177 1801 4255 tt·

998 4260 1111 4312 Montes
1127 4257 1205 4381 epiro
1221 4254 1492 4324 commovebuntur,
1508 4256 1537 4308 et
1552 4250 1642 4308 collas
1663 4256 1802 4308 contuent-

1070 4344 1137 4382 scen
1162 4345 1170 4381 ε

1035 4398 1237 4455 misericordia
1250 4402 1346 4454 autern
1363 4413 1428 4453 mea
1443 4412 1500 4452 non
1512 4394 1630 4452 recedet
1643 4410 1661 4451 a
1674 4397 1713 4462 te,

997 4611 1124 4683 legimns
1138 4610 1272 4682 praecessit
1286 4625 1331 4665 ros
1347 4608 1510 4665 secundnm
1526 4608 1649 4664 Hebraea
1667 4606 1753 4663 verba
1766 4609 1800 4682 tlt

996 4694 1051 4745 lizi
1071 4702 1151 4753 irropn
1168 4682 1260 4751 loo103
1276 4698 1339 4752 qnae
1355 4682 1391 4736 ab
1407 4680 1520 4752 aliquot
1533 4679 1657 4737 cruditis
1682 4678 1724 4735 ita
1746 4686 1800 4733 acet·

998 4757 1129 4828 pluntur,
1146 4771 1178 4810 ac
1194 4755 1218 4809 si
1234 4760 1353 4815 essetis
1372 4763 1433 4821 ltin,
1454 4768 1522 4824 nepo
1554 4751 1592 4821 to,
1613 4752 1642 4807 id
1668 4754 1714 4807 est
1739 4748 1800 4821 plcet

996 4827 1033 4891 ci,
1051 4828 1111 4882 sive
1126 4825 1260 4896 pererrauit
1275 4841 1348 4889 erim,
1379 4841 1431 4895 pro
1447 4825 1582 4895 percaute
1610 4840 1665 4880 eos.
1683 4828 1722 4877 De
1748 4822 1800 4876 mut

997 4901 1081 4971 proto
1094 4899 1281 4955 alrleeriucos
1290 4914 1391 4953 sacros
1403 4895 1623 4951 iuhunclocnm
1632 4895 1799 4951 isaianum·

1032 4999 1043 5031 ⁹
1058 4998 1178 5069 Aliquot
1193 4995 1308 5051 codices
1320 5011 1376 5050 ms.
1387 5011 1454 5049 cum
1467 4991 1686 5066 exemplaribus
1696 4984 1800 5051 &nouit

998 5067 1098 5139 legunt
1114 5069 1141 5122 in
1160 5067 1328 5122 accusativo
1340 5082 1423 5134 casu,
1433 5082 1526 5122 serum
1535 5081 1609 5120 meos
1618 5066 1729 5130 ocultus,
1741 5052 1798 5135 qootl

996 5154 1029 5194 ex
1042 5139 1160 5194 llebrueo
1177 5150 1248 5204 siau
1279 5138 1403 5209 intelligi
1427 5147 1519 5207 potest
1538 5154 1545 5202 ;
1561 5154 1631 5193 nam
1654 5138 1679 5193 si
1708 5135 1799 5207 legata

994 5214 1066 5265 curti
1077 5210 1119 5264 val
1140 5211 1214 5273 abdi,
1234 5212 1444 5280 interpretatur
1457 5225 1550 5264 seuerus
1564 5225 1656 5264 orsus:
1674 5209 1700 5265 si
1724 5210 1798 5264 satec

994 5281 1099 5336 arados·
1114 5282 1232 5347 alodui,
1248 5297 1338 5338 seruos
1354 5298 1425 5338 oreos
1438 5280 1595 5347 sianifioat.
1612 5285 1707 5336 naar.

1031 5378 1042 5412 ³
1059 5378 1144 5434 addit
1161 5379 1216 5434 hoc
1232 5376 1296 5434 loco
1315 5380 1414 5434 Canon
1443 5378 1697 5439 carcassonensis,
1711 5385 1741 5433 ut
1760 5382 1800 5428 act

993 5451 1129 5521 perirent,
1142 5452 1218 5522 qnod
1236 5451 1420 5521 superfluum
1436 5454 1491 5518 est,
1504 5465 1555 5505 nec
1571 5450 1650 5521 apud
1662 5445 1801 5505 attumne

995 5525 1044 5576 tur
1053 5520 1253 5594 interpretem:
1266 5522 1316 5578 sod
1325 5523 1515 5593 desumptum
1528 5525 1573 5576 set
1583 5513 1801 5580 exlectioouiiu

995 5608 1062 5647 num
1080 5594 1172 5650 Comes
1187 5595 1213 5648 S.
1230 5593 1397 5664 Hieronymi
1415 5593 1503 5648 habet
1517 5591 1802 5649 iatanaddnameutu.

995 5664 1027 5722 cr
1043 5679 1096 5719 nou
1109 5665 1233 5737 perirent
1248 5683 1257 5721 .·
1273 5668 1315 5722 uit
1331 5665 1463 5722 Dominus
1478 5666 1664 5737 omnipotens.
1684 5669 1772 5723 Maur.
