3870 6120
74 275 141 336 113
788 253 1096 320 pneumaticus.
1731 251 1791 313 itt

73 405 240 486 Quidquid
272 406 312 467 sit
338 404 378 466 de
414 396 645 483 grammaticali
674 387 944 472 significationen
961 406 1026 448 non
1045 389 1128 449 enim
1142 389 1279 470 propriis
1306 388 1487 451 nominibus
1513 384 1605 448 multi
1628 381 1789 445 rocaben-

73 502 205 564 illorum
238 502 420 575 verborum,
445 505 565 562 certum
590 500 637 557 est
671 491 798 554 ludaeos
830 503 902 548 cum
958 491 1020 558 tur,
1050 488 1105 548 sed
1132 487 1252 566 ingenii
1280 487 1396 568 saepius
1438 484 1654 548 nominatione
1684 497 1789 544 emen·

73 600 257 676 scholiasta,
288 600 422 680 mystica
459 598 574 659 saltem
602 589 797 672 expositione
827 603 903 646 con·
957 583 1014 645 tite
1036 601 1090 645 eos
1116 584 1171 647 alii
1199 587 1401 664 cooptabant.
1431 582 1522 647 Unde
1556 586 1696 643 ioannes
1723 579 1787 640 lta·

74 701 197 777 spirare
224 698 257 759 in
286 715 413 760 sensum
435 690 630 772 Hieronymi.
659 686 738 760 Ouia
758 683 783 744 si
814 680 905 743 meri·
956 680 1107 743 billonius
1121 689 1227 744 noster
1255 685 1526 744 tomolveterum
1540 678 1782 748 analectorum,

73 797 114 856 tis
141 795 313 858 humilium
355 799 387 855 et
428 793 619 854 afflictorum
655 784 792 847 mundus
827 783 901 847 stat.
957 796 1030 856 pag.
1074 781 1144 856 370,
1189 781 1316 858 tutetur,
1363 778 1521 841 Cucutum
1551 774 1730 837 Menalcam
1755 778 1785 833 et

73 893 289 956 hauddubie
325 892 471 954 cardines
499 890 547 952 illi
575 893 649 949 suut
675 883 790 964 quibus
818 885 903 940 totus
956 873 1111 958 Daphnin
1165 878 1296 940 nomina
1358 895 1426 939 esse
1475 874 1677 956 supposititia
1725 889 1784 951 pro

74 991 161 1053 orbis
187 990 357 1052 innitatur.
396 991 466 1052 Jam
495 986 521 1049 si
547 986 580 1046 in
608 982 777 1044 scholiasta
807 983 838 1039 et
870 976 903 1036 in
960 975 1054 1046 veris,
1109 975 1217 1056 qualia
1259 976 1298 1037 de
1340 993 1427 1037 more
1465 978 1596 1053 usurpat
1631 969 1785 1032 Alcuinus

73 1097 205 1152 auctore
226 1088 445 1152 Traditionnm
464 1085 620 1166 ipsissima
639 1081 736 1142 rerba
750 1076 904 1174 requiras,
961 1077 992 1132 et
1008 1072 1239 1154 Theodulphus
1255 1075 1423 1154 episcopus
1451 1070 1696 1141 Aurelianensis,
1725 1084 1784 1129 nec

72 1187 360 1250 consulendustibi
383 1192 431 1248 est
457 1185 544 1246 locus
570 1181 630 1242 iste
657 1196 727 1258 cap.
759 1195 791 1248 x,
822 1194 903 1243 vers.
958 1171 1038 1232 scire
1067 1174 1205 1252 potuisse
1234 1173 1363 1254 quinam
1391 1172 1509 1235 tuerint
1536 1169 1694 1243 Menalca,
1735 1169 1784 1231 vel
1888 1179 1895 1189 '

72 1288 128 1346 25:
157 1288 299 1346 Locutus
327 1290 374 1345 est
401 1281 528 1343 Samuel
555 1279 598 1339 ad
621 1274 773 1358 populum
801 1273 903 1354 legem
957 1267 1118 1351 Daphnis,
1142 1273 1192 1334 vel
1225 1271 1389 1334 Cucutus:
1418 1272 1478 1333 nisi
1511 1270 1596 1351 quod
1624 1266 1785 1330 existimat

70 1383 177 1463 regni.
195 1383 259 1446 Ubi
274 1389 407 1461 uterque
422 1380 534 1458 Habet,
564 1374 717 1438 Hebraeus
737 1370 902 1451 judicium
956 1367 996 1430 dc
1027 1367 1162 1446 Cucula,
1193 1390 1264 1433 cum
1289 1390 1357 1435 esse
1377 1371 1477 1432 fllium
1501 1370 1590 1431 illum
1616 1365 1783 1447 prodigum

70 1480 177 1560 regni,
194 1479 380 1543 nibilaliud
408 1477 612 1541 observantes
632 1475 749 1552 praetcr
775 1488 900 1531 sensum
956 1465 1042 1546 (Luc.
1060 1488 1111 1544 xr,
1137 1473 1176 1532 11
1203 1471 1313 1551 seqq.),
1343 1468 1433 1550 cujus
1460 1466 1785 1547 intemperantiamet

69 1577 345 1656 grammaticalem
387 1577 475 1639 verbi
515 1596 616 1644 noan
651 1568 798 1651 misphat,
837 1568 901 1630 sive
956 1584 1062 1628 casum
1093 1568 1216 1648 plangit
1252 1569 1403 1631 Atacinus
1432 1570 1464 1629 in
1494 1566 1635 1647 epistolis
1664 1566 1722 1627 10³
1750 1570 1783 1627 et

69 1675 199 1756 mispat.
229 1675 318 1736 Idem
340 1673 499 1752 intelligas
527 1672 567 1732 de
596 1667 709 1752 Ephad
730 1665 823 1742 tinea,
852 1666 901 1727 in·
956 1668 1026 1727 11t.
1058 1667 1123 1728 lloc
1140 1666 1234 1729 modo
1263 1667 1390 1729 nomine
1405 1664 1535 1727 Hebraei
1557 1662 1714 1744 appellari
1728 1680 1783 1743 po·
1860 1726 1864 1739 ,

68 1773 126 1847 tra,
144 1791 219 1852 cap.
235 1791 314 1846 1111,
334 1789 412 1834 vers.
444 1773 494 1845 t8,
510 1776 541 1833 et
567 1769 606 1830 de
635 1767 735 1828 Maon
763 1765 900 1843 civitate,
916 1754 940 1820 B
957 1768 1038 1825 terat
1063 1763 1111 1825 vir
1126 1764 1238 1827 doctus
1265 1765 1297 1827 in
1326 1765 1435 1844 lingua
1449 1763 1616 1836 Hebraico,
1637 1761 1783 1840 quamvis

67 1888 233 1949 capus,
268 1888 350 1932 vers.
379 1874 410 1943 2,
438 1869 545 1948 sicque
573 1868 612 1928 de
648 1866 717 1928 aliis
745 1864 898 1946 plurimis,
957 1861 1077 1940 origine
1091 1862 1200 1923 Gallus
1214 1868 1305 1938 esset,
1335 1862 1386 1924 vel
1418 1865 1605 1922 Germanus.
1641 1859 1731 1919 Certe
1754 1857 1782 1917 si

68 1968 99 2027 in
115 1968 239 2048 quibus
251 1987 291 2029 ne
315 1968 379 2030 lato
394 1967 521 2047 quidem
537 1982 722 2045 ungucasc
749 1963 819 2043 ipso
841 1962 903 2023 dis·
956 1960 1083 2023 natione
1097 1962 1226 2023 tudaeus
1252 1968 1331 2037 erat,
1361 1962 1393 2023 in
1422 1961 1581 2023 Christum
1609 1963 1716 2019 mmen
1743 1956 1782 2017 il·
1899 2014 1902 2019 .

66 2064 153 2126 cedit
178 2063 380 2136 scholiastes,
396 2065 496 2138 idest,
511 2081 574 2124 non
603 2061 734 2123 discedit
762 2061 801 2121 ab
824 2079 901 2122 auc·
954 2059 1020 2120 lum
1035 2059 1204 2122 credidisse
1232 2060 1434 2122 manifestum
1463 2058 1555 2120 nobis
1579 2062 1628 2118 est
1653 2073 1691 2116 ex
1712 2071 1782 2115 ver·
1808 2068 1813 2079 ·

64 2169 132 2226 tore
155 2164 383 2226 'traditionum
398 2162 638 2225 Hebraicarum.
653 2162 755 2240 thue
770 2160 899 2223 demum
954 2157 1002 2219 bis
1026 2157 1109 2219 inira
1132 2158 1312 2220 recitandis.
1341 2160 1385 2220 De
1415 2163 1544 2220 auctore
1570 2155 1669 2234 igitur
1693 2154 1781 2226 Quea-

64 2280 126 2323 non
169 2280 213 2323 ex
259 2261 457 2323 lineamentis
499 2259 601 2321 solum
652 2257 897 2338 pulchrioribus,
954 2256 1091 2317 stionum
1133 2256 1372 2329 Hebraicarum,
1408 2256 1473 2317 sive
1496 2253 1715 2317 'traditionum
1747 2252 1780 2312 in
1896 2292 1897 2297 η

62 2359 116 2420 sed
157 2376 201 2420 ex
246 2358 383 2439 propriis
421 2358 515 2419 etiam
559 2355 656 2418 aseris
684 2354 806 2416 uultum
848 2354 897 2413 in·
952 2354 1050 2416 libros
1080 2356 1200 2433 Regum
1234 2360 1266 2416 ct
1293 2354 1570 2434 Paralipomenon,
1595 2351 1664 2412 hac
1682 2349 1781 2411 babet

64 2462 213 2518 notescat
236 2456 306 2529 tibi,
350 2455 535 2518 scholiastes
566 2460 684 2528 noster,
722 2451 899 2533 ipsissimus
952 2451 1103 2515 Rebanus
1133 2453 1260 2513 Maurus
1301 2451 1490 2513 Praetstione
1532 2447 1779 2511 Commentario-

65 2561 178 2615 auctor
217 2554 435 2617 'traditionum
478 2552 704 2614 hebraicarum
729 2550 761 2611 in
798 2549 897 2611 libros
951 2547 1069 2610 rumin
1093 2554 1232 2628 quatuor
1250 2548 1347 2610 libros
1375 2554 1522 2628 Regum:
1553 2545 1700 2607 Ibienim
1725 2544 1777 2605 in-

66 2654 192 2730 Regum
221 2658 254 2712 et
277 2650 553 2729 Paralipomenon,
576 2650 704 2710 adverte
729 2646 897 2726 diligenter
951 2646 1142 2726 venietquid
1161 2650 1259 2706 Pater
1286 2647 1508 2727 Augustinus,
1531 2644 1611 2724 quid
1634 2643 1776 2723 insignis

67 2767 138 2827 ques
160 2749 317 2828 leguntur
344 2749 427 2809 intra
454 2747 514 2808 col.
544 2748 616 2818 363,
645 2745 700 2807 ubi
734 2750 895 2806 auctorem
951 2745 1102 2823 interpres
1144 2742 1324 2804 divinorum
1375 2742 1528 2805 librarum
1564 2741 1776 2815 Hieronymus
1893 2768 1896 2777 ·

64 2845 154 2908 illum
186 2850 220 2907 et
235 2846 428 2907 scholiastes
455 2851 598 2905 nostrum
622 2844 705 2905 notis
733 2843 897 2922 castigavi·
949 2844 1116 2911 senserint,
1146 2842 1225 2923 quid
1260 2850 1342 2923 papa
1369 2840 1476 2902 beatus
1503 2860 1539 2900 ac
1565 2839 1775 2900 suauissimus

65 2961 145 3017 mus,
178 2942 266 3022 quod
296 2961 359 3004 uon
389 2942 570 3023 probaverit
601 2941 893 3020 interpretationem
948 2939 1057 3000 doctor
1079 2939 1272 3021 Gregorius,
1289 2941 1403 3020 quidve
1421 2938 1568 3000 Isidorus
1596 2935 1774 3018 Hispalen-

64 3040 254 3119 llierunymi
278 3039 334 3101 lib.
365 3042 378 3100 Ι
403 3039 569 3114 Samuelis,
585 3057 613 3100 c.
630 3058 695 3100 xxx
723 3038 838 3100 versib.
855 3039 894 3101 10
948 3037 995 3098 sis
1009 3038 1181 3119 episeopus,
1197 3043 1227 3097 et
1254 3038 1333 3119 quid
1357 3035 1446 3098 Beda
1474 3035 1628 3117 magister
1642 3032 1771 3106 nabilis,

64 3141 279 3199 staupum
306 3138 390 3199 enim
420 3137 570 3199 Hebraeus
596 3137 650 3198 illc
679 3138 812 3217 scriptor
835 3157 890 3199 vo·
908 3117 930 3185 (ἶ
948 3156 985 3196 ac
999 3135 1103 3196 ceteri
1116 3139 1241 3207 Patres,
1258 3156 1390 3217 quarum
1418 3135 1550 3215 longum
1573 3138 1621 3193 est
1646 3132 1774 3193 nomina

61 3253 126 3296 cem
155 3256 224 3307 hrt:
257 3235 415 3317 piggeru,
446 3235 557 3295 Latine
591 3232 782 3295 reddendam
824 3252 892 3295 esse
946 3252 1114 3311 recensere,
1140 3233 1201 3293 rite
1234 3232 1484 3294 intellexerint...
1523 3234 1680 3291 Praeterea
1707 3227 1774 3290 He-

57 3334 145 3404 jussi
155 3336 308 3412 suerent,
339 3351 403 3394 non
426 3331 508 3393 lassi
521 3331 738 3394 substiterant.
768 3336 802 3394 In
827 3352 891 3413 quo
945 3330 1021 3391 brai
1033 3329 1199 3409 eujusdam
1223 3331 1382 3393 modernis
1411 3328 1599 3413 temporibus
1628 3328 1661 3388 in
1686 3327 1771 3409 Iegis

60 3432 185 3492 nullum
216 3430 316 3493 babet
344 3429 583 3510 astipulatorem
619 3431 702 3492 inter
743 3430 892 3494 Hebraeos
944 3429 1075 3489 seientia
1115 3429 1265 3511 capitulis
1319 3428 1521 3490 traditionem
1563 3425 1770 3488 Hebraeorum

60 3528 296 3607 grammaticos
319 3529 501 3601 hodiernos,
531 3547 633 3608 neque
648 3528 681 3589 in
708 3528 809 3591 lexico
833 3530 889 3592 be·
944 3527 1055 3590 habere
1070 3549 1131 3590 non
1150 3530 1266 3610 paucis
1294 3529 1374 3590 tacis
1392 3529 1490 3589 simut
1518 3548 1586 3589 cum
1615 3532 1688 3587 nota
1713 3547 1771 3588 na-

61 3627 223 3706 ptaglotto
239 3625 421 3705 linguarum
446 3625 665 3689 Orientalium.
683 3625 772 3690 Unde
789 3628 889 3689 mani·
946 3628 1043 3688 minis
1056 3628 1125 3708 esim
1141 3628 1273 3705 inserui,
1303 3627 1473 3709 nonquasi
1501 3628 1648 3708 ingerens
1671 3625 1773 3687 alicui

61 3724 176 3785 testum
202 3721 359 3784 habemus
386 3729 621 3803 argumentum,
665 3725 834 3803 specialem
857 3748 894 3793 ae
948 3727 1163 3788 auctoritatem
1206 3727 1318 3808 ipsius,
1362 3727 1418 3787 sed
1445 3725 1632 3807 simpliciter
1668 3724 1773 3791 botius

62 3822 225 3901 propriam
256 3837 325 3881 esse
352 3821 398 3881 illi
426 3820 549 3882 auctori
582 3821 715 3884 Hebraeo
739 3825 894 3903 signitica-
948 3825 1032 3905 quod
1055 3823 1208 3902 scriptum
1223 3823 1335 3907 reperi,
1351 3823 1421 3902 ejus
1431 3822 1647 3905 probationem
1676 3822 1773 3883 lecto-

60 3917 398 3997 tionemqacmatiert
424 3919 536 3979 tamin
570 3917 708 3995 scholiis,
737 3940 832 4001 quam
858 3925 892 3988 in
947 3922 995 3982 ris
1014 3921 1144 4001 judicia
1172 3920 1367 4001 derelinquo.
1392 3924 1481 3983 Hunc
1509 3921 1614 3982 locum
1642 3919 1773 3981 omnino

59 4017 121 4077 suis
166 4015 399 4088 Ouoestionibus
440 4015 612 4077 Hebraicis.
666 4019 752 4079 idem
796 4021 893 4101 igitur
946 4020 1155 4098 depravatum
1207 4020 1371 4080 restituere
1407 4016 1551 4079 volebam
1590 4017 1632 4077 ad
1677 4016 1773 4078 fldem
1884 4100 1888 4107 ,

61 4112 291 4176 babendusest
315 4118 427 4174 auctor
454 4113 509 4193 qui
536 4113 657 4176 scholia
681 4120 828 4198 apposuit
850 4121 891 4183 ad
946 4116 1232 4194 manuscriptorum
1262 4115 1405 4176 codicum
1432 4114 1576 4185 Rabani;
1616 4114 1671 4174 ted
1703 4114 1774 4176 nul·

61 4212 219 4291 margines
234 4210 452 4272 translationis
480 4211 747 4291 Hieronymianae,
775 4221 807 4279 et
836 4219 892 4297 qui
944 4212 994 4273 lus
1026 4211 1057 4272 id
1088 4212 1210 4291 generis
1243 4214 1389 4272 inventus
1417 4211 1498 4273 liber
1520 4218 1568 4273 est
1599 4212 1630 4273 in
1665 4219 1773 4276 nostra

61 4308 259 4380 Ouaestiones
297 4308 468 4369 hebraicas
509 4309 609 4370 edidit
656 4311 688 4371 in
728 4313 891 4376 volumina
943 4309 1141 4372 Bibliotheca
1182 4309 1477 4384 san-Germanae,
1507 4310 1534 4372 si
1568 4328 1678 4372 verum
1725 4317 1773 4373 est

61 4409 235 4487 llegumac
264 4405 541 4484 Paralipomenon.
572 4410 661 4468 Nunc
691 4408 890 4488 inquiramus
944 4407 1030 4487 quod
1064 4407 1140 4466 mihi
1184 4407 1374 4470 asseveravit
1423 4407 1540 4470 sodalis
1578 4415 1685 4470 noster
1718 4409 1772 4489 qui

61 4523 120 4583 quo
157 4510 305 4582 tempore
334 4503 460 4565 lloreret
488 4503 520 4565 in
551 4505 683 4568 scientia
711 4487 1153 4588 Scriptura-Dmonumenta
1185 4505 1369 4585 hujusmodi
1402 4505 1461 4567 sub
1499 4505 1581 4568 clavi
1614 4512 1700 4568 tenet
1742 4513 1774 4570 et

61 4620 139 4676 rum,
155 4607 189 4664 et
204 4600 291 4663 unde
306 4619 406 4680 genus
434 4620 526 4663 suum
543 4603 689 4665 traxerit.
945 4609 1122 4666 conservat.
1157 4606 1264 4684 Neque
1295 4610 1402 4666 tamen
1425 4605 1648 4686 insuperabilis
1676 4612 1775 4669 restat

95 4700 196 4761 Pauci
233 4699 406 4759 admodum
449 4699 516 4760 dies
544 4705 630 4774 sunt,
657 4702 741 4781 quod
767 4720 805 4764 ex
831 4707 891 4765 lta·
945 4701 1091 4763 hocloco
1117 4701 1288 4763 difficultas
1313 4703 1498 4764 restituendi
1524 4709 1630 4766 textus
1652 4710 1775 4766 sutas·

60 4797 140 4858 bano
188 4796 298 4856 ltauro
338 4793 432 4855 didici
472 4801 635 4857 auctorem
676 4797 889 4868 Onaestionum
945 4798 1097 4876 sequendi
1115 4816 1225 4859 sensus
1243 4799 1410 4860 verborum
1434 4801 1552 4872 Manri;
1583 4802 1659 4881 quia
1686 4803 1773 4881 quod

61 4892 291 4956 hebraicarum
318 4891 351 4951 in
386 4890 484 4953 libros
512 4895 633 4972 Regum
669 4899 699 4954 et
730 4895 889 4975 Paralipo·
945 4894 984 4956 de
1004 4894 1205 4957 Hebraahic
1224 4898 1394 4970 scribebat,
1416 4897 1530 4960 iterum
1561 4899 1669 4962 docuit
1691 4901 1775 4963 Prac-

61 5009 176 5054 menon
206 4986 379 5069 quemdam
417 4988 511 5050 luisse
539 4989 720 5066 Hebraeum,
749 4991 805 5070 qui
833 5010 892 5053 sae·
945 4992 1063 5053 latione
1087 4994 1391 5055 Commentariorum
1420 4995 1452 5056 in
1482 4994 1580 5058 libros
1608 4997 1773 5078 Paralipo·

60 5089 127 5152 culo
143 5093 264 5150 octub
293 5091 349 5146 aut
377 5103 461 5147 nono
470 5085 660 5148 celebratior
687 5093 757 5149 erat
776 5089 892 5151 Biblio·
947 5109 1074 5163 menon,
1104 5090 1235 5152 dicens:
1261 5091 1335 5153 Non
1358 5092 1440 5153 enim
1469 5093 1584 5174 longos
1603 5095 1774 5175 florentes·

58 5206 123 5248 rum
150 5201 322 5247 sacrorum
350 5201 409 5244 usu
438 5200 474 5244 ac
500 5182 721 5262 intelligentia.
751 5187 796 5246 du
816 5204 891 5249 uero
946 5209 1004 5267 qne
1032 5193 1197 5266 tractatus,
1237 5190 1270 5249 in
1311 5189 1424 5270 quibus
1454 5191 1645 5274 plausibilis
1687 5191 1774 5252 ludit

61 5300 175 5363 genere
191 5280 453 5343 flebraeusiuerit
480 5286 563 5342 etex
592 5282 776 5345 ludaeorum
799 5291 893 5363 gente
946 5284 1059 5364 aratia,
1081 5285 1137 5345 sed
1164 5285 1416 5349 Commentarios
1445 5288 1477 5348 in
1505 5289 1632 5349 divinas
1658 5287 1773 5348 Histo-

61 5387 250 5460 prognatus,
267 5397 332 5440 noa
353 5377 429 5440 satis
457 5377 558 5457 liquet
585 5397 624 5440 ex
646 5381 893 5460 Rabanipreeta·
946 5381 1014 5442 rias
1043 5380 1178 5442 seribere
1217 5384 1350 5465 decrevi,
1381 5405 1512 5465 quarum
1547 5386 1690 5463 officium
1727 5393 1775 5446 est

62 5478 234 5540 bacculis:
252 5476 327 5555 quia
345 5478 441 5554 juxta
467 5494 586 5538 morem
615 5476 741 5538 illorum
773 5484 893 5559 tempo·
943 5479 1105 5560 preterire
1128 5480 1306 5560 enutrirem,
1332 5481 1464 5543 obscura
1492 5483 1657 5546 disserere.
1687 5483 1773 5546 Ante

62 5595 127 5639 rum
167 5592 268 5637 causa
293 5573 427 5637 nominis
462 5574 496 5635 in
536 5574 634 5636 dubio
666 5593 733 5638 esse
764 5581 891 5658 potest;
946 5597 1045 5638 annes
1085 5579 1166 5640 enim
1196 5579 1318 5660 aliquot
1345 5578 1634 5659 ragatuHitdanii
1650 5582 1772 5647 abbatis
