3870 6120
83 321 145 380 129
787 307 1091 370 enoceuonnua.
1734 327 1793 387 rso
1881 376 1884 383 .

81 451 180 511 libris
201 447 356 522 Garresis;
373 451 405 508 et
419 452 530 526 postea
544 441 584 503 ud
598 443 693 503 huam
707 458 714 500 :
727 439 913 522 Expliciunt
927 445 952 509 Α
968 448 1062 521 pata.
1088 444 1125 503 tlt
1152 444 1255 523 primo
1283 447 1383 526 gradu
1412 449 1577 512 titulorum
1604 454 1701 517 series
1728 458 1792 520 col-

84 547 226 631 capituia
241 544 321 606 libri
349 542 496 606 Genesis.
522 541 630 602 Canon
654 538 818 600 Hebraicae
833 539 916 600 veri·
971 539 1112 615 locatur;
1128 541 1266 603 seeundo
1295 544 1365 607 loco
1393 544 1497 607 breues
1525 550 1688 627 posuimus
1704 570 1712 625 ;
1729 560 1792 616 ter-

87 648 163 708 tatis
192 650 323 706 notatus
351 660 440 703 num.
469 642 488 701 9
516 639 682 700 innostra
709 639 917 699 San-Garma-
971 636 1014 696 tic
1057 637 1192 716 denique
1235 640 1384 721 capitula,
1429 662 1619 726 quocunqne
1659 667 1792 714 numero
1833 628 1852 666 ⁸⁹

87 744 177 806 nensi
209 741 418 813 bibliotheca,
452 737 573 800 ramam
606 735 704 797 habet
735 735 915 814 inscriptio·
971 732 1200 810 describantur,
1225 737 1289 799 sive
1313 738 1415 819 plura,
1445 742 1510 803 sive
1538 745 1688 822 pauciora
1716 749 1790 811 sint.

89 860 160 903 nem
176 840 211 900 in
238 839 343 900 ironte
366 837 574 918 plurimorum
596 833 761 896 librorum.
787 835 826 893 Et
841 833 916 894 titu·
971 829 1020 891 Ad
1034 829 1119 892 hunc
1135 833 1261 893 modum
1277 835 1310 894 in
1329 836 1432 897 fronte
1459 841 1615 902 Geneseos
1629 843 1706 904 editi
1719 851 1793 907 sunt

86 941 134 1000 los
149 937 283 1017 quidem
299 935 373 997 libri
390 934 489 996 Exodi
515 933 560 994 sic
572 930 716 993 inscribit
732 948 740 991 ε
755 928 918 1012 Incipiunt
972 944 992 987 a
1018 927 1110 989 nobis
1138 928 1228 990 tituli
1253 949 1384 1008 xxxyur,
1415 933 1518 996 breues
1546 956 1627 1015 xavr,
1652 942 1792 1024 capitula

86 1034 229 1118 capitula
244 1032 323 1095 libri
350 1031 457 1093 Exodi
469 1052 480 1108 ;
509 1029 637 1092 bevitiei
659 1045 734 1090 vero
749 1046 813 1090 non
828 1028 915 1101 item,
972 1040 1086 1097 nxxxu,
1103 1031 1134 1086 et
1156 1026 1271 1088 iterum
1294 1028 1327 1088 in
1349 1029 1413 1091 alio
1436 1030 1539 1094 iudice
1561 1036 1699 1117 capitula
1713 1055 1791 1100 cciv.

85 1134 128 1194 ihi
138 1133 226 1194 enim
239 1129 520 1211 legit:Iucipiunt
533 1125 624 1187 tituli
638 1125 717 1186 iibri
726 1123 869 1203 Leuitici,
882 1123 918 1184 id
973 1123 1009 1181 In
1036 1120 1118 1183 libro
1147 1124 1247 1186 Exodi
1276 1131 1339 1187 tres
1366 1126 1451 1189 idam
1478 1129 1652 1193 sectionum
1675 1136 1794 1198 indices

85 1237 131 1291 est
154 1228 313 1300 Vaiecra,·
341 1234 373 1290 et
388 1228 430 1289 ad
457 1226 577 1288 calcem
592 1224 766 1286 sectionum
784 1241 792 1282 :
809 1220 918 1304 Expli·
973 1222 1215 1300 praeposuimus,
1240 1224 1352 1286 titulos
1375 1227 1793 1310 scilieetxvu1,brevcsxxr,
1866 1214 1870 1219 ’

84 1330 176 1389 ciunt
190 1326 283 1388 tituli
295 1324 439 1387 leuitici.
455 1326 496 1386 Et
509 1324 557 1385 ita
571 1326 801 1401 consequenter
813 1320 847 1382 in
862 1338 919 1380 aa·
973 1320 1111 1401 capitula
1137 1339 1286 1386 cxxxvru.
1309 1328 1349 1386 Et
1368 1325 1415 1388 ita
1438 1337 1666 1409 consequenter
1678 1332 1713 1393 in
1729 1338 1797 1396 tcto

85 1428 160 1489 teris
176 1426 273 1487 blesis
287 1422 501 1486 voluminibus
516 1437 523 1481 :
540 1425 574 1483 at
588 1420 621 1481 in
635 1421 742 1493 loeus,
757 1418 919 1500 Incipiunt
974 1421 1206 1498 Heptateucho.
1223 1427 1258 1482 In
1287 1423 1500 1487 voluminibus
1519 1433 1624 1490 autem
1641 1431 1796 1494 Samuelis
1912 1472 1919 1504 1.

84 1522 241 1605 capitula.
256 1520 444 1604 Expliciunt
469 1516 622 1601 capitula.
637 1520 674 1578 In
688 1516 777 1578 libris
790 1517 919 1578 tandem
974 1521 1006 1576 et
1019 1517 1201 1594 Malachim,
1217 1519 1250 1581 id
1279 1527 1325 1583 est
1345 1521 1378 1582 in
1393 1529 1532 1602 quatuor
1556 1529 1677 1606 Regum
1692 1527 1793 1607 libris,

87 1620 271 1694 llalachim,
301 1619 334 1681 id
371 1623 430 1692 est,
460 1616 553 1678 tertio
581 1620 614 1676 et
644 1619 759 1694 quarto
795 1619 919 1693 Regum
975 1612 1054 1674 nihil
1082 1616 1287 1697 apposuimus
1314 1624 1431 1698 prester
1457 1620 1581 1697 titulos,
1610 1624 1666 1703 qui
1683 1625 1796 1705 legun-

84 1718 267 1791 volumine,
281 1716 421 1798 primum
445 1713 553 1795 posuit
575 1729 582 1773 :
602 1710 767 1795 Incipiunt
781 1711 919 1794 capitula
973 1714 1026 1771 tur
1054 1710 1163 1791 scripti
1190 1712 1224 1773 in
1253 1714 1354 1776 tribus
1388 1718 1623 1798 exemplaribus
1661 1723 1798 1787 (tenonis
1884 1772 1886 1777 -

87 1815 168 1877 iibri
191 1813 384 1887 Maiaciim,
410 1816 442 1876 et
463 1811 579 1874 deinde
601 1831 608 1872 :
630 1808 817 1892 Expliciunt
831 1808 921 1869 tituli
935 1817 958 1884 B
974 1808 1135 1871 Hebraicis
1163 1811 1314 1886 veritatis,
1344 1816 1531 1878 Memmiana
1564 1836 1688 1901 nempe,
1720 1824 1796 1884 Gar·

88 1911 285 1976 Maiacbim.
301 1914 336 1975 ln
362 1914 454 1974 Nouo
477 1909 573 1973 etiam
601 1913 803 1970 Testamenta
818 1907 921 1969 diver·
976 1908 1166 1986 sessonensi,
1191 1914 1223 1970 et
1249 1914 1536 1979 San-Germanensi
1570 1924 1689 1981 nostro.
1706 1919 1796 1992 Quod

86 2013 215 2076 simodo
254 2011 471 2075 inscribuntur
507 2008 659 2071 lemmata
695 2025 858 2071 sacrorum
886 2005 922 2068 li·
975 2005 1206 2086 Prophetarum
1222 2009 1384 2072 volumina
1407 2018 1540 2092 spectet,
1565 2014 1688 2078 nullum
1703 2036 1797 2097 pror·

88 2112 238 2175 brorum.
268 2109 479 2189 Quamplnres
515 2125 589 2169 mss.
618 2106 729 2186 legunt
754 2105 846 2185 juxta
875 2123 921 2166 re·
975 2119 1028 2162 sus
1054 2102 1190 2165 indIcem
1218 2105 1392 2168 sectionum
1421 2109 1602 2188 putavimus
1628 2114 1797 2194 praeligen-

86 2217 220 2291 ceptnm
237 2208 340 2286 magis
369 2222 636 2285 communemque
665 2205 795 2267 modum
813 2224 821 2266 s
836 2202 921 2264 inci·
975 2201 1052 2265 dum
1066 2203 1100 2264 in
1115 2204 1219 2266 leonte
1246 2205 1361 2268 horum
1389 2206 1554 2282 librorum,
1580 2213 1711 2293 nequid
1726 2232 1798 2277 con·

85 2309 186 2390 piuut
199 2305 340 2389 capitula
355 2303 510 2380 Matlei;
526 2303 666 2365 aliivero
681 2308 749 2364 tum
764 2301 918 2377 Vaticani,
975 2303 1187 2363 trementem
1217 2308 1249 2364 et
1275 2322 1366 2365 usum
1395 2305 1581 2386 Hieronymi
1607 2308 1799 2375 edidissevi·
1910 2304 1931 2361 Γ

89 2412 160 2468 tum
179 2403 338 2467 Gallicani
366 2401 491 2465 codices
517 2419 582 2462 non
609 2398 704 2479 pauci
719 2399 765 2460 ita
780 2398 919 2461 habent:
976 2395 1143 2458 deremur:
1160 2406 1245 2461 certo
1274 2419 1413 2482 namque
1436 2403 1552 2465 certius
1566 2410 1623 2480 est,
1640 2426 1705 2468 non
1720 2407 1798 2471 alias

92 2502 213 2585 incipit
228 2500 430 2564 Breviarium
445 2497 609 2560 Matthaei:
625 2497 790 2568 etiuflna,
805 2495 922 2578 Expii-
975 2510 1047 2555 eum
1090 2514 1261 2575 agnoscere
1301 2500 1532 2580 Prophetarum
1575 2503 1728 2567 sectiones
1764 2506 1797 2568 iu
1887 2546 1895 2561 ,

91 2602 137 2662 cit
151 2599 356 2663 Breoicrium
370 2596 528 2659 Mattiaci.
551 2595 640 2664 Quod
654 2594 798 2657 similiter
812 2595 922 2673 legunt
975 2610 1090 2670 genere
1117 2613 1212 2674 quam
1242 2615 1312 2676 quae
1340 2597 1476 2679 abipso
1505 2600 1798 2666 dictasuntvisio-
1898 2658 1902 2669 .

91 2700 125 2761 in
139 2698 210 2760 aliis
221 2696 549 2776 evangelistisilxstat
563 2694 596 2754 in
606 2690 804 2755 Bibliotheca
814 2697 922 2754 nostra
977 2709 1052 2766 rres;
1081 2710 1139 2753 nec
1168 2693 1309 2772 capitula
1335 2694 1389 2756 illa
1426 2696 1542 2757 alicubi
1572 2699 1714 2778 appellat
1740 2701 1800 2763 nisi
1903 2768 1906 2773 ,

94 2793 384 2859 San-Germanenai
411 2793 511 2856 codex
541 2791 714 2855 Bibliorum
752 2788 923 2851 manuscri·
976 2787 1128 2851 lemmata
1155 2792 1300 2869 quaedam
1330 2796 1496 2853 contextus
1522 2796 1614 2869 sacri,
1644 2804 1676 2858 et
1695 2804 1800 2877 partes

95 2892 377 2975 ptus,veneranda
391 2891 564 2954 admodum
580 2887 924 2968 aeqceacenriosaean-
977 2903 1056 2964 quas
1078 2886 1111 2946 in
1147 2887 1212 2949 suis
1247 2889 1488 2952 Commentariis
1523 2910 1581 2970 pro
1609 2893 1740 2957 arbitrio
1768 2901 1800 2957 et

95 2985 924 3072 tiquitatis,quiquamplureslibrossanctosVeteris
976 2990 1071 3062 captu
1099 2983 1243 3047 distinxit
1269 2991 1301 3047 et
1335 2986 1515 3050 illustravit.
1557 2989 1630 3052 Haec
1658 2992 1798 3072 capitula

94 3109 131 3152 ac
142 3089 225 3152 Novi
239 3087 433 3151 Testamenti
447 3086 560 3148 retinet
583 3083 673 3155 iuxta
688 3089 826 3148 veterem
841 3083 923 3144 hati-
976 3082 1159 3163 Hieronymi
1174 3082 1268 3163 longe
1297 3084 1421 3147 diversa
1446 3104 1513 3148 esse
1536 3086 1577 3148 ab
1591 3087 1640 3162 iis,
1657 3108 1728 3169 quae
1743 3107 1796 3152 sa-

92 3207 170 3250 nam
180 3185 357 3248 versionem
370 3185 435 3246 sire
446 3182 601 3246 Italicam.
614 3184 649 3244 ln
659 3200 697 3245 eo
707 3181 805 3260 igitur
813 3181 922 3243 codice
937 3191 958 3259 (2
976 3179 1037 3240 orie
1051 3180 1152 3241 Libris
1179 3181 1309 3260 praefixa
1337 3190 1421 3255 sunt,
1451 3201 1546 3264 supra
1574 3186 1770 3247 ostendimus
1787 3203 1795 3260 ;
1919 3214 1922 3219 ·

92 3287 178 3350 tituli
197 3291 320 3349 veteres
347 3283 589 3363 Evangeliorum
617 3281 701 3343 hanc
728 3280 848 3343 habent
875 3280 923 3341 in·
978 3283 1009 3339 at
1024 3276 1129 3339 adhuc
1157 3278 1279 3358 aliquot
1305 3279 1470 3360 exemplis,
1496 3288 1651 3361 quantum
1666 3284 1798 3346 resexi-
1880 3348 1885 3367 Ι

93 3383 303 3464 scriptionem
336 3399 344 3441 ε
377 3380 496 3462 Incipit
537 3378 723 3461 capitulatio
761 3375 920 3456 Mattiaci,
977 3375 1032 3455 git,
1062 3375 1196 3456 probare
1223 3394 1286 3437 non
1316 3376 1449 3456 ralugio.
1479 3381 1563 3441 Duos
1591 3380 1734 3460 Vulgata
1750 3381 1798 3442 di·

93 3482 216 3564 lncipit
242 3478 429 3562 capitulatio
456 3478 574 3552 Marci,
604 3482 686 3551 etc.;
704 3475 788 3538 etad
803 3476 922 3538 caleam
976 3474 1105 3536 visionis
1120 3475 1290 3537 versiculos
1318 3494 1416 3556 cap.1
1444 3480 1522 3539 Osee
1537 3478 1610 3539 dum
1628 3485 1800 3560 exponeret

91 3581 278 3652 titulorum,
305 3577 450 3660 Explicit
477 3574 662 3659 capitulatio
686 3572 920 3652 Matthaeiete.
976 3571 1201 3653 Hieronymus,
1231 3572 1275 3633 ita
1304 3573 1425 3634 monuit
1453 3573 1623 3636 lectorem:
1653 3575 1696 3637 Et
1723 3577 1799 3658 quia
1900 3588 1904 3597 ’

93 3681 130 3740 ln
156 3679 265 3740 fronte
300 3681 436 3739 actuum
480 3672 695 3755 apostolorum
730 3673 922 3752 singularem
981 3669 1243 3743 Commentarios,
1273 3691 1333 3731 non
1348 3670 1414 3731 lata
1443 3671 1602 3733 uolumina
1617 3675 1798 3752 scribimus,
1864 3716 1868 3723 -

97 3794 229 3858 prorsus
245 3775 341 3837 habet
369 3774 509 3852 titulum,
537 3790 593 3834 seu
620 3771 725 3850 potius
748 3770 924 3833 adnotatio-
976 3767 1120 3848 singulis
1147 3766 1297 3850 capitulis
1332 3767 1565 3834 explanationes
1584 3767 1737 3854 proprias
1765 3773 1798 3834 iu
1909 3782 1912 3787 '

96 3893 169 3936 nem
184 3879 218 3935 et
243 3871 492 3934 admonitionem
515 3872 607 3932 istam
625 3866 829 3929 :Indiculnm
844 3867 924 3949 quid
977 3866 1046 3927 suis
1060 3865 1139 3926 locis
1154 3872 1356 3945 reservantes,
1374 3887 1455 3927 rrrrrec
1470 3873 1589 3928 teritum
1606 3869 1800 3951 depraescnti

95 3968 380 4052 fecerintapostoli
408 3968 442 4030 in
464 3965 601 4029 Actibus
616 3965 696 4045 suis,
714 3970 749 4026 ut
752 3964 856 4040 facile
872 3965 924 4025 in·
977 3962 1114 4044 capitulo
1129 3962 1334 4044 disputemus.
1351 3964 1530 4045 Capitulum
1546 3966 1635 4034 illud,
1656 3967 1799 4049 primum

96 4071 202 4131 nenias
233 4068 269 4128 id
298 4066 382 4149 quod
409 4066 469 4145 uis,
498 4065 530 4125 si
550 4072 609 4146 per
635 4082 779 4125 numeros
800 4071 924 4133 percur-
977 4061 1062 4141 quod
1076 4064 1433 4134 voeat,3etlversum
1454 4079 1523 4141 cap.
1540 4080 1549 4123 ι
1566 4063 1655 4137 Osee,
1673 4071 1708 4126 ut
1722 4065 1799 4141 dixi,

96 4188 166 4228 rcus
194 4165 337 4248 capitula
362 4162 587 4246 perquisieris.
623 4162 703 4223 Huic
724 4160 923 4223 adnotatioui
976 4159 1176 4221 solummodo
1205 4158 1356 4231 continet,
1400 4166 1431 4220 et
1458 4179 1529 4240 quae
1573 4170 1802 4242 precesserunt

96 4264 262 4344 subjungit
290 4261 430 4343 capitula
458 4277 521 4334 c111,
551 4264 583 4321 et
609 4257 921 4339 consequenter,Fi·
976 4255 1091 4318 similia
1120 4256 1271 4335 capitula,
1300 4257 1439 4337 quinque
1468 4260 1516 4319 vel
1546 4278 1600 4321 sex
1628 4279 1801 4325 nurneran·
1908 4300 1916 4315 ,

99 4364 191 4422 aiunt
218 4359 370 4443 capitula.
399 4362 445 4420 Ex
487 4363 535 4419 tot
571 4356 702 4418 diversis
740 4356 922 4418 nominihus
976 4354 1074 4415 turin
1094 4355 1334 4417 Commentariis
1361 4356 1559 4437 Hieronymi,
1588 4359 1642 4438 qni
1669 4358 1802 4439 singulis

98 4461 296 4532 lemmatum,
313 4476 384 4536 quse
400 4458 530 4537 praefixa
551 4455 757 4516 inveniuntur
770 4454 802 4515 in
818 4455 922 4515 fronte
976 4451 1123 4530 capitulis
1164 4451 1404 4532 explanationes
1442 4455 1588 4535 proprias
1616 4455 1800 4518 adhibebat.

99 4574 263 4618 sacrorum
292 4554 480 4633 Bibliorum,
511 4572 584 4614 mss.
628 4552 750 4631 liquido
791 4552 961 4631 apparetD
981 4549 1129 4627 Quatnor
1143 4549 1241 4628 igitur
1269 4550 1390 4630 priores
1413 4569 1522 4615 versus
1545 4557 1623 4615 Osee
1637 4555 1802 4635 prophetae
1908 4590 1919 4615 .-

100 4655 234 4717 liherum
265 4653 380 4731 cuique
407 4651 503 4713 luisse
517 4669 556 4712 ea
584 4668 697 4712 vocare
717 4648 839 4728 titulos,
857 4648 925 4708 brc-
978 4649 1011 4709 in
1027 4668 1080 4710 sex
1095 4647 1234 4729 capitula
1257 4648 1308 4709 vel
1330 4655 1442 4731 septem
1469 4651 1612 4713 distinxit
1624 4655 1656 4715 S.
1673 4655 1800 4716 Doctor.

101 4773 160 4825 ers,
206 4749 380 4820 breviaria,
418 4747 569 4831 capitula,
614 4745 854 4828 capitulationes
894 4751 926 4808 et
979 4748 1120 4809 Primum
1149 4764 1224 4807 vero
1259 4747 1433 4827 capitulum
1468 4747 1608 4827 ejusdem
1637 4751 1802 4830 propheta

101 4847 246 4909 indicula
274 4848 339 4909 sire
367 4845 519 4922 iudiccs;
548 4844 597 4906 his
630 4845 715 4907 euim
744 4843 927 4923 gaudebant
979 4845 1011 4906 in
1029 4863 1102 4906 mss.
1132 4845 1302 4919 codicibus,
1327 4846 1404 4906 etin
1428 4847 1564 4910 editione
1587 4850 1670 4922 Gari,
1688 4866 1802 4913 novem

99 4943 371 5027 appellationibus
406 4949 471 5005 tam
507 4942 656 5011 minores,
686 4960 780 5021 quam
806 4939 927 5020 copiosi
981 4941 1202 5022 complectitur
1238 4941 1409 5004 versiculos
1442 4944 1581 5024 integros
1607 4967 1615 5008 s
1650 4965 1725 5009 nam
1751 4963 1803 5008 se-

98 5044 221 5105 indiees
251 5042 446 5103 diversarum
475 5041 650 5103 sectionum
678 5040 850 5119 Scripturas
879 5057 928 5100 sa·
982 5041 1119 5102 eundum
1148 5037 1322 5118 capitulum
1362 5040 1446 5102 istud
1478 5042 1576 5106 habet
1603 5044 1801 5106 exordium:

100 5161 174 5202 crae.
194 5143 264 5202 Non
292 5140 338 5202 sic
358 5138 391 5201 in
419 5138 480 5201 hac
508 5138 656 5218 prasenti
679 5136 786 5198 divina
811 5137 927 5200 Biblio·
981 5138 1024 5199 Et
1051 5142 1112 5197 erit
1140 5156 1288 5198 numerus
1314 5136 1460 5210 filiorum
1487 5139 1601 5219 Israel,
1627 5146 1686 5200 etc.
1706 5163 1714 5216 ;
1731 5156 1802 5218 qum

101 5239 194 5301 theca
222 5243 366 5300 errantes
399 5236 603 5299 inveniuntur
638 5240 669 5298 et
704 5253 792 5314 vagao
815 5236 925 5315 appel·
982 5235 1078 5297 verba
1106 5235 1255 5314 leguntur
1284 5233 1373 5296 initio
1402 5234 1516 5298 decimi
1552 5255 1672 5308 versus,
1701 5235 1805 5314 capite

102 5337 238 5399 lationes
254 5335 445 5397 editoruma
469 5333 559 5396 nohis
585 5334 791 5396 lemmatum:
808 5334 849 5392 ad
865 5339 928 5394 tres
982 5332 1175 5413 supradicto.
1206 5332 1285 5392 Hinc
1313 5332 1421 5395 videas
1448 5334 1551 5395 Biblia
1576 5333 1804 5394 saoradiverso

100 5435 257 5516 siquidem
287 5432 407 5513 species
422 5450 459 5494 ac
487 5431 719 5493 nominationes
742 5448 928 5492 revocamus
982 5451 1057 5494 sane
1073 5432 1167 5492 modo
1195 5435 1280 5491 secta
1307 5448 1374 5492 esse
1403 5449 1440 5492 ac
1467 5432 1614 5492 distincta
1639 5432 1679 5494 ab
1693 5430 1806 5492 Hiero·

104 5533 247 5595 dicamas
272 5549 383 5594 omnes
414 5549 576 5594 sacrorum
614 5529 787 5591 Bibliornm
815 5529 929 5591 sectio·
982 5548 1091 5612 nymo,
1122 5535 1217 5610 atque
1255 5527 1294 5590 sb
1324 5529 1463 5608 antiquis
1499 5529 1568 5589 aliis
1595 5528 1812 5614 scriptoribus

104 5648 160 5693 nes
174 5648 249 5710 qae
262 5628 349 5712 apud
375 5629 523 5710 antiquos
552 5627 723 5707 scriptores
737 5631 828 5690 crant
840 5644 931 5691 usur·
982 5629 1032 5692 uel
1059 5626 1295 5710 interpretibus.
1335 5625 1421 5697 Quod
1452 5631 1486 5687 ut
1514 5625 1614 5705 magis
1650 5625 1819 5709 magisque
