<?xml version="1.0" encoding="UTF-8"?>
<!DOCTYPE html PUBLIC "-//W3C//DTD XHTML 1.0 Transitional//EN"
    "http://www.w3.org/TR/xhtml1/DTD/xhtml1-transitional.dtd">
<html xmlns="http://www.w3.org/1999/xhtml" xml:lang="en" lang="en">
 <head>
  <title>
</title>
<meta http-equiv="Content-Type" content="text/html;charset=utf-8" />
  <meta name='ocr-system' content='tesseract 3.04.00' />
  <meta name='ocr-capabilities' content='ocr_page ocr_carea ocr_par ocr_line ocrx_word'/>
</head>
<body>
  <div class='ocr_page' id='page_1' title='image "./patrologiaecurs13goog_0035.png"; bbox 0 0 3870 6120; ppageno 0'>
   <div class='ocr_carea' id='block_1_1' title="bbox 63 299 1901 385">
    <p class='ocr_par' dir='ltr' id='par_1_1' title="bbox 63 299 1901 385">
     <span class='ocr_line' id='line_1_1' title="bbox 63 299 1901 385; baseline 0.001 -23"><span class='ocrx_word' id='word_1_1' title='bbox 63 303 101 362; x_wconf 81' lang='lat' dir='ltr'>ot</span> <span class='ocrx_word' id='word_1_2' title='bbox 771 299 1077 363; x_wconf 76' lang='lat' dir='ltr'>Pnoueoottttua.</span> <span class='ocrx_word' id='word_1_3' title='bbox 1737 302 1779 365; x_wconf 68' lang='grc'>00</span> <span class='ocrx_word' id='word_1_4' title='bbox 1896 380 1901 385; x_wconf 31' lang='lat'>¹</span> 
     </span>
    </p>
   </div>
   <div class='ocr_carea' id='block_1_2' title="bbox 65 430 1778 1004">
    <p class='ocr_par' dir='ltr' id='par_1_2' title="bbox 65 430 1776 517">
     <span class='ocr_line' id='line_1_2' title="bbox 65 430 1776 517; baseline 0.004 -24"><span class='ocrx_word' id='word_1_5' title='bbox 65 433 212 495; x_wconf 80' lang='lat' dir='ltr'>eumdem</span> <span class='ocrx_word' id='word_1_6' title='bbox 230 432 375 496; x_wconf 70' lang='lat' dir='ltr'>&amp;acum</span> <span class='ocrx_word' id='word_1_7' title='bbox 388 431 589 511; x_wconf 83' lang='lat' dir='ltr'>etlotinum,</span> <span class='ocrx_word' id='word_1_8' title='bbox 619 439 650 495; x_wconf 78' lang='lat' dir='ltr'>et</span> <span class='ocrx_word' id='word_1_9' title='bbox 677 439 806 495; x_wconf 79' lang='lat' dir='ltr'>veterem</span> <span class='ocrx_word' id='word_1_10' title='bbox 833 435 898 496; x_wconf 78' lang='lat' dir='ltr'>cdi·</span> <span class='ocrx_word' id='word_1_11' title='bbox 912 432 941 501; x_wconf 80' lang='grc' dir='ltr'><strong>Α</strong></span> <span class='ocrx_word' id='word_1_12' title='bbox 954 430 1088 506; x_wconf 89' lang='lat' dir='ltr'>lumina,</span> <span class='ocrx_word' id='word_1_13' title='bbox 1103 430 1271 495; x_wconf 73' lang='lat' dir='ltr'><strong>Latinitate</strong></span> <span class='ocrx_word' id='word_1_14' title='bbox 1289 433 1431 509; x_wconf 86' lang='lat' dir='ltr'>donarit,</span> <span class='ocrx_word' id='word_1_15' title='bbox 1447 439 1483 497; x_wconf 93' lang='lat' dir='ltr'>nt</span> <span class='ocrx_word' id='word_1_16' title='bbox 1509 434 1597 500; x_wconf 88' lang='lat' dir='ltr'>testis</span> <span class='ocrx_word' id='word_1_17' title='bbox 1624 440 1673 500; x_wconf 88' lang='lat' dir='ltr'>ast</span> <span class='ocrx_word' id='word_1_18' title='bbox 1694 454 1776 517; x_wconf 78' lang='lat' dir='ltr'>prm·</span> 
     </span>
    </p>

    <p class='ocr_par' dir='ltr' id='par_1_3' title="bbox 65 529 1778 1004">
     <span class='ocr_line' id='line_1_3' title="bbox 67 529 1777 614; baseline 0.003 -23"><span class='ocrx_word' id='word_1_19' title='bbox 67 531 190 592; x_wconf 75' lang='lat' dir='ltr'>tionm</span> <span class='ocrx_word' id='word_1_20' title='bbox 202 537 317 594; x_wconf 79' lang='lat' dir='ltr'>nostra</span> <span class='ocrx_word' id='word_1_21' title='bbox 332 531 541 593; x_wconf 84' lang='lat' dir='ltr'>translationi</span> <span class='ocrx_word' id='word_1_22' title='bbox 554 540 699 614; x_wconf 84' lang='lat' dir='ltr'>comparo</span> <span class='ocrx_word' id='word_1_23' title='bbox 707 553 719 609; x_wconf 88' lang='lat'><em>;</em></span> <span class='ocrx_word' id='word_1_24' title='bbox 734 538 764 592; x_wconf 80' lang='lat' dir='ltr'>et</span> <span class='ocrx_word' id='word_1_25' title='bbox 778 532 901 614; x_wconf 84' lang='lat' dir='ltr'>liquido</span> <span class='ocrx_word' id='word_1_26' title='bbox 955 529 1032 591; x_wconf 91' lang='lat' dir='ltr'>latio</span> <span class='ocrx_word' id='word_1_27' title='bbox 1047 530 1087 591; x_wconf 90' lang='lat' dir='ltr'>ed</span> <span class='ocrx_word' id='word_1_28' title='bbox 1103 531 1311 592; x_wconf 87' lang='lat' dir='ltr'>Domnionam</span> <span class='ocrx_word' id='word_1_29' title='bbox 1332 538 1365 594; x_wconf 89' lang='lat' dir='ltr'>at</span> <span class='ocrx_word' id='word_1_30' title='bbox 1392 533 1605 612; x_wconf 73' lang='lat' dir='ltr'><strong>Rogatianum</strong></span> <span class='ocrx_word' id='word_1_31' title='bbox 1623 552 1631 594; x_wconf 89' lang='lat'>:</span> <span class='ocrx_word' id='word_1_32' title='bbox 1661 533 1777 596; x_wconf 91' lang='lat' dir='ltr'>librum</span> 
     </span>
     <span class='ocr_line' id='line_1_4' title="bbox 68 625 1778 711; baseline 0.004 -23"><span class='ocrx_word' id='word_1_33' title='bbox 68 625 259 709; x_wconf 76' lang='lat' dir='ltr'>pervidebis,</span> <span class='ocrx_word' id='word_1_34' title='bbox 287 634 439 710; x_wconf 84' lang='lat' dir='ltr'>quantum</span> <span class='ocrx_word' id='word_1_35' title='bbox 466 628 565 690; x_wconf 79' lang='lat' dir='ltr'>distet</span> <span class='ocrx_word' id='word_1_36' title='bbox 591 630 675 691; x_wconf 85' lang='lat' dir='ltr'>iuter</span> <span class='ocrx_word' id='word_1_37' title='bbox 689 630 848 691; x_wconf 81' lang='lat' dir='ltr'>ueritatem</span> <span class='ocrx_word' id='word_1_38' title='bbox 872 635 902 690; x_wconf 83' lang='lat' dir='ltr'>ct</span> <span class='ocrx_word' id='word_1_39' title='bbox 955 635 1061 689; x_wconf 90' lang='lat' dir='ltr'>autem</span> <span class='ocrx_word' id='word_1_40' title='bbox 1079 632 1239 690; x_wconf 82' lang='lat' dir='ltr'>Geneseos</span> <span class='ocrx_word' id='word_1_41' title='bbox 1261 629 1384 690; x_wconf 74' lang='lat' dir='ltr'>dedisse</span> <span class='ocrx_word' id='word_1_42' title='bbox 1407 629 1569 693; x_wconf 88' lang='lat' dir='ltr'>Desiderio</span> <span class='ocrx_word' id='word_1_43' title='bbox 1589 638 1662 711; x_wconf 90' lang='lat' dir='ltr'>post</span> <span class='ocrx_word' id='word_1_44' title='bbox 1689 633 1778 694; x_wconf 89' lang='lat' dir='ltr'>deci·</span> 
     </span>
     <span class='ocr_line' id='line_1_5' title="bbox 70 723 1774 809; baseline 0.004 -25"><span class='ocrx_word' id='word_1_45' title='bbox 70 723 282 786; x_wconf 77' lang='lat' dir='ltr'><em>mendacium.</em></span> <span class='ocrx_word' id='word_1_46' title='bbox 324 727 370 788; x_wconf 86' lang='lat' dir='ltr'>De</span> <span class='ocrx_word' id='word_1_47' title='bbox 410 726 639 806; x_wconf 89' lang='lat' dir='ltr'>prophatarum</span> <span class='ocrx_word' id='word_1_48' title='bbox 687 726 901 789; x_wconf 83' lang='lat' dir='ltr'>voluminibus</span> <span class='ocrx_word' id='word_1_49' title='bbox 956 743 1042 785; x_wconf 90' lang='lat' dir='ltr'>mum</span> <span class='ocrx_word' id='word_1_50' title='bbox 1071 732 1219 805; x_wconf 89' lang='lat' dir='ltr'>quartum</span> <span class='ocrx_word' id='word_1_51' title='bbox 1249 744 1368 787; x_wconf 89' lang='lat' dir='ltr'>annum</span> <span class='ocrx_word' id='word_1_52' title='bbox 1396 727 1566 789; x_wconf 81' lang='lat' dir='ltr'>Theodosii</span> <span class='ocrx_word' id='word_1_53' title='bbox 1608 729 1774 809; x_wconf 87' lang='lat' dir='ltr'>principis,</span> 
     </span>
     <span class='ocr_line' id='line_1_6' title="bbox 68 822 1778 903; baseline 0.003 -20"><span class='ocrx_word' id='word_1_54' title='bbox 68 823 161 903; x_wconf 89' lang='lat' dir='ltr'>prius</span> <span class='ocrx_word' id='word_1_55' title='bbox 183 823 370 887; x_wconf 89' lang='lat' dir='ltr'>meminerat</span> <span class='ocrx_word' id='word_1_56' title='bbox 398 823 448 885; x_wconf 91' lang='lat' dir='ltr'>his</span> <span class='ocrx_word' id='word_1_57' title='bbox 475 825 600 886; x_wconf 82' lang='lat' dir='ltr'>verbis:</span> <span class='ocrx_word' id='word_1_58' title='bbox 629 823 741 887; x_wconf 82' lang='lat' dir='ltr'>Libros</span> <span class='ocrx_word' id='word_1_59' title='bbox 768 826 901 887; x_wconf 80' lang='lat' dir='ltr'><em>sedecim</em></span> <span class='ocrx_word' id='word_1_60' title='bbox 956 822 1050 902; x_wconf 92' lang='lat' dir='ltr'>plane</span> <span class='ocrx_word' id='word_1_61' title='bbox 1065 824 1165 903; x_wconf 85' lang='lat' dir='ltr'>liquet</span> <span class='ocrx_word' id='word_1_62' title='bbox 1178 841 1217 885; x_wconf 87' lang='lat' dir='ltr'>ex</span> <span class='ocrx_word' id='word_1_63' title='bbox 1233 824 1326 903; x_wconf 85' lang='lat' dir='ltr'>epist.</span> <span class='ocrx_word' id='word_1_64' title='bbox 1343 825 1412 900; x_wconf 83' lang='grc'><strong>154,</strong></span> <span class='ocrx_word' id='word_1_65' title='bbox 1434 824 1528 886; x_wconf 92' lang='lat' dir='ltr'>modo</span> <span class='ocrx_word' id='word_1_66' title='bbox 1544 827 1778 888; x_wconf 89' lang='lat' dir='ltr'>consentiamus</span> 
     </span>
     <span class='ocr_line' id='line_1_7' title="bbox 65 920 1777 1004; baseline -0.002 -17"><span class='ocrx_word' id='word_1_67' title='bbox 65 920 304 1003; x_wconf 66' lang='lat' dir='ltr'>trophaeorum,</span> <span class='ocrx_word' id='word_1_68' title='bbox 344 942 423 1003; x_wconf 88' lang='lat' dir='ltr'>quos</span> <span class='ocrx_word' id='word_1_69' title='bbox 456 922 490 983; x_wconf 85' lang='lat' dir='ltr'>iu</span> <span class='ocrx_word' id='word_1_70' title='bbox 531 921 675 984; x_wconf 83' lang='lat' dir='ltr'>Latinum</span> <span class='ocrx_word' id='word_1_71' title='bbox 703 924 742 985; x_wconf 79' lang='lat' dir='ltr'>dc</span> <span class='ocrx_word' id='word_1_72' title='bbox 769 922 901 986; x_wconf 75' lang='lat' dir='ltr'>Hebraeo</span> <span class='ocrx_word' id='word_1_73' title='bbox 956 920 1101 982; x_wconf 90' lang='lat' dir='ltr'>eumdem</span> <span class='ocrx_word' id='word_1_74' title='bbox 1117 939 1184 983; x_wconf 89' lang='lat' dir='ltr'>esse</span> <span class='ocrx_word' id='word_1_75' title='bbox 1212 921 1420 997; x_wconf 86' lang='lat' dir='ltr'>Desiderium,</span> <span class='ocrx_word' id='word_1_76' title='bbox 1450 921 1501 983; x_wconf 88' lang='lat' dir='ltr'>cui</span> <span class='ocrx_word' id='word_1_77' title='bbox 1530 929 1659 1004; x_wconf 91' lang='lat' dir='ltr'>propter</span> <span class='ocrx_word' id='word_1_78' title='bbox 1674 923 1777 984; x_wconf 92' lang='lat' dir='ltr'>nomi·</span> 
     </span>
    </p>
   </div>
   <div class='ocr_carea' id='block_1_3' title="bbox 67 1019 1898 1105">
    <p class='ocr_par' dir='ltr' id='par_1_4' title="bbox 67 1019 1898 1105">
     <span class='ocr_line' id='line_1_8' title="bbox 67 1019 1898 1105; baseline 0.002 -25"><span class='ocrx_word' id='word_1_79' title='bbox 67 1038 213 1080; x_wconf 80' lang='lat' dir='ltr'><em>sermone</em></span> <span class='ocrx_word' id='word_1_80' title='bbox 241 1021 331 1097; x_wconf 83' lang='lat' dir='ltr'>verti,</span> <span class='ocrx_word' id='word_1_81' title='bbox 347 1019 380 1081; x_wconf 88' lang='lat' dir='ltr'>si</span> <span class='ocrx_word' id='word_1_82' title='bbox 393 1019 525 1100; x_wconf 76' lang='lat' dir='ltr'>legeris,</span> <span class='ocrx_word' id='word_1_83' title='bbox 555 1026 586 1081; x_wconf 85' lang='lat' dir='ltr'>ct</span> <span class='ocrx_word' id='word_1_84' title='bbox 612 1022 765 1083; x_wconf 82' lang='lat' dir='ltr'>delectari</span> <span class='ocrx_word' id='word_1_85' title='bbox 789 1028 819 1082; x_wconf 85' lang='lat' dir='ltr'>te</span> <span class='ocrx_word' id='word_1_86' title='bbox 844 1022 902 1083; x_wconf 80' lang='lat' dir='ltr'>troc</span> <span class='ocrx_word' id='word_1_87' title='bbox 956 1019 1203 1082; x_wconf 89' lang='lat' dir='ltr'>nisvalieinium</span> <span class='ocrx_word' id='word_1_88' title='bbox 1231 1021 1537 1100; x_wconf 80' lang='lat' dir='ltr'>gratulaturtamin</span> <span class='ocrx_word' id='word_1_89' title='bbox 1561 1023 1621 1084; x_wconf 88' lang='lat' dir='ltr'>hae</span> <span class='ocrx_word' id='word_1_90' title='bbox 1642 1022 1778 1103; x_wconf 89' lang='lat' dir='ltr'>epistola</span> <span class='ocrx_word' id='word_1_91' title='bbox 1892 1096 1898 1105; x_wconf 87' lang='lat'>.</span> 
     </span>
    </p>
   </div>
   <div class='ocr_carea' id='block_1_4' title="bbox 64 1117 1779 1397">
    <p class='ocr_par' dir='ltr' id='par_1_5' title="bbox 64 1117 1779 1397">
     <span class='ocr_line' id='line_1_9' title="bbox 66 1117 1778 1200; baseline 0.002 -22"><span class='ocrx_word' id='word_1_92' title='bbox 66 1125 161 1199; x_wconf 80' lang='lat' dir='ltr'>opere</span> <span class='ocrx_word' id='word_1_93' title='bbox 188 1126 377 1199; x_wconf 81' lang='lat' dir='ltr'>comperero,</span> <span class='ocrx_word' id='word_1_94' title='bbox 384 1117 576 1200; x_wconf 82' lang='lat' dir='ltr'>provocabis</span> <span class='ocrx_word' id='word_1_95' title='bbox 590 1139 647 1181; x_wconf 89' lang='lat' dir='ltr'>uos</span> <span class='ocrx_word' id='word_1_96' title='bbox 672 1120 765 1181; x_wconf 84' lang='lat' dir='ltr'>etism</span> <span class='ocrx_word' id='word_1_97' title='bbox 793 1126 902 1182; x_wconf 80' lang='lat' dir='ltr'>castere</span> <span class='ocrx_word' id='word_1_98' title='bbox 956 1135 1051 1196; x_wconf 89' lang='lat' dir='ltr'>qoam</span> <span class='ocrx_word' id='word_1_99' title='bbox 1071 1119 1105 1179; x_wconf 93' lang='lat' dir='ltr'>in</span> <span class='ocrx_word' id='word_1_100' title='bbox 1134 1119 1318 1198; x_wconf 81' lang='lat' dir='ltr'>praeletione</span> <span class='ocrx_word' id='word_1_101' title='bbox 1347 1119 1387 1180; x_wconf 91' lang='lat' dir='ltr'>ad</span> <span class='ocrx_word' id='word_1_102' title='bbox 1411 1123 1525 1181; x_wconf 83' lang='lat' dir='ltr'>Genea.</span> <span class='ocrx_word' id='word_1_103' title='bbox 1554 1122 1712 1182; x_wconf 80' lang='lat' dir='ltr'>Praeterea</span> <span class='ocrx_word' id='word_1_104' title='bbox 1737 1120 1778 1181; x_wconf 93' lang='lat' dir='ltr'>de</span> 
     </span>
     <span class='ocr_line' id='line_1_10' title="bbox 64 1214 1777 1298; baseline 0.002 -23"><span class='ocrx_word' id='word_1_105' title='bbox 64 1214 185 1276; x_wconf 84' lang='lat' dir='ltr'>clauso</span> <span class='ocrx_word' id='word_1_106' title='bbox 217 1215 359 1279; x_wconf 83' lang='lat' dir='ltr'>armario</span> <span class='ocrx_word' id='word_1_107' title='bbox 388 1236 450 1277; x_wconf 85' lang='lat' dir='ltr'>non</span> <span class='ocrx_word' id='word_1_108' title='bbox 479 1221 593 1280; x_wconf 80' lang='lat' dir='ltr'>tenero.</span> <span class='ocrx_word' id='word_1_109' title='bbox 621 1219 766 1281; x_wconf 74' lang='lat' dir='ltr'>armario</span> <span class='ocrx_word' id='word_1_110' title='bbox 794 1219 903 1281; x_wconf 86' lang='lat' dir='ltr'>clausa</span> <span class='ocrx_word' id='word_1_111' title='bbox 955 1216 1088 1278; x_wconf 79' lang='lat' dir='ltr'>Hebraeo</span> <span class='ocrx_word' id='word_1_112' title='bbox 1121 1218 1267 1279; x_wconf 80' lang='lat' dir='ltr'>Genesim</span> <span class='ocrx_word' id='word_1_113' title='bbox 1310 1218 1402 1280; x_wconf 83' lang='lat' dir='ltr'>vertit</span> <span class='ocrx_word' id='word_1_114' title='bbox 1440 1219 1623 1298; x_wconf 87' lang='lat' dir='ltr'>prinsquam</span> <span class='ocrx_word' id='word_1_115' title='bbox 1661 1217 1777 1280; x_wconf 92' lang='lat' dir='ltr'>librum</span> 
     </span>
     <span class='ocr_line' id='line_1_11' title="bbox 66 1313 1779 1397; baseline 0.001 -22"><span class='ocrx_word' id='word_1_116' title='bbox 66 1318 146 1375; x_wconf 87' lang='lat' dir='ltr'>tnnc</span> <span class='ocrx_word' id='word_1_117' title='bbox 161 1313 317 1394; x_wconf 87' lang='lat' dir='ltr'>temporis</span> <span class='ocrx_word' id='word_1_118' title='bbox 332 1314 463 1377; x_wconf 90' lang='lat' dir='ltr'>tenebat</span> <span class='ocrx_word' id='word_1_119' title='bbox 485 1320 602 1395; x_wconf 75' lang='lat' dir='ltr'>prater</span> <span class='ocrx_word' id='word_1_120' title='bbox 620 1314 688 1395; x_wconf 75' lang='lat' dir='ltr'>iam</span> <span class='ocrx_word' id='word_1_121' title='bbox 712 1316 813 1379; x_wconf 92' lang='lat' dir='ltr'>dictas</span> <span class='ocrx_word' id='word_1_122' title='bbox 835 1335 904 1378; x_wconf 81' lang='lat' dir='ltr'>ver·</span> <span class='ocrx_word' id='word_1_123' title='bbox 955 1313 1106 1377; x_wconf 77' lang='lat' dir='ltr'>edidisset</span> <span class='ocrx_word' id='word_1_124' title='bbox 1146 1316 1186 1376; x_wconf 91' lang='lat' dir='ltr'>de</span> <span class='ocrx_word' id='word_1_125' title='bbox 1227 1316 1355 1395; x_wconf 90' lang='lat' dir='ltr'>Optimo</span> <span class='ocrx_word' id='word_1_126' title='bbox 1383 1334 1498 1395; x_wconf 78' lang='lat' dir='ltr'>genere</span> <span class='ocrx_word' id='word_1_127' title='bbox 1538 1315 1779 1397; x_wconf 88' lang='lat' dir='ltr'>interpretandi,</span> 
     </span>
    </p>
   </div>
   <div class='ocr_carea' id='block_1_5' title="bbox 66 1410 1902 1495">
    <p class='ocr_par' dir='ltr' id='par_1_6' title="bbox 66 1410 1902 1495">
     <span class='ocr_line' id='line_1_12' title="bbox 66 1410 1902 1495; baseline 0.003 -23"><span class='ocrx_word' id='word_1_128' title='bbox 66 1411 187 1485; x_wconf 86' lang='lat' dir='ltr'>siones,</span> <span class='ocrx_word' id='word_1_129' title='bbox 217 1410 420 1474; x_wconf 88' lang='lat' dir='ltr'>Psalmorum</span> <span class='ocrx_word' id='word_1_130' title='bbox 448 1414 690 1478; x_wconf 78' lang='lat' dir='ltr'>translationem</span> <span class='ocrx_word' id='word_1_131' title='bbox 723 1413 901 1495; x_wconf 88' lang='lat' dir='ltr'>Sophronia</span> <span class='ocrx_word' id='word_1_132' title='bbox 955 1411 986 1473; x_wconf 91' lang='lat' dir='ltr'>in</span> <span class='ocrx_word' id='word_1_133' title='bbox 1002 1431 1066 1493; x_wconf 92' lang='lat' dir='ltr'>qno</span> <span class='ocrx_word' id='word_1_134' title='bbox 1090 1414 1189 1476; x_wconf 91' lang='lat' dir='ltr'>multa</span> <span class='ocrx_word' id='word_1_135' title='bbox 1216 1415 1344 1494; x_wconf 81' lang='lat' dir='ltr'>collegit</span> <span class='ocrx_word' id='word_1_136' title='bbox 1371 1415 1411 1476; x_wconf 93' lang='lat' dir='ltr'>de</span> <span class='ocrx_word' id='word_1_137' title='bbox 1438 1415 1536 1477; x_wconf 86' lang='lat' dir='ltr'>veteri</span> <span class='ocrx_word' id='word_1_138' title='bbox 1563 1419 1777 1490; x_wconf 77' lang='lat' dir='ltr'>Testamenta,</span> <span class='ocrx_word' id='word_1_139' title='bbox 1899 1446 1902 1451; x_wconf 93' lang='lat'>·</span> 
     </span>
    </p>
   </div>
   <div class='ocr_carea' id='block_1_6' title="bbox 68 1510 1780 1691">
    <p class='ocr_par' dir='ltr' id='par_1_7' title="bbox 68 1510 1780 1691">
     <span class='ocr_line' id='line_1_13' title="bbox 68 1510 1779 1593; baseline 0.003 -22"><span class='ocrx_word' id='word_1_140' title='bbox 68 1516 304 1591; x_wconf 84' lang='lat' dir='ltr'>nuncupatam,</span> <span class='ocrx_word' id='word_1_141' title='bbox 330 1517 363 1572; x_wconf 91' lang='lat' dir='ltr'>et</span> <span class='ocrx_word' id='word_1_142' title='bbox 387 1510 485 1574; x_wconf 88' lang='lat' dir='ltr'>libros</span> <span class='ocrx_word' id='word_1_143' title='bbox 509 1512 699 1587; x_wconf 90' lang='lat' dir='ltr'>Salomonis,</span> <span class='ocrx_word' id='word_1_144' title='bbox 724 1532 805 1593; x_wconf 87' lang='lat' dir='ltr'>qnos</span> <span class='ocrx_word' id='word_1_145' title='bbox 825 1513 903 1574; x_wconf 87' lang='lat' dir='ltr'>dixi·</span> <span class='ocrx_word' id='word_1_146' title='bbox 956 1529 1026 1590; x_wconf 83' lang='lat' dir='ltr'>quae</span> <span class='ocrx_word' id='word_1_147' title='bbox 1042 1512 1073 1572; x_wconf 94' lang='lat' dir='ltr'>in</span> <span class='ocrx_word' id='word_1_148' title='bbox 1088 1513 1167 1573; x_wconf 87' lang='lat' dir='ltr'>LXX</span> <span class='ocrx_word' id='word_1_149' title='bbox 1182 1531 1246 1575; x_wconf 94' lang='lat' dir='ltr'>non</span> <span class='ocrx_word' id='word_1_150' title='bbox 1273 1513 1433 1592; x_wconf 81' lang='lat' dir='ltr'>leguntur.</span> <span class='ocrx_word' id='word_1_151' title='bbox 1461 1511 1560 1575; x_wconf 87' lang='lat' dir='ltr'>Plura</span> <span class='ocrx_word' id='word_1_152' title='bbox 1585 1513 1714 1576; x_wconf 62' lang='lat' dir='ltr'>undem</span> <span class='ocrx_word' id='word_1_153' title='bbox 1739 1512 1779 1576; x_wconf 91' lang='lat' dir='ltr'>de</span> 
     </span>
     <span class='ocr_line' id='line_1_14' title="bbox 69 1608 1780 1691; baseline 0.002 -22"><span class='ocrx_word' id='word_1_154' title='bbox 69 1626 141 1669; x_wconf 90' lang='lat' dir='ltr'>mus</span> <span class='ocrx_word' id='word_1_155' title='bbox 155 1608 321 1671; x_wconf 71' lang='lat' dir='ltr'>dedicasse</span> <span class='ocrx_word' id='word_1_156' title='bbox 334 1609 521 1673; x_wconf 89' lang='lat' dir='ltr'>Chromatio</span> <span class='ocrx_word' id='word_1_157' title='bbox 535 1616 567 1674; x_wconf 91' lang='lat' dir='ltr'>et</span> <span class='ocrx_word' id='word_1_158' title='bbox 581 1611 762 1674; x_wconf 82' lang='lat' dir='ltr'>Heliodoro.</span> <span class='ocrx_word' id='word_1_159' title='bbox 781 1613 903 1675; x_wconf 83' lang='lat' dir='ltr'>Caetera</span> <span class='ocrx_word' id='word_1_160' title='bbox 954 1610 1121 1688; x_wconf 90' lang='lat' dir='ltr'>Opusoulis</span> <span class='ocrx_word' id='word_1_161' title='bbox 1158 1610 1343 1691; x_wconf 81' lang='lat' dir='ltr'>Hieronymi</span> <span class='ocrx_word' id='word_1_162' title='bbox 1370 1611 1515 1691; x_wconf 87' lang='lat' dir='ltr'>repetita,</span> <span class='ocrx_word' id='word_1_163' title='bbox 1546 1618 1603 1673; x_wconf 90' lang='lat' dir='ltr'>aut</span> <span class='ocrx_word' id='word_1_164' title='bbox 1630 1617 1716 1674; x_wconf 88' lang='lat' dir='ltr'>carto</span> <span class='ocrx_word' id='word_1_165' title='bbox 1741 1610 1780 1672; x_wconf 91' lang='lat' dir='ltr'>si-</span> 
     </span>
    </p>
   </div>
   <div class='ocr_carea' id='block_1_7' title="bbox 68 1706 1893 1888">
    <p class='ocr_par' dir='ltr' id='par_1_8' title="bbox 68 1706 1893 1888">
     <span class='ocr_line' id='line_1_15' title="bbox 68 1706 1893 1789; baseline 0.003 -22"><span class='ocrx_word' id='word_1_166' title='bbox 68 1707 238 1768; x_wconf 82' lang='lat' dir='ltr'>volnmina</span> <span class='ocrx_word' id='word_1_167' title='bbox 263 1708 380 1769; x_wconf 83' lang='lat' dir='ltr'>veteris</span> <span class='ocrx_word' id='word_1_168' title='bbox 406 1710 602 1770; x_wconf 73' lang='lat' dir='ltr'>Testamenti</span> <span class='ocrx_word' id='word_1_169' title='bbox 628 1709 774 1772; x_wconf 90' lang='lat' dir='ltr'>nondum</span> <span class='ocrx_word' id='word_1_170' title='bbox 811 1715 902 1771; x_wconf 88' lang='lat' dir='ltr'>erant</span> <span class='ocrx_word' id='word_1_171' title='bbox 956 1706 1043 1767; x_wconf 90' lang='lat' dir='ltr'>milia</span> <span class='ocrx_word' id='word_1_172' title='bbox 1071 1707 1156 1768; x_wconf 82' lang='lat' dir='ltr'>dieta</span> <span class='ocrx_word' id='word_1_173' title='bbox 1183 1709 1385 1787; x_wconf 89' lang='lat' dir='ltr'>reperiuntur</span> <span class='ocrx_word' id='word_1_174' title='bbox 1411 1709 1546 1789; x_wconf 89' lang='lat' dir='ltr'>epistola</span> <span class='ocrx_word' id='word_1_175' title='bbox 1574 1710 1632 1771; x_wconf 72' lang='lat' dir='ltr'>tos</span> <span class='ocrx_word' id='word_1_176' title='bbox 1667 1713 1699 1771; x_wconf 89' lang='lat' dir='ltr'>et</span> <span class='ocrx_word' id='word_1_177' title='bbox 1724 1712 1775 1784; x_wconf 73' lang='lat'>52,</span> <span class='ocrx_word' id='word_1_178' title='bbox 1889 1708 1893 1715; x_wconf 82' lang='grc'><strong>“</strong></span> 
     </span>
     <span class='ocr_line' id='line_1_16' title="bbox 70 1805 1891 1888; baseline 0.002 -23"><span class='ocrx_word' id='word_1_179' title='bbox 70 1805 109 1866; x_wconf 92' lang='lat' dir='ltr'>de</span> <span class='ocrx_word' id='word_1_180' title='bbox 137 1805 274 1867; x_wconf 70' lang='lat' dir='ltr'>Hebraeo</span> <span class='ocrx_word' id='word_1_181' title='bbox 300 1805 410 1868; x_wconf 78' lang='lat' dir='ltr'>Latine</span> <span class='ocrx_word' id='word_1_182' title='bbox 439 1823 592 1869; x_wconf 86' lang='lat' dir='ltr'>conversa</span> <span class='ocrx_word' id='word_1_183' title='bbox 617 1824 625 1869; x_wconf 75' lang='grc' dir='ltr'><strong>ε</strong></span> <span class='ocrx_word' id='word_1_184' title='bbox 653 1808 799 1888; x_wconf 76' lang='lat' dir='ltr'>quamvis</span> <span class='ocrx_word' id='word_1_185' title='bbox 833 1807 1050 1887; x_wconf 83' lang='lat' dir='ltr'>ipsqunam</span> <span class='ocrx_word' id='word_1_186' title='bbox 1093 1805 1231 1867; x_wconf 85' lang='lat' dir='ltr'>diximus</span> <span class='ocrx_word' id='word_1_187' title='bbox 1259 1806 1409 1885; x_wconf 90' lang='lat' dir='ltr'>scriptam</span> <span class='ocrx_word' id='word_1_188' title='bbox 1453 1806 1494 1867; x_wconf 91' lang='lat' dir='ltr'>ad</span> <span class='ocrx_word' id='word_1_189' title='bbox 1536 1806 1777 1869; x_wconf 74' lang='lat' dir='ltr'>l‘ammaohium</span> <span class='ocrx_word' id='word_1_190' title='bbox 1887 1814 1891 1821; x_wconf 90' lang='lat'>&#39;</span> 
     </span>
    </p>
   </div>
   <div class='ocr_carea' id='block_1_8' title="bbox 68 1902 1779 2182">
    <p class='ocr_par' dir='ltr' id='par_1_9' title="bbox 68 1902 1779 2182">
     <span class='ocr_line' id='line_1_17' title="bbox 70 1902 1779 1984; baseline 0.001 -20"><span class='ocrx_word' id='word_1_191' title='bbox 70 1902 192 1965; x_wconf 76' lang='lat' dir='ltr'>scribet</span> <span class='ocrx_word' id='word_1_192' title='bbox 219 1921 304 1966; x_wconf 91' lang='lat' dir='ltr'>anno</span> <span class='ocrx_word' id='word_1_193' title='bbox 332 1903 546 1979; x_wconf 74' lang='lat' dir='ltr'>cunenses,</span> <span class='ocrx_word' id='word_1_194' title='bbox 576 1905 706 1984; x_wconf 88' lang='lat' dir='ltr'>quando</span> <span class='ocrx_word' id='word_1_195' title='bbox 736 1904 899 1969; x_wconf 86' lang='lat' dir='ltr'>contexuit</span> <span class='ocrx_word' id='word_1_196' title='bbox 953 1920 1037 1964; x_wconf 91' lang='lat' dir='ltr'>anno</span> <span class='ocrx_word' id='word_1_197' title='bbox 1052 1902 1168 1964; x_wconf 81' lang='lat' dir='ltr'>Christi</span> <span class='ocrx_word' id='word_1_198' title='bbox 1185 1904 1256 1965; x_wconf 76' lang='grc'><strong>403.</strong></span> <span class='ocrx_word' id='word_1_199' title='bbox 1273 1906 1416 1978; x_wconf 79' lang='lat' dir='ltr'>Ouatuor</span> <span class='ocrx_word' id='word_1_200' title='bbox 1443 1904 1582 1984; x_wconf 89' lang='lat' dir='ltr'>reliquos</span> <span class='ocrx_word' id='word_1_201' title='bbox 1604 1906 1779 1967; x_wconf 88' lang='lat' dir='ltr'>Pentateu-</span> 
     </span>
     <span class='ocr_line' id='line_1_18' title="bbox 68 2000 1779 2082; baseline 0.001 -20"><span class='ocrx_word' id='word_1_202' title='bbox 68 2001 253 2081; x_wconf 70' lang='lat' dir='ltr'>catalognm</span> <span class='ocrx_word' id='word_1_203' title='bbox 275 2001 315 2063; x_wconf 91' lang='lat' dir='ltr'>da</span> <span class='ocrx_word' id='word_1_204' title='bbox 340 2001 556 2082; x_wconf 76' lang='lat' dir='ltr'>scriptoribus</span> <span class='ocrx_word' id='word_1_205' title='bbox 597 2002 835 2082; x_wconf 86' lang='lat' dir='ltr'>Ecclesiasticis,</span> <span class='ocrx_word' id='word_1_206' title='bbox 866 2020 899 2064; x_wconf 92' lang='lat' dir='ltr'>se</span> <span class='ocrx_word' id='word_1_207' title='bbox 953 2000 1006 2063; x_wconf 91' lang='lat' dir='ltr'>chi</span> <span class='ocrx_word' id='word_1_208' title='bbox 1044 2000 1142 2062; x_wconf 90' lang='lat' dir='ltr'>libros</span> <span class='ocrx_word' id='word_1_209' title='bbox 1183 2000 1279 2063; x_wconf 81' lang='lat' dir='ltr'>variis</span> <span class='ocrx_word' id='word_1_210' title='bbox 1321 2000 1490 2064; x_wconf 63' lang='lat' dir='ltr'>deuectus</span> <span class='ocrx_word' id='word_1_211' title='bbox 1518 2001 1779 2081; x_wconf 72' lang='lat' dir='ltr'>occupationibus</span> 
     </span>
     <span class='ocr_line' id='line_1_19' title="bbox 68 2099 1778 2182; baseline 0.001 -22"><span class='ocrx_word' id='word_1_212' title='bbox 68 2099 321 2163; x_wconf 85' lang='lat' dir='ltr'>lustramentum</span> <span class='ocrx_word' id='word_1_213' title='bbox 332 2106 422 2161; x_wconf 82' lang='lat' dir='ltr'>vetus</span> <span class='ocrx_word' id='word_1_214' title='bbox 432 2099 528 2180; x_wconf 82' lang='lat' dir='ltr'>juxta</span> <span class='ocrx_word' id='word_1_215' title='bbox 541 2101 731 2164; x_wconf 89' lang='lat' dir='ltr'>Hebraicum</span> <span class='ocrx_word' id='word_1_216' title='bbox 758 2106 901 2164; x_wconf 89' lang='lat' dir='ltr'>transtu·</span> <span class='ocrx_word' id='word_1_217' title='bbox 954 2100 1117 2163; x_wconf 87' lang='lat' dir='ltr'>absolvere</span> <span class='ocrx_word' id='word_1_218' title='bbox 1131 2119 1194 2162; x_wconf 93' lang='lat' dir='ltr'>non</span> <span class='ocrx_word' id='word_1_219' title='bbox 1211 2101 1315 2182; x_wconf 91' lang='lat' dir='ltr'>potuit</span> <span class='ocrx_word' id='word_1_220' title='bbox 1333 2107 1407 2163; x_wconf 69' lang='lat' dir='ltr'>anm</span> <span class='ocrx_word' id='word_1_221' title='bbox 1429 2120 1548 2164; x_wconf 91' lang='lat' dir='ltr'>annum</span> <span class='ocrx_word' id='word_1_222' title='bbox 1576 2101 1691 2163; x_wconf 88' lang='lat' dir='ltr'>Christi</span> <span class='ocrx_word' id='word_1_223' title='bbox 1717 2102 1778 2162; x_wconf 93' lang='grc'>404</span> 
     </span>
    </p>
   </div>
   <div class='ocr_carea' id='block_1_9' title="bbox 70 2190 1896 2281">
    <p class='ocr_par' dir='ltr' id='par_1_10' title="bbox 70 2190 1896 2281">
     <span class='ocr_line' id='line_1_20' title="bbox 70 2190 1896 2281; baseline 0.001 -22"><span class='ocrx_word' id='word_1_224' title='bbox 70 2196 155 2260; x_wconf 82' lang='lat' dir='ltr'>iisse.</span> <span class='ocrx_word' id='word_1_225' title='bbox 171 2197 250 2270; x_wconf 80' lang='lat' dir='ltr'>Quae</span> <span class='ocrx_word' id='word_1_226' title='bbox 273 2197 300 2259; x_wconf 92' lang='lat' dir='ltr'>si</span> <span class='ocrx_word' id='word_1_227' title='bbox 322 2215 385 2260; x_wconf 92' lang='lat' dir='ltr'>non</span> <span class='ocrx_word' id='word_1_228' title='bbox 410 2217 504 2260; x_wconf 91' lang='lat' dir='ltr'>nemo</span> <span class='ocrx_word' id='word_1_229' title='bbox 533 2199 573 2260; x_wconf 94' lang='lat' dir='ltr'>de</span> <span class='ocrx_word' id='word_1_230' title='bbox 597 2199 730 2279; x_wconf 73' lang='lat' dir='ltr'>singulis</span> <span class='ocrx_word' id='word_1_231' title='bbox 746 2200 836 2262; x_wconf 89' lang='lat' dir='ltr'>libris</span> <span class='ocrx_word' id='word_1_232' title='bbox 850 2200 899 2262; x_wconf 93' lang='lat' dir='ltr'>in·</span> <span class='ocrx_word' id='word_1_233' title='bbox 953 2198 1088 2261; x_wconf 83' lang='lat' dir='ltr'>relt05.</span> <span class='ocrx_word' id='word_1_234' title='bbox 1106 2199 1196 2271; x_wconf 83' lang='lat' dir='ltr'>Quod</span> <span class='ocrx_word' id='word_1_235' title='bbox 1224 2200 1291 2280; x_wconf 91' lang='lat' dir='ltr'>ipse</span> <span class='ocrx_word' id='word_1_236' title='bbox 1314 2218 1373 2261; x_wconf 93' lang='lat' dir='ltr'>nos</span> <span class='ocrx_word' id='word_1_237' title='bbox 1399 2200 1507 2262; x_wconf 89' lang='lat' dir='ltr'>docuit</span> <span class='ocrx_word' id='word_1_238' title='bbox 1532 2200 1720 2281; x_wconf 73' lang='lat' dir='ltr'>prestatione</span> <span class='ocrx_word' id='word_1_239' title='bbox 1744 2199 1778 2260; x_wconf 91' lang='lat' dir='ltr'>in</span> <span class='ocrx_word' id='word_1_240' title='bbox 1888 2190 1896 2199; x_wconf 69' lang='grc'><strong>”</strong></span> 
     </span>
    </p>
   </div>
   <div class='ocr_carea' id='block_1_10' title="bbox 71 2295 1778 2378">
    <p class='ocr_par' dir='ltr' id='par_1_11' title="bbox 71 2295 1778 2378">
     <span class='ocr_line' id='line_1_21' title="bbox 71 2295 1778 2378; baseline 0.001 -21"><span class='ocrx_word' id='word_1_241' title='bbox 71 2295 247 2375; x_wconf 79' lang='lat' dir='ltr'>talligenda</span> <span class='ocrx_word' id='word_1_242' title='bbox 262 2296 395 2376; x_wconf 82' lang='lat' dir='ltr'>putauit,</span> <span class='ocrx_word' id='word_1_243' title='bbox 411 2296 546 2358; x_wconf 89' lang='lat' dir='ltr'>multum</span> <span class='ocrx_word' id='word_1_244' title='bbox 562 2315 581 2358; x_wconf 91' lang='lat' dir='ltr'>a</span> <span class='ocrx_word' id='word_1_245' title='bbox 597 2315 671 2359; x_wconf 84' lang='lat' dir='ltr'>sero</span> <span class='ocrx_word' id='word_1_246' title='bbox 701 2316 774 2360; x_wconf 89' lang='lat' dir='ltr'>enm</span> <span class='ocrx_word' id='word_1_247' title='bbox 798 2297 901 2360; x_wconf 91' lang='lat' dir='ltr'>diace-</span> <span class='ocrx_word' id='word_1_248' title='bbox 953 2298 1060 2375; x_wconf 83' lang='lat' dir='ltr'>loeus,</span> <span class='ocrx_word' id='word_1_249' title='bbox 1093 2298 1228 2361; x_wconf 90' lang='lat' dir='ltr'>dicens:</span> <span class='ocrx_word' id='word_1_250' title='bbox 1266 2298 1401 2361; x_wconf 78' lang='lat' dir='ltr'>Tandem</span> <span class='ocrx_word' id='word_1_251' title='bbox 1419 2299 1525 2378; x_wconf 85' lang='lat' dir='ltr'>finito</span> <span class='ocrx_word' id='word_1_252' title='bbox 1565 2296 1778 2361; x_wconf 79' lang='lat' dir='ltr'>Pentateucho</span> 
     </span>
    </p>
   </div>
   <div class='ocr_carea' id='block_1_11' title="bbox 72 2393 1913 2479">
    <p class='ocr_par' dir='ltr' id='par_1_12' title="bbox 72 2393 1913 2479">
     <span class='ocr_line' id='line_1_22' title="bbox 72 2393 1913 2479; baseline 0.002 -24"><span class='ocrx_word' id='word_1_253' title='bbox 72 2393 148 2455; x_wconf 89' lang='lat' dir='ltr'>dere</span> <span class='ocrx_word' id='word_1_254' title='bbox 175 2411 306 2456; x_wconf 85' lang='lat' dir='ltr'>necasse</span> <span class='ocrx_word' id='word_1_255' title='bbox 333 2399 401 2455; x_wconf 88' lang='lat' dir='ltr'>est:</span> <span class='ocrx_word' id='word_1_256' title='bbox 430 2394 506 2474; x_wconf 92' lang='lat' dir='ltr'>quia</span> <span class='ocrx_word' id='word_1_257' title='bbox 534 2413 573 2456; x_wconf 87' lang='lat' dir='ltr'>ex</span> <span class='ocrx_word' id='word_1_258' title='bbox 595 2395 731 2475; x_wconf 90' lang='lat' dir='ltr'>epistola</span> <span class='ocrx_word' id='word_1_259' title='bbox 757 2395 798 2457; x_wconf 91' lang='lat' dir='ltr'>ad</span> <span class='ocrx_word' id='word_1_260' title='bbox 811 2395 903 2457; x_wconf 89' lang='lat' dir='ltr'>Luci·</span> <span class='ocrx_word' id='word_1_261' title='bbox 955 2395 1076 2477; x_wconf 84' lang='lat' dir='ltr'>Moysi,</span> <span class='ocrx_word' id='word_1_262' title='bbox 1093 2395 1178 2459; x_wconf 80' lang='lat' dir='ltr'>reiut</span> <span class='ocrx_word' id='word_1_263' title='bbox 1190 2397 1433 2479; x_wconf 72' lang='lat' dir='ltr'>grandisonus</span> <span class='ocrx_word' id='word_1_264' title='bbox 1447 2398 1588 2474; x_wconf 79' lang='lat' dir='ltr'>liberati,</span> <span class='ocrx_word' id='word_1_265' title='bbox 1604 2398 1647 2460; x_wconf 86' lang='lat' dir='ltr'>od</span> <span class='ocrx_word' id='word_1_266' title='bbox 1673 2395 1778 2465; x_wconf 81' lang='lat' dir='ltr'>Iesum</span> <span class='ocrx_word' id='word_1_267' title='bbox 1844 2432 1847 2437; x_wconf 91' lang='lat'>·</span> <span class='ocrx_word' id='word_1_268' title='bbox 1906 2412 1913 2419; x_wconf 84' lang='grc'><strong><em>·</em></strong></span> 
     </span>
    </p>
   </div>
   <div class='ocr_carea' id='block_1_12' title="bbox 77 2491 1846 2575">
    <p class='ocr_par' dir='ltr' id='par_1_13' title="bbox 77 2491 1846 2575">
     <span class='ocr_line' id='line_1_23' title="bbox 77 2491 1846 2575; baseline 0.003 -23"><span class='ocrx_word' id='word_1_269' title='bbox 77 2491 177 2566; x_wconf 89' lang='lat' dir='ltr'>nium,</span> <span class='ocrx_word' id='word_1_270' title='bbox 195 2496 229 2554; x_wconf 91' lang='lat' dir='ltr'>at</span> <span class='ocrx_word' id='word_1_271' title='bbox 239 2509 277 2554; x_wconf 83' lang='lat' dir='ltr'>es</span> <span class='ocrx_word' id='word_1_272' title='bbox 291 2492 477 2573; x_wconf 83' lang='lat' dir='ltr'>praelatione</span> <span class='ocrx_word' id='word_1_273' title='bbox 491 2492 524 2554; x_wconf 91' lang='lat' dir='ltr'>in</span> <span class='ocrx_word' id='word_1_274' title='bbox 538 2493 655 2555; x_wconf 88' lang='lat' dir='ltr'>librum</span> <span class='ocrx_word' id='word_1_275' title='bbox 669 2495 766 2558; x_wconf 86' lang='lat' dir='ltr'>losue</span> <span class='ocrx_word' id='word_1_276' title='bbox 790 2493 901 2575; x_wconf 87' lang='lat' dir='ltr'>explo-</span> <span class='ocrx_word' id='word_1_277' title='bbox 956 2495 1064 2565; x_wconf 74' lang='lat' dir='ltr'>fiiium</span> <span class='ocrx_word' id='word_1_278' title='bbox 1079 2495 1306 2557; x_wconf 83' lang='lat' dir='ltr'>Nouemouum</span> <span class='ocrx_word' id='word_1_279' title='bbox 1322 2496 1488 2558; x_wconf 82' lang='lat' dir='ltr'>mittimus.</span> <span class='ocrx_word' id='word_1_280' title='bbox 1504 2499 1544 2558; x_wconf 85' lang='lat' dir='ltr'>Et</span> <span class='ocrx_word' id='word_1_281' title='bbox 1565 2496 1672 2559; x_wconf 85' lang='lat' dir='ltr'>inira:</span> <span class='ocrx_word' id='word_1_282' title='bbox 1701 2494 1778 2558; x_wconf 84' lang='lat' dir='ltr'>Cae·</span> <span class='ocrx_word' id='word_1_283' title='bbox 1835 2552 1846 2563; x_wconf 85' lang='lat'>,</span> 
     </span>
    </p>
   </div>
   <div class='ocr_carea' id='block_1_13' title="bbox 77 2589 1875 2674">
    <p class='ocr_par' dir='ltr' id='par_1_14' title="bbox 77 2589 1875 2674">
     <span class='ocr_line' id='line_1_24' title="bbox 77 2589 1875 2674; baseline 0.003 -23"><span class='ocrx_word' id='word_1_284' title='bbox 77 2595 180 2651; x_wconf 86' lang='lat' dir='ltr'>ratnsn</span> <span class='ocrx_word' id='word_1_285' title='bbox 218 2589 386 2665; x_wconf 65' lang='lat' dir='ltr'>memus,</span> <span class='ocrx_word' id='word_1_286' title='bbox 414 2591 622 2653; x_wconf 81' lang='lat' dir='ltr'>Penteteuohi</span> <span class='ocrx_word' id='word_1_287' title='bbox 650 2592 900 2667; x_wconf 86' lang='lat' dir='ltr'>translationem,</span> <span class='ocrx_word' id='word_1_288' title='bbox 958 2598 1058 2653; x_wconf 84' lang='lat' dir='ltr'>terum</span> <span class='ocrx_word' id='word_1_289' title='bbox 1066 2598 1144 2674; x_wconf 82' lang='lat' dir='ltr'>post</span> <span class='ocrx_word' id='word_1_290' title='bbox 1157 2598 1273 2655; x_wconf 78' lang='lat' dir='ltr'>sancta</span> <span class='ocrx_word' id='word_1_291' title='bbox 1291 2591 1779 2674; x_wconf 72' lang='lat' dir='ltr'>Poutooormittonem‚cu1us</span> <span class='ocrx_word' id='word_1_292' title='bbox 1872 2652 1875 2657; x_wconf 91' lang='grc'><em>,</em></span> 
     </span>
    </p>
   </div>
   <div class='ocr_carea' id='block_1_14' title="bbox 76 2688 1857 3164">
    <p class='ocr_par' dir='ltr' id='par_1_15' title="bbox 76 2688 1857 3164">
     <span class='ocr_line' id='line_1_25' title="bbox 79 2688 1779 2777; baseline 0.001 -28"><span class='ocrx_word' id='word_1_293' title='bbox 79 2695 175 2768; x_wconf 87' lang='lat' dir='ltr'>atqne</span> <span class='ocrx_word' id='word_1_294' title='bbox 189 2689 288 2750; x_wconf 90' lang='lat' dir='ltr'>trinm</span> <span class='ocrx_word' id='word_1_295' title='bbox 318 2688 455 2750; x_wconf 90' lang='lat' dir='ltr'>aliorum</span> <span class='ocrx_word' id='word_1_296' title='bbox 479 2689 686 2767; x_wconf 83' lang='lat' dir='ltr'>voluminum,</span> <span class='ocrx_word' id='word_1_297' title='bbox 711 2708 846 2771; x_wconf 86' lang='lat' dir='ltr'>qnorum</span> <span class='ocrx_word' id='word_1_298' title='bbox 868 2691 903 2753; x_wconf 91' lang='lat' dir='ltr'>in</span> <span class='ocrx_word' id='word_1_299' title='bbox 957 2690 1022 2777; x_wconf 81' lang='lat' dir='ltr'>sito</span> <span class='ocrx_word' id='word_1_300' title='bbox 1037 2690 1167 2751; x_wconf 86' lang='lat' dir='ltr'>virtutis</span> <span class='ocrx_word' id='word_1_301' title='bbox 1181 2690 1351 2772; x_wconf 78' lang='lat' dir='ltr'>exemplum</span> <span class='ocrx_word' id='word_1_302' title='bbox 1365 2697 1423 2771; x_wconf 82' lang='lat' dir='ltr'>est,</span> <span class='ocrx_word' id='word_1_303' title='bbox 1439 2697 1470 2752; x_wconf 83' lang='lat' dir='ltr'>et</span> <span class='ocrx_word' id='word_1_304' title='bbox 1483 2691 1540 2753; x_wconf 83' lang='lat' dir='ltr'>tros</span> <span class='ocrx_word' id='word_1_305' title='bbox 1560 2690 1671 2768; x_wconf 82' lang='lat' dir='ltr'>libros,</span> <span class='ocrx_word' id='word_1_306' title='bbox 1701 2709 1779 2772; x_wconf 87' lang='lat' dir='ltr'>quos</span> 
     </span>
     <span class='ocr_line' id='line_1_26' title="bbox 78 2782 1857 2871; baseline -0.001 -22"><span class='ocrx_word' id='word_1_307' title='bbox 78 2787 188 2849; x_wconf 87' lang='lat' dir='ltr'>eodem</span> <span class='ocrx_word' id='word_1_308' title='bbox 205 2786 341 2866; x_wconf 74' lang='lat' dir='ltr'>prologo</span> <span class='ocrx_word' id='word_1_309' title='bbox 355 2787 508 2863; x_wconf 83' lang='lat' dir='ltr'>meminit,</span> <span class='ocrx_word' id='word_1_310' title='bbox 526 2807 590 2850; x_wconf 93' lang='lat' dir='ltr'>non</span> <span class='ocrx_word' id='word_1_311' title='bbox 605 2789 701 2852; x_wconf 89' lang='lat' dir='ltr'>luisse</span> <span class='ocrx_word' id='word_1_312' title='bbox 724 2790 901 2851; x_wconf 90' lang='lat' dir='ltr'>absolutam</span> <span class='ocrx_word' id='word_1_313' title='bbox 956 2786 1131 2849; x_wconf 81' lang='lat' dir='ltr'>Eustochio</span> <span class='ocrx_word' id='word_1_314' title='bbox 1159 2788 1284 2869; x_wconf 76' lang='lat' dir='ltr'>virgini</span> <span class='ocrx_word' id='word_1_315' title='bbox 1312 2808 1429 2870; x_wconf 75' lang='lat' dir='ltr'>negare</span> <span class='ocrx_word' id='word_1_316' title='bbox 1455 2808 1517 2849; x_wconf 87' lang='lat' dir='ltr'>uon</span> <span class='ocrx_word' id='word_1_317' title='bbox 1537 2791 1644 2871; x_wconf 87' lang='lat' dir='ltr'>potui,</span> <span class='ocrx_word' id='word_1_318' title='bbox 1672 2788 1780 2848; x_wconf 79' lang='lat' dir='ltr'>decre·</span> <span class='ocrx_word' id='word_1_319' title='bbox 1854 2782 1857 2786; x_wconf 73' lang='grc'><strong>’</strong></span> 
     </span>
     <span class='ocr_line' id='line_1_27' title="bbox 78 2884 1778 2967; baseline 0.001 -21"><span class='ocrx_word' id='word_1_320' title='bbox 78 2891 148 2947; x_wconf 89' lang='lat' dir='ltr'>ante</span> <span class='ocrx_word' id='word_1_321' title='bbox 161 2884 286 2947; x_wconf 87' lang='lat' dir='ltr'>exitum</span> <span class='ocrx_word' id='word_1_322' title='bbox 302 2888 335 2947; x_wconf 89' lang='lat' dir='ltr'>S.</span> <span class='ocrx_word' id='word_1_323' title='bbox 365 2885 472 2947; x_wconf 80' lang='lat' dir='ltr'>Paulas</span> <span class='ocrx_word' id='word_1_324' title='bbox 500 2887 621 2962; x_wconf 90' lang='lat' dir='ltr'>matris,</span> <span class='ocrx_word' id='word_1_325' title='bbox 651 2888 684 2948; x_wconf 92' lang='lat' dir='ltr'>id</span> <span class='ocrx_word' id='word_1_326' title='bbox 708 2896 765 2962; x_wconf 90' lang='lat' dir='ltr'>est,</span> <span class='ocrx_word' id='word_1_327' title='bbox 783 2906 903 2950; x_wconf 90' lang='lat' dir='ltr'>annum</span> <span class='ocrx_word' id='word_1_328' title='bbox 957 2886 1071 2961; x_wconf 82' lang='lat' dir='ltr'>vimus,</span> <span class='ocrx_word' id='word_1_329' title='bbox 1088 2893 1148 2948; x_wconf 86' lang='lat' dir='ltr'>etc.</span> <span class='ocrx_word' id='word_1_330' title='bbox 1164 2885 1291 2966; x_wconf 78' lang='lat' dir='ltr'>Idergo</span> <span class='ocrx_word' id='word_1_331' title='bbox 1307 2886 1648 2967; x_wconf 79' lang='lat' dir='ltr'>postobitumssnctae</span> <span class='ocrx_word' id='word_1_332' title='bbox 1670 2884 1778 2947; x_wconf 75' lang='lat' dir='ltr'>Paula</span> 
     </span>
     <span class='ocr_line' id='line_1_28' title="bbox 76 2981 1780 3064; baseline -0.001 -21"><span class='ocrx_word' id='word_1_333' title='bbox 76 2982 189 3044; x_wconf 92' lang='lat' dir='ltr'>Christi</span> <span class='ocrx_word' id='word_1_334' title='bbox 205 2983 277 3043; x_wconf 90' lang='grc'><strong>404.</strong></span> <span class='ocrx_word' id='word_1_335' title='bbox 291 2981 386 3044; x_wconf 89' lang='lat' dir='ltr'>Liber</span> <span class='ocrx_word' id='word_1_336' title='bbox 399 2983 475 3045; x_wconf 91' lang='lat' dir='ltr'>item</span> <span class='ocrx_word' id='word_1_337' title='bbox 490 2985 575 3046; x_wconf 77' lang='lat' dir='ltr'>liare</span> <span class='ocrx_word' id='word_1_338' title='bbox 600 2984 703 3047; x_wconf 88' lang='lat' dir='ltr'>editus</span> <span class='ocrx_word' id='word_1_339' title='bbox 730 2986 847 3048; x_wconf 86' lang='lat' dir='ltr'>dieitur</span> <span class='ocrx_word' id='word_1_340' title='bbox 870 2986 902 3048; x_wconf 92' lang='lat' dir='ltr'>in</span> <span class='ocrx_word' id='word_1_341' title='bbox 957 2983 1116 3045; x_wconf 89' lang='lat' dir='ltr'>scribebat</span> <span class='ocrx_word' id='word_1_342' title='bbox 1142 2983 1373 3063; x_wconf 80' lang='lat' dir='ltr'>Hieronymus:</span> <span class='ocrx_word' id='word_1_343' title='bbox 1404 2984 1488 3045; x_wconf 91' lang='lat' dir='ltr'>unde</span> <span class='ocrx_word' id='word_1_344' title='bbox 1515 2988 1652 3064; x_wconf 89' lang='lat' dir='ltr'>apparet</span> <span class='ocrx_word' id='word_1_345' title='bbox 1680 2988 1780 3043; x_wconf 88' lang='lat' dir='ltr'>trans·</span> 
     </span>
     <span class='ocr_line' id='line_1_29' title="bbox 78 3080 1777 3164; baseline -0.001 -23"><span class='ocrx_word' id='word_1_346' title='bbox 78 3081 265 3161; x_wconf 81' lang='lat' dir='ltr'>praelatione</span> <span class='ocrx_word' id='word_1_347' title='bbox 280 3081 445 3162; x_wconf 89' lang='lat' dir='ltr'>aliquanto</span> <span class='ocrx_word' id='word_1_348' title='bbox 460 3088 602 3163; x_wconf 91' lang='lat' dir='ltr'>tempore</span> <span class='ocrx_word' id='word_1_349' title='bbox 618 3090 689 3163; x_wconf 92' lang='lat' dir='ltr'>post</span> <span class='ocrx_word' id='word_1_350' title='bbox 708 3085 903 3164; x_wconf 86' lang='lat' dir='ltr'>exemplaria</span> <span class='ocrx_word' id='word_1_351' title='bbox 958 3080 1109 3143; x_wconf 92' lang='lat' dir='ltr'>lationem</span> <span class='ocrx_word' id='word_1_352' title='bbox 1138 3080 1235 3142; x_wconf 91' lang='lat' dir='ltr'>totins</span> <span class='ocrx_word' id='word_1_353' title='bbox 1263 3081 1472 3143; x_wconf 89' lang='lat' dir='ltr'>Pentateuchi</span> <span class='ocrx_word' id='word_1_354' title='bbox 1498 3100 1562 3143; x_wconf 91' lang='lat' dir='ltr'>non</span> <span class='ocrx_word' id='word_1_355' title='bbox 1586 3080 1682 3142; x_wconf 84' lang='lat' dir='ltr'>inissa</span> <span class='ocrx_word' id='word_1_356' title='bbox 1705 3097 1777 3162; x_wconf 92' lang='lat' dir='ltr'>per-</span> 
     </span>
    </p>
   </div>
   <div class='ocr_carea' id='block_1_15' title="bbox 78 3176 1911 3261">
    <p class='ocr_par' dir='ltr' id='par_1_16' title="bbox 78 3176 1911 3261">
     <span class='ocr_line' id='line_1_30' title="bbox 78 3176 1911 3261; baseline -0.001 -21"><span class='ocrx_word' id='word_1_357' title='bbox 78 3179 306 3261; x_wconf 89' lang='lat' dir='ltr'>prophetarum</span> <span class='ocrx_word' id='word_1_358' title='bbox 324 3225 333 3253; x_wconf 97' lang='lat'>,</span> <span class='ocrx_word' id='word_1_359' title='bbox 350 3197 471 3242; x_wconf 91' lang='lat' dir='ltr'>moram</span> <span class='ocrx_word' id='word_1_360' title='bbox 487 3181 571 3242; x_wconf 86' lang='lat' dir='ltr'>enim</span> <span class='ocrx_word' id='word_1_361' title='bbox 589 3181 784 3244; x_wconf 90' lang='lat' dir='ltr'>attulithnie</span> <span class='ocrx_word' id='word_1_362' title='bbox 800 3176 939 3247; x_wconf 89' lang='lat' dir='ltr'>trans-C</span> <span class='ocrx_word' id='word_1_363' title='bbox 958 3180 1072 3242; x_wconf 90' lang='lat' dir='ltr'>lectam</span> <span class='ocrx_word' id='word_1_364' title='bbox 1101 3179 1161 3240; x_wconf 92' lang='lat' dir='ltr'>nisi</span> <span class='ocrx_word' id='word_1_365' title='bbox 1190 3184 1263 3259; x_wconf 92' lang='lat' dir='ltr'>post</span> <span class='ocrx_word' id='word_1_366' title='bbox 1290 3197 1408 3240; x_wconf 90' lang='lat' dir='ltr'>annum</span> <span class='ocrx_word' id='word_1_367' title='bbox 1437 3180 1553 3241; x_wconf 88' lang='lat' dir='ltr'>Christi</span> <span class='ocrx_word' id='word_1_368' title='bbox 1590 3181 1661 3252; x_wconf 90' lang='grc'><strong>404,</strong></span> <span class='ocrx_word' id='word_1_369' title='bbox 1704 3177 1779 3257; x_wconf 81' lang='lat' dir='ltr'>quia</span> <span class='ocrx_word' id='word_1_370' title='bbox 1908 3242 1911 3247; x_wconf 76' lang='grc'><em>,</em></span> 
     </span>
    </p>
   </div>
   <div class='ocr_carea' id='block_1_16' title="bbox 78 3275 1778 3651">
    <p class='ocr_par' dir='ltr' id='par_1_17' title="bbox 78 3275 1778 3651">
     <span class='ocr_line' id='line_1_31' title="bbox 78 3275 1777 3360; baseline -0.001 -22"><span class='ocrx_word' id='word_1_371' title='bbox 78 3277 188 3340; x_wconf 88' lang='lat' dir='ltr'>lationi</span> <span class='ocrx_word' id='word_1_372' title='bbox 202 3277 425 3359; x_wconf 88' lang='lat' dir='ltr'>Hieronymus,</span> <span class='ocrx_word' id='word_1_373' title='bbox 442 3297 537 3358; x_wconf 85' lang='lat' dir='ltr'>quam</span> <span class='ocrx_word' id='word_1_374' title='bbox 553 3297 610 3360; x_wconf 91' lang='lat' dir='ltr'>per</span> <span class='ocrx_word' id='word_1_375' title='bbox 624 3286 688 3342; x_wconf 92' lang='lat' dir='ltr'>tres</span> <span class='ocrx_word' id='word_1_376' title='bbox 702 3298 803 3342; x_wconf 91' lang='lat' dir='ltr'>annos</span> <span class='ocrx_word' id='word_1_377' title='bbox 826 3298 901 3343; x_wconf 89' lang='lat' dir='ltr'>con·</span> <span class='ocrx_word' id='word_1_378' title='bbox 956 3284 1065 3340; x_wconf 89' lang='lat' dir='ltr'>sancta</span> <span class='ocrx_word' id='word_1_379' title='bbox 1082 3276 1150 3339; x_wconf 79' lang='lat' dir='ltr'>hmo</span> <span class='ocrx_word' id='word_1_380' title='bbox 1167 3277 1259 3338; x_wconf 83' lang='lat' dir='ltr'>sidua</span> <span class='ocrx_word' id='word_1_381' title='bbox 1275 3276 1340 3339; x_wconf 84' lang='lat' dir='ltr'>vita</span> <span class='ocrx_word' id='word_1_382' title='bbox 1355 3276 1489 3339; x_wconf 87' lang='lat' dir='ltr'>excessit</span> <span class='ocrx_word' id='word_1_383' title='bbox 1514 3293 1556 3340; x_wconf 84' lang='lat' dir='ltr'>vn</span> <span class='ocrx_word' id='word_1_384' title='bbox 1583 3279 1653 3339; x_wconf 89' lang='lat' dir='ltr'>llal.</span> <span class='ocrx_word' id='word_1_385' title='bbox 1670 3275 1777 3352; x_wconf 66' lang='lat' dir='ltr'>Febr„</span> 
     </span>
     <span class='ocr_line' id='line_1_32' title="bbox 78 3374 1776 3456; baseline -0.001 -20"><span class='ocrx_word' id='word_1_386' title='bbox 78 3375 181 3439; x_wconf 77' lang='lat' dir='ltr'>Canos</span> <span class='ocrx_word' id='word_1_387' title='bbox 215 3375 376 3456; x_wconf 88' lang='lat' dir='ltr'>petierunt</span> <span class='ocrx_word' id='word_1_388' title='bbox 401 3376 568 3439; x_wconf 87' lang='lat' dir='ltr'>scribendo</span> <span class='ocrx_word' id='word_1_389' title='bbox 611 3383 644 3440; x_wconf 91' lang='lat' dir='ltr'>et</span> <span class='ocrx_word' id='word_1_390' title='bbox 686 3378 900 3453; x_wconf 88' lang='lat' dir='ltr'>rescribendo,</span> <span class='ocrx_word' id='word_1_391' title='bbox 955 3375 1093 3438; x_wconf 91' lang='lat' dir='ltr'>Honorio</span> <span class='ocrx_word' id='word_1_392' title='bbox 1121 3379 1265 3455; x_wconf 79' lang='lat' dir='ltr'>Angusto</span> <span class='ocrx_word' id='word_1_393' title='bbox 1294 3374 1395 3437; x_wconf 87' lang='lat' dir='ltr'>sexies</span> <span class='ocrx_word' id='word_1_394' title='bbox 1422 3381 1455 3438; x_wconf 91' lang='lat' dir='ltr'>et</span> <span class='ocrx_word' id='word_1_395' title='bbox 1480 3376 1666 3439; x_wconf 73' lang='lat' dir='ltr'>aristaeneto</span> <span class='ocrx_word' id='word_1_396' title='bbox 1700 3392 1776 3436; x_wconf 90' lang='lat' dir='ltr'>con·</span> 
     </span>
     <span class='ocr_line' id='line_1_33' title="bbox 79 3471 1777 3555; baseline 0 -21"><span class='ocrx_word' id='word_1_397' title='bbox 79 3471 215 3551; x_wconf 77' lang='lat' dir='ltr'>insignes</span> <span class='ocrx_word' id='word_1_398' title='bbox 241 3472 290 3534; x_wconf 93' lang='lat' dir='ltr'>illi</span> <span class='ocrx_word' id='word_1_399' title='bbox 318 3473 474 3536; x_wconf 86' lang='lat' dir='ltr'>Domnion</span> <span class='ocrx_word' id='word_1_400' title='bbox 503 3480 535 3536; x_wconf 91' lang='lat' dir='ltr'>et</span> <span class='ocrx_word' id='word_1_401' title='bbox 563 3474 768 3555; x_wconf 74' lang='lat' dir='ltr'>Rogatianue.</span> <span class='ocrx_word' id='word_1_402' title='bbox 792 3476 901 3539; x_wconf 79' lang='lat' dir='ltr'>libros</span> <span class='ocrx_word' id='word_1_403' title='bbox 954 3473 1087 3546; x_wconf 89' lang='lat' dir='ltr'>solibus,</span> <span class='ocrx_word' id='word_1_404' title='bbox 1117 3471 1151 3534; x_wconf 92' lang='lat' dir='ltr'>id</span> <span class='ocrx_word' id='word_1_405' title='bbox 1179 3478 1237 3545; x_wconf 92' lang='lat' dir='ltr'>est,</span> <span class='ocrx_word' id='word_1_406' title='bbox 1266 3475 1306 3534; x_wconf 79' lang='lat'>26</span> <span class='ocrx_word' id='word_1_407' title='bbox 1331 3471 1473 3552; x_wconf 88' lang='lat' dir='ltr'>januarii</span> <span class='ocrx_word' id='word_1_408' title='bbox 1499 3473 1576 3536; x_wconf 90' lang='lat' dir='ltr'>anni</span> <span class='ocrx_word' id='word_1_409' title='bbox 1588 3475 1659 3535; x_wconf 92' lang='grc'><strong>404.</strong></span> <span class='ocrx_word' id='word_1_410' title='bbox 1674 3473 1777 3535; x_wconf 78' lang='lat' dir='ltr'>&#39;lanto</span> 
     </span>
     <span class='ocr_line' id='line_1_34' title="bbox 78 3568 1778 3651; baseline 0.002 -21"><span class='ocrx_word' id='word_1_411' title='bbox 78 3568 183 3650; x_wconf 80' lang='lat' dir='ltr'>iisqne</span> <span class='ocrx_word' id='word_1_412' title='bbox 198 3569 357 3633; x_wconf 83' lang='lat' dir='ltr'>Samuelis</span> <span class='ocrx_word' id='word_1_413' title='bbox 371 3577 404 3634; x_wconf 91' lang='lat' dir='ltr'>et</span> <span class='ocrx_word' id='word_1_414' title='bbox 426 3571 592 3634; x_wconf 90' lang='lat' dir='ltr'>llalachim</span> <span class='ocrx_word' id='word_1_415' title='bbox 616 3572 801 3637; x_wconf 89' lang='lat' dir='ltr'>immediate</span> <span class='ocrx_word' id='word_1_416' title='bbox 823 3575 900 3636; x_wconf 91' lang='lat' dir='ltr'>sub·</span> <span class='ocrx_word' id='word_1_417' title='bbox 954 3579 1061 3633; x_wconf 89' lang='lat' dir='ltr'>sutem</span> <span class='ocrx_word' id='word_1_418' title='bbox 1093 3588 1228 3633; x_wconf 88' lang='lat' dir='ltr'>moerore</span> <span class='ocrx_word' id='word_1_419' title='bbox 1242 3571 1347 3633; x_wconf 88' lang='lat' dir='ltr'>luctus</span> <span class='ocrx_word' id='word_1_420' title='bbox 1367 3572 1545 3651; x_wconf 78' lang='lat' dir='ltr'>exagitatus</span> <span class='ocrx_word' id='word_1_421' title='bbox 1572 3576 1620 3633; x_wconf 90' lang='lat' dir='ltr'>est</span> <span class='ocrx_word' id='word_1_422' title='bbox 1646 3576 1679 3633; x_wconf 92' lang='lat' dir='ltr'>et</span> <span class='ocrx_word' id='word_1_423' title='bbox 1705 3589 1778 3634; x_wconf 90' lang='lat' dir='ltr'>con-</span> 
     </span>
    </p>
   </div>
   <div class='ocr_carea' id='block_1_17' title="bbox 77 3668 1914 3754">
    <p class='ocr_par' dir='ltr' id='par_1_18' title="bbox 77 3668 1914 3754">
     <span class='ocr_line' id='line_1_35' title="bbox 77 3668 1914 3754; baseline 0.003 -25"><span class='ocrx_word' id='word_1_424' title='bbox 77 3668 219 3749; x_wconf 86' lang='lat' dir='ltr'>sequitur</span> <span class='ocrx_word' id='word_1_425' title='bbox 247 3668 349 3730; x_wconf 85' lang='lat' dir='ltr'>versio</span> <span class='ocrx_word' id='word_1_426' title='bbox 377 3670 474 3731; x_wconf 81' lang='lat' dir='ltr'>lobi:</span> <span class='ocrx_word' id='word_1_427' title='bbox 505 3671 620 3732; x_wconf 85' lang='lat' dir='ltr'>lobum</span> <span class='ocrx_word' id='word_1_428' title='bbox 649 3679 755 3734; x_wconf 89' lang='lat' dir='ltr'>autem</span> <span class='ocrx_word' id='word_1_429' title='bbox 783 3672 901 3754; x_wconf 82' lang='lat' dir='ltr'>exeipit</span> <span class='ocrx_word' id='word_1_430' title='bbox 953 3671 1054 3731; x_wconf 85' lang='lat' dir='ltr'>iectus</span> <span class='ocrx_word' id='word_1_431' title='bbox 1083 3669 1304 3749; x_wconf 84' lang='lat' dir='ltr'>Hieronymus,</span> <span class='ocrx_word' id='word_1_432' title='bbox 1336 3677 1371 3730; x_wconf 93' lang='lat' dir='ltr'>ut</span> <span class='ocrx_word' id='word_1_433' title='bbox 1412 3671 1534 3750; x_wconf 90' lang='lat' dir='ltr'>absque</span> <span class='ocrx_word' id='word_1_434' title='bbox 1570 3670 1777 3739; x_wconf 84' lang='lat' dir='ltr'>translations</span> <span class='ocrx_word' id='word_1_435' title='bbox 1911 3718 1914 3723; x_wconf 81' lang='lat'>-</span> 
     </span>
    </p>
   </div>
   <div class='ocr_carea' id='block_1_18' title="bbox 76 3766 1777 4045">
    <p class='ocr_par' dir='ltr' id='par_1_19' title="bbox 76 3766 1777 4045">
     <span class='ocr_line' id='line_1_36' title="bbox 76 3766 1776 3849; baseline 0.001 -20"><span class='ocrx_word' id='word_1_436' title='bbox 76 3767 210 3830; x_wconf 82' lang='lat' dir='ltr'>sedecim</span> <span class='ocrx_word' id='word_1_437' title='bbox 225 3766 453 3848; x_wconf 87' lang='lat' dir='ltr'>prophetarum</span> <span class='ocrx_word' id='word_1_438' title='bbox 471 3768 648 3831; x_wconf 88' lang='lat' dir='ltr'>translatio.</span> <span class='ocrx_word' id='word_1_439' title='bbox 666 3769 784 3832; x_wconf 88' lang='lat' dir='ltr'>Deinde</span> <span class='ocrx_word' id='word_1_440' title='bbox 808 3770 899 3833; x_wconf 88' lang='lat' dir='ltr'>Psal-</span> <span class='ocrx_word' id='word_1_441' title='bbox 952 3766 1027 3829; x_wconf 90' lang='lat' dir='ltr'>libri</span> <span class='ocrx_word' id='word_1_442' title='bbox 1040 3767 1235 3829; x_wconf 86' lang='lat' dir='ltr'>Paschalisa</span> <span class='ocrx_word' id='word_1_443' title='bbox 1262 3767 1441 3849; x_wconf 81' lang='lat' dir='ltr'>Theophila</span> <span class='ocrx_word' id='word_1_444' title='bbox 1469 3769 1556 3848; x_wconf 89' lang='lat' dir='ltr'>editi,</span> <span class='ocrx_word' id='word_1_445' title='bbox 1587 3767 1667 3830; x_wconf 90' lang='lat' dir='ltr'>nihil</span> <span class='ocrx_word' id='word_1_446' title='bbox 1689 3769 1776 3830; x_wconf 90' lang='lat' dir='ltr'>aliud</span> 
     </span>
     <span class='ocr_line' id='line_1_37' title="bbox 77 3864 1776 3948; baseline 0.001 -20"><span class='ocrx_word' id='word_1_447' title='bbox 77 3866 188 3929; x_wconf 72' lang='lat' dir='ltr'>udum</span> <span class='ocrx_word' id='word_1_448' title='bbox 204 3883 245 3928; x_wconf 86' lang='lat' dir='ltr'>ae</span> <span class='ocrx_word' id='word_1_449' title='bbox 259 3864 332 3928; x_wconf 89' lang='lat' dir='ltr'>libri</span> <span class='ocrx_word' id='word_1_450' title='bbox 347 3865 538 3929; x_wconf 89' lang='lat' dir='ltr'>Salomonis.</span> <span class='ocrx_word' id='word_1_451' title='bbox 555 3867 708 3930; x_wconf 79' lang='lat' dir='ltr'>Universa</span> <span class='ocrx_word' id='word_1_452' title='bbox 722 3867 791 3931; x_wconf 75' lang='lat' dir='ltr'>haec</span> <span class='ocrx_word' id='word_1_453' title='bbox 809 3870 900 3933; x_wconf 82' lang='lat' dir='ltr'>solu·</span> <span class='ocrx_word' id='word_1_454' title='bbox 953 3865 1051 3928; x_wconf 88' lang='lat' dir='ltr'>divini</span> <span class='ocrx_word' id='word_1_455' title='bbox 1078 3867 1183 3947; x_wconf 89' lang='lat' dir='ltr'>operis</span> <span class='ocrx_word' id='word_1_456' title='bbox 1212 3884 1269 3946; x_wconf 85' lang='lat' dir='ltr'>per</span> <span class='ocrx_word' id='word_1_457' title='bbox 1295 3866 1425 3947; x_wconf 78' lang='lat' dir='ltr'>longum</span> <span class='ocrx_word' id='word_1_458' title='bbox 1454 3867 1606 3948; x_wconf 89' lang='lat' dir='ltr'>temporis</span> <span class='ocrx_word' id='word_1_459' title='bbox 1637 3867 1776 3946; x_wconf 90' lang='lat' dir='ltr'>spatium</span> 
     </span>
     <span class='ocr_line' id='line_1_38' title="bbox 76 3961 1777 4045; baseline 0.002 -23"><span class='ocrx_word' id='word_1_460' title='bbox 76 3962 156 4025; x_wconf 91' lang='lat' dir='ltr'>nina</span> <span class='ocrx_word' id='word_1_461' title='bbox 186 3961 426 4042; x_wconf 79' lang='lat' dir='ltr'>scripturarum</span> <span class='ocrx_word' id='word_1_462' title='bbox 454 3963 494 4026; x_wconf 92' lang='lat' dir='ltr'>de</span> <span class='ocrx_word' id='word_1_463' title='bbox 521 3964 655 4028; x_wconf 78' lang='lat' dir='ltr'>Hebraeo</span> <span class='ocrx_word' id='word_1_464' title='bbox 681 3965 714 4026; x_wconf 93' lang='lat' dir='ltr'>in</span> <span class='ocrx_word' id='word_1_465' title='bbox 749 3966 897 4029; x_wconf 89' lang='lat' dir='ltr'>Latinum</span> <span class='ocrx_word' id='word_1_466' title='bbox 952 3963 1090 4026; x_wconf 87' lang='lat' dir='ltr'>seribere</span> <span class='ocrx_word' id='word_1_467' title='bbox 1105 3964 1255 4044; x_wconf 91' lang='lat' dir='ltr'>potuerit.</span> <span class='ocrx_word' id='word_1_468' title='bbox 1272 3965 1320 4026; x_wconf 84' lang='lat' dir='ltr'>Ex</span> <span class='ocrx_word' id='word_1_469' title='bbox 1347 3964 1650 4045; x_wconf 83' lang='lat' dir='ltr'>quo-nonobscure</span> <span class='ocrx_word' id='word_1_470' title='bbox 1677 3963 1777 4044; x_wconf 71' lang='lat' dir='ltr'>signi·</span> 
     </span>
    </p>
   </div>
   <div class='ocr_carea' id='block_1_19' title="bbox 76 4057 1879 4145">
    <p class='ocr_par' dir='ltr' id='par_1_20' title="bbox 76 4057 1879 4145">
     <span class='ocr_line' id='line_1_39' title="bbox 76 4057 1879 4145; baseline 0.003 -23"><span class='ocrx_word' id='word_1_471' title='bbox 76 4057 282 4122; x_wconf 83' lang='lat' dir='ltr'>transtulerat</span> <span class='ocrx_word' id='word_1_472' title='bbox 295 4060 507 4142; x_wconf 90' lang='lat' dir='ltr'>Hieronymus</span> <span class='ocrx_word' id='word_1_473' title='bbox 521 4079 606 4124; x_wconf 91' lang='lat' dir='ltr'>anno</span> <span class='ocrx_word' id='word_1_474' title='bbox 621 4062 737 4125; x_wconf 82' lang='lat' dir='ltr'>Christi</span> <span class='ocrx_word' id='word_1_475' title='bbox 751 4066 896 4145; x_wconf 80' lang='lat' dir='ltr'>392,qno</span> <span class='ocrx_word' id='word_1_476' title='bbox 951 4061 1075 4137; x_wconf 85' lang='lat' dir='ltr'>fleatur,</span> <span class='ocrx_word' id='word_1_477' title='bbox 1110 4061 1296 4124; x_wconf 89' lang='lat' dir='ltr'>Octatcuchi</span> <span class='ocrx_word' id='word_1_478' title='bbox 1324 4062 1576 4135; x_wconf 84' lang='lat' dir='ltr'>translationem,</span> <span class='ocrx_word' id='word_1_479' title='bbox 1601 4062 1692 4141; x_wconf 82' lang='lat' dir='ltr'>cujus</span> <span class='ocrx_word' id='word_1_480' title='bbox 1709 4078 1777 4123; x_wconf 91' lang='lat' dir='ltr'>me·</span> <span class='ocrx_word' id='word_1_481' title='bbox 1876 4122 1879 4127; x_wconf 79' lang='grc'><strong><em>,</em></strong></span> 
     </span>
    </p>
   </div>
   <div class='ocr_carea' id='block_1_20' title="bbox 64 4152 1776 5030">
    <p class='ocr_par' dir='ltr' id='par_1_21' title="bbox 64 4152 1776 5030">
     <span class='ocr_line' id='line_1_40' title="bbox 73 4152 1771 4244; baseline 0.001 -24"><span class='ocrx_word' id='word_1_482' title='bbox 73 4158 171 4220; x_wconf 85' lang='lat' dir='ltr'>edidit</span> <span class='ocrx_word' id='word_1_483' title='bbox 188 4157 308 4219; x_wconf 90' lang='lat' dir='ltr'>librum</span> <span class='ocrx_word' id='word_1_484' title='bbox 332 4157 473 4222; x_wconf 75' lang='lat' dir='ltr'>devisis</span> <span class='ocrx_word' id='word_1_485' title='bbox 497 4159 688 4224; x_wconf 90' lang='lat' dir='ltr'>Illnatribns.</span> <span class='ocrx_word' id='word_1_486' title='bbox 713 4162 897 4244; x_wconf 70' lang='lat' dir='ltr'>Cedamus</span> <span class='ocrx_word' id='word_1_487' title='bbox 950 4152 1089 4222; x_wconf 89' lang='lat' dir='ltr'>minitin</span> <span class='ocrx_word' id='word_1_488' title='bbox 1104 4159 1239 4241; x_wconf 88' lang='lat' dir='ltr'>epistola</span> <span class='ocrx_word' id='word_1_489' title='bbox 1253 4162 1304 4239; x_wconf 81' lang='lat'>28,</span> <span class='ocrx_word' id='word_1_490' title='bbox 1322 4163 1363 4222; x_wconf 90' lang='lat' dir='ltr'>ad</span> <span class='ocrx_word' id='word_1_491' title='bbox 1388 4161 1562 4234; x_wconf 83' lang='lat' dir='ltr'>Lacinium,</span> <span class='ocrx_word' id='word_1_492' title='bbox 1593 4160 1771 4222; x_wconf 83' lang='lat' dir='ltr'>absolutam</span> 
     </span>
     <span class='ocr_line' id='line_1_41' title="bbox 72 4255 1771 4336; baseline 0.003 -19"><span class='ocrx_word' id='word_1_493' title='bbox 72 4259 215 4336; x_wconf 86' lang='lat' dir='ltr'>tempore</span> <span class='ocrx_word' id='word_1_494' title='bbox 226 4255 426 4335; x_wconf 86' lang='lat' dir='ltr'>Sophronias</span> <span class='ocrx_word' id='word_1_495' title='bbox 436 4255 505 4335; x_wconf 87' lang='lat' dir='ltr'>ejns</span> <span class='ocrx_word' id='word_1_496' title='bbox 516 4258 681 4321; x_wconf 77' lang='lat' dir='ltr'>familiaris</span> <span class='ocrx_word' id='word_1_497' title='bbox 691 4260 730 4321; x_wconf 93' lang='lat' dir='ltr'>de</span> <span class='ocrx_word' id='word_1_498' title='bbox 741 4261 895 4323; x_wconf 88' lang='lat' dir='ltr'>Latinoin</span> <span class='ocrx_word' id='word_1_499' title='bbox 950 4259 1044 4320; x_wconf 88' lang='lat' dir='ltr'>luisse</span> <span class='ocrx_word' id='word_1_500' title='bbox 1072 4276 1156 4320; x_wconf 90' lang='lat' dir='ltr'>anno</span> <span class='ocrx_word' id='word_1_501' title='bbox 1184 4258 1302 4320; x_wconf 85' lang='lat' dir='ltr'>Christi</span> <span class='ocrx_word' id='word_1_502' title='bbox 1331 4259 1389 4320; x_wconf 93' lang='grc'>404</span> <span class='ocrx_word' id='word_1_503' title='bbox 1427 4265 1574 4333; x_wconf 80' lang='lat' dir='ltr'>exeunte,</span> <span class='ocrx_word' id='word_1_504' title='bbox 1608 4259 1659 4323; x_wconf 83' lang='lat' dir='ltr'>rel</span> <span class='ocrx_word' id='word_1_505' title='bbox 1687 4276 1771 4322; x_wconf 92' lang='lat' dir='ltr'>anno</span> 
     </span>
     <span class='ocr_line' id='line_1_42' title="bbox 71 4353 1774 4439; baseline 0.004 -24"><span class='ocrx_word' id='word_1_506' title='bbox 71 4353 216 4415; x_wconf 84' lang='lat' dir='ltr'>Craecnm</span> <span class='ocrx_word' id='word_1_507' title='bbox 232 4353 395 4433; x_wconf 88' lang='lat' dir='ltr'>eloquium</span> <span class='ocrx_word' id='word_1_508' title='bbox 418 4354 572 4418; x_wconf 90' lang='lat' dir='ltr'>nonnulla</span> <span class='ocrx_word' id='word_1_509' title='bbox 596 4374 635 4418; x_wconf 88' lang='lat' dir='ltr'>ex</span> <span class='ocrx_word' id='word_1_510' title='bbox 659 4357 708 4419; x_wconf 88' lang='lat' dir='ltr'>his</span> <span class='ocrx_word' id='word_1_511' title='bbox 734 4366 897 4421; x_wconf 81' lang='lat' dir='ltr'>converte-</span> <span class='ocrx_word' id='word_1_512' title='bbox 950 4357 1009 4418; x_wconf 84' lang='grc'><strong>405</strong></span> <span class='ocrx_word' id='word_1_513' title='bbox 1033 4362 1193 4418; x_wconf 89' lang='lat' dir='ltr'>currente.</span> <span class='ocrx_word' id='word_1_514' title='bbox 1223 4359 1389 4419; x_wconf 90' lang='lat' dir='ltr'>Postremo</span> <span class='ocrx_word' id='word_1_515' title='bbox 1416 4358 1531 4419; x_wconf 89' lang='lat' dir='ltr'>librum</span> <span class='ocrx_word' id='word_1_516' title='bbox 1561 4359 1774 4439; x_wconf 87' lang='lat' dir='ltr'>Paralipome-</span> 
     </span>
     <span class='ocr_line' id='line_1_43' title="bbox 70 4449 1771 4540; baseline 0.006 -26"><span class='ocrx_word' id='word_1_517' title='bbox 70 4457 128 4514; x_wconf 89' lang='lat' dir='ltr'>rst.</span> <span class='ocrx_word' id='word_1_518' title='bbox 144 4449 358 4533; x_wconf 77' lang='lat' dir='ltr'>Sophronias,</span> <span class='ocrx_word' id='word_1_519' title='bbox 373 4452 423 4513; x_wconf 81' lang='lat' dir='ltr'>vir</span> <span class='ocrx_word' id='word_1_520' title='bbox 450 4452 588 4537; x_wconf 74' lang='lat' dir='ltr'>opprimo</span> <span class='ocrx_word' id='word_1_521' title='bbox 606 4455 764 4532; x_wconf 82' lang='lat' dir='ltr'>eruditus,</span> <span class='ocrx_word' id='word_1_522' title='bbox 792 4457 897 4540; x_wconf 88' lang='lat' dir='ltr'>inquit</span> <span class='ocrx_word' id='word_1_523' title='bbox 949 4472 1012 4515; x_wconf 89' lang='lat' dir='ltr'>non</span> <span class='ocrx_word' id='word_1_524' title='bbox 1028 4452 1232 4531; x_wconf 81' lang='lat' dir='ltr'>ediditjuxts</span> <span class='ocrx_word' id='word_1_525' title='bbox 1246 4454 1413 4517; x_wconf 75' lang='lat' dir='ltr'>Hebraeum</span> <span class='ocrx_word' id='word_1_526' title='bbox 1442 4474 1527 4518; x_wconf 86' lang='lat' dir='ltr'>enno</span> <span class='ocrx_word' id='word_1_527' title='bbox 1553 4455 1670 4519; x_wconf 82' lang='lat' dir='ltr'>Christi</span> <span class='ocrx_word' id='word_1_528' title='bbox 1690 4457 1771 4519; x_wconf 73' lang='lat'><strong>3⁹6:</strong></span> 
     </span>
     <span class='ocr_line' id='line_1_44' title="bbox 70 4549 1776 4634; baseline 0.002 -23"><span class='ocrx_word' id='word_1_529' title='bbox 70 4552 98 4612; x_wconf 88' lang='lat' dir='ltr'>S.</span> <span class='ocrx_word' id='word_1_530' title='bbox 115 4549 284 4612; x_wconf 86' lang='lat' dir='ltr'>Doctorin</span> <span class='ocrx_word' id='word_1_531' title='bbox 314 4550 461 4630; x_wconf 84' lang='lat' dir='ltr'>catologo</span> <span class='ocrx_word' id='word_1_532' title='bbox 485 4552 681 4632; x_wconf 84' lang='lat' dir='ltr'>Scriptorum</span> <span class='ocrx_word' id='word_1_533' title='bbox 706 4550 934 4619; x_wconf 76' lang='lat' dir='ltr'>Ecclesiastill</span> <span class='ocrx_word' id='word_1_534' title='bbox 951 4551 1105 4614; x_wconf 87' lang='lat' dir='ltr'>maturius</span> <span class='ocrx_word' id='word_1_535' title='bbox 1120 4551 1203 4612; x_wconf 90' lang='lat' dir='ltr'>enirn</span> <span class='ocrx_word' id='word_1_536' title='bbox 1225 4550 1301 4614; x_wconf 88' lang='lat' dir='ltr'>huie</span> <span class='ocrx_word' id='word_1_537' title='bbox 1328 4552 1529 4616; x_wconf 89' lang='lat' dir='ltr'>translationi</span> <span class='ocrx_word' id='word_1_538' title='bbox 1556 4559 1683 4634; x_wconf 88' lang='lat' dir='ltr'>tempus</span> <span class='ocrx_word' id='word_1_539' title='bbox 1700 4553 1776 4616; x_wconf 89' lang='lat' dir='ltr'>assi·</span> 
     </span>
     <span class='ocr_line' id='line_1_45' title="bbox 71 4645 1774 4733; baseline 0.004 -24"><span class='ocrx_word' id='word_1_540' title='bbox 71 4664 193 4721; x_wconf 87' lang='lat' dir='ltr'>eornm,</span> <span class='ocrx_word' id='word_1_541' title='bbox 213 4645 380 4729; x_wconf 62' lang='lat' dir='ltr'>Opuscma</span> <span class='ocrx_word' id='word_1_542' title='bbox 393 4668 459 4708; x_wconf 85' lang='lat' dir='ltr'>mco</span> <span class='ocrx_word' id='word_1_543' title='bbox 474 4648 508 4709; x_wconf 89' lang='lat' dir='ltr'>iu</span> <span class='ocrx_word' id='word_1_544' title='bbox 528 4647 675 4712; x_wconf 78' lang='lat' dir='ltr'>Graccum</span> <span class='ocrx_word' id='word_1_545' title='bbox 684 4651 825 4733; x_wconf 75' lang='lat' dir='ltr'>eleganti</span> <span class='ocrx_word' id='word_1_546' title='bbox 834 4674 897 4716; x_wconf 84' lang='lat' dir='ltr'>ser·</span> <span class='ocrx_word' id='word_1_547' title='bbox 952 4650 1043 4730; x_wconf 77' lang='lat' dir='ltr'>gnari</span> <span class='ocrx_word' id='word_1_548' title='bbox 1057 4667 1120 4712; x_wconf 93' lang='lat' dir='ltr'>non</span> <span class='ocrx_word' id='word_1_549' title='bbox 1134 4655 1250 4730; x_wconf 88' lang='lat' dir='ltr'>potest,</span> <span class='ocrx_word' id='word_1_550' title='bbox 1267 4649 1342 4730; x_wconf 92' lang='lat' dir='ltr'>qnia</span> <span class='ocrx_word' id='word_1_551' title='bbox 1355 4650 1388 4712; x_wconf 94' lang='lat' dir='ltr'>in</span> <span class='ocrx_word' id='word_1_552' title='bbox 1421 4651 1607 4732; x_wconf 78' lang='lat' dir='ltr'>praelatione</span> <span class='ocrx_word' id='word_1_553' title='bbox 1634 4651 1774 4733; x_wconf 86' lang='lat' dir='ltr'>perlecta</span> 
     </span>
     <span class='ocr_line' id='line_1_46' title="bbox 71 4743 1774 4833; baseline 0.004 -26"><span class='ocrx_word' id='word_1_554' title='bbox 71 4764 158 4807; x_wconf 78' lang='lat' dir='ltr'>moue</span> <span class='ocrx_word' id='word_1_555' title='bbox 180 4743 370 4806; x_wconf 78' lang='lat' dir='ltr'>transietit:</span> <span class='ocrx_word' id='word_1_556' title='bbox 400 4744 593 4808; x_wconf 80' lang='lat' dir='ltr'>Psoltcrium</span> <span class='ocrx_word' id='word_1_557' title='bbox 620 4769 740 4831; x_wconf 86' lang='lat' dir='ltr'>quoque</span> <span class='ocrx_word' id='word_1_558' title='bbox 766 4755 797 4810; x_wconf 80' lang='lat' dir='ltr'>et</span> <span class='ocrx_word' id='word_1_559' title='bbox 818 4759 897 4833; x_wconf 83' lang='lat' dir='ltr'>pro-</span> <span class='ocrx_word' id='word_1_560' title='bbox 950 4747 1006 4810; x_wconf 92' lang='lat' dir='ltr'>illa</span> <span class='ocrx_word' id='word_1_561' title='bbox 1032 4747 1135 4810; x_wconf 77' lang='lat' dir='ltr'>versio</span> <span class='ocrx_word' id='word_1_562' title='bbox 1183 4747 1300 4809; x_wconf 90' lang='lat' dir='ltr'>dicitnr</span> <span class='ocrx_word' id='word_1_563' title='bbox 1337 4753 1410 4829; x_wconf 91' lang='lat' dir='ltr'>post</span> <span class='ocrx_word' id='word_1_564' title='bbox 1450 4749 1615 4831; x_wconf 88' lang='lat' dir='ltr'>epistolam</span> <span class='ocrx_word' id='word_1_565' title='bbox 1659 4752 1708 4824; x_wconf 88' lang='lat' dir='ltr'>ill,</span> <span class='ocrx_word' id='word_1_566' title='bbox 1734 4750 1774 4814; x_wconf 87' lang='lat' dir='ltr'>de</span> 
     </span>
     <span class='ocr_line' id='line_1_47' title="bbox 64 4840 1771 4932; baseline 0.004 -29"><span class='ocrx_word' id='word_1_567' title='bbox 64 4842 189 4925; x_wconf 76' lang='lat' dir='ltr'>pictos,</span> <span class='ocrx_word' id='word_1_568' title='bbox 206 4843 338 4924; x_wconf 82' lang='lat' dir='ltr'>quosde</span> <span class='ocrx_word' id='word_1_569' title='bbox 351 4840 487 4905; x_wconf 81' lang='lat' dir='ltr'>Hebroeo</span> <span class='ocrx_word' id='word_1_570' title='bbox 502 4845 535 4905; x_wconf 88' lang='lat' dir='ltr'>iu</span> <span class='ocrx_word' id='word_1_571' title='bbox 559 4845 706 4908; x_wconf 76' lang='lat' dir='ltr'>latinum</span> <span class='ocrx_word' id='word_1_572' title='bbox 734 4848 894 4912; x_wconf 84' lang='lat' dir='ltr'>vertimus.</span> <span class='ocrx_word' id='word_1_573' title='bbox 950 4846 1071 4927; x_wconf 90' lang='lat' dir='ltr'>optimo</span> <span class='ocrx_word' id='word_1_574' title='bbox 1100 4865 1213 4926; x_wconf 81' lang='lat' dir='ltr'>genera</span> <span class='ocrx_word' id='word_1_575' title='bbox 1236 4847 1483 4928; x_wconf 86' lang='lat' dir='ltr'>interpretandi:</span> <span class='ocrx_word' id='word_1_576' title='bbox 1512 4848 1638 4932; x_wconf 87' lang='lat' dir='ltr'>Scripsi</span> <span class='ocrx_word' id='word_1_577' title='bbox 1663 4858 1771 4932; x_wconf 80' lang='lat' dir='ltr'>nuper,</span> 
     </span>
     <span class='ocr_line' id='line_1_48' title="bbox 71 4941 1775 5030; baseline 0.003 -28"><span class='ocrx_word' id='word_1_578' title='bbox 71 4942 114 5003; x_wconf 76' lang='lat' dir='ltr'>Ha</span> <span class='ocrx_word' id='word_1_579' title='bbox 142 4947 220 5003; x_wconf 90' lang='lat' dir='ltr'>snnt</span> <span class='ocrx_word' id='word_1_580' title='bbox 248 4959 320 5021; x_wconf 82' lang='lat' dir='ltr'>qum</span> <span class='ocrx_word' id='word_1_581' title='bbox 348 4960 449 5023; x_wconf 87' lang='lat' dir='ltr'>usque</span> <span class='ocrx_word' id='word_1_582' title='bbox 476 4941 508 5005; x_wconf 93' lang='lat' dir='ltr'>in</span> <span class='ocrx_word' id='word_1_583' title='bbox 534 4943 746 5024; x_wconf 87' lang='lat' dir='ltr'>jamdictum</span> <span class='ocrx_word' id='word_1_584' title='bbox 776 4965 895 5010; x_wconf 89' lang='lat' dir='ltr'>annum</span> <span class='ocrx_word' id='word_1_585' title='bbox 949 4944 1053 5025; x_wconf 88' lang='lat' dir='ltr'>inquit</span> <span class='ocrx_word' id='word_1_586' title='bbox 1067 4945 1288 5026; x_wconf 89' lang='lat' dir='ltr'>Hieronymus,</span> <span class='ocrx_word' id='word_1_587' title='bbox 1304 4944 1421 5008; x_wconf 88' lang='lat' dir='ltr'>librum</span> <span class='ocrx_word' id='word_1_588' title='bbox 1449 4947 1488 5009; x_wconf 84' lang='lat' dir='ltr'>de</span> <span class='ocrx_word' id='word_1_589' title='bbox 1518 4947 1634 5030; x_wconf 83' lang='lat' dir='ltr'>optimo</span> <span class='ocrx_word' id='word_1_590' title='bbox 1661 4965 1775 5028; x_wconf 75' lang='lat' dir='ltr'>geum</span> 
     </span>
    </p>
   </div>
   <div class='ocr_carea' id='block_1_21' title="bbox 65 5037 1773 5720">
    <p class='ocr_par' dir='ltr' id='par_1_22' title="bbox 65 5037 1773 5720">
     <span class='ocr_line' id='line_1_49' title="bbox 69 5037 1773 5127; baseline 0.004 -27"><span class='ocrx_word' id='word_1_591' title='bbox 69 5037 243 5101; x_wconf 87' lang='lat' dir='ltr'>&#39;l&#39;heodosii</span> <span class='ocrx_word' id='word_1_592' title='bbox 284 5039 435 5120; x_wconf 86' lang='lat' dir='ltr'>principis</span> <span class='ocrx_word' id='word_1_593' title='bbox 476 5041 635 5104; x_wconf 88' lang='lat' dir='ltr'>decimum</span> <span class='ocrx_word' id='word_1_594' title='bbox 677 5050 827 5125; x_wconf 87' lang='lat' dir='ltr'>quartum</span> <span class='ocrx_word' id='word_1_595' title='bbox 864 5051 896 5109; x_wconf 89' lang='lat' dir='ltr'>et</span> <span class='ocrx_word' id='word_1_596' title='bbox 951 5042 1190 5126; x_wconf 79' lang='lat' dir='ltr'>interpretandi,</span> <span class='ocrx_word' id='word_1_597' title='bbox 1233 5044 1399 5106; x_wconf 82' lang='lat' dir='ltr'>ostendeus</span> <span class='ocrx_word' id='word_1_598' title='bbox 1442 5044 1503 5107; x_wconf 82' lang='lat' dir='ltr'>itta</span> <span class='ocrx_word' id='word_1_599' title='bbox 1543 5045 1582 5108; x_wconf 79' lang='lat' dir='ltr'>dc</span> <span class='ocrx_word' id='word_1_600' title='bbox 1595 5044 1773 5127; x_wconf 74' lang='lat' dir='ltr'>Evangelio</span> 
     </span>
     <span class='ocr_line' id='line_1_50' title="bbox 69 5136 1771 5227; baseline 0.002 -28"><span class='ocrx_word' id='word_1_601' title='bbox 69 5136 186 5199; x_wconf 87' lang='lat' dir='ltr'>Christi</span> <span class='ocrx_word' id='word_1_602' title='bbox 198 5137 270 5211; x_wconf 74' lang='lat'>392,</span> <span class='ocrx_word' id='word_1_603' title='bbox 286 5138 326 5198; x_wconf 95' lang='lat' dir='ltr'>de</span> <span class='ocrx_word' id='word_1_604' title='bbox 340 5137 473 5200; x_wconf 84' lang='lat' dir='ltr'>Hebraeo</span> <span class='ocrx_word' id='word_1_605' title='bbox 489 5139 522 5201; x_wconf 91' lang='lat' dir='ltr'>in</span> <span class='ocrx_word' id='word_1_606' title='bbox 537 5142 682 5205; x_wconf 84' lang='lat' dir='ltr'>Latinum</span> <span class='ocrx_word' id='word_1_607' title='bbox 703 5161 892 5220; x_wconf 89' lang='lat' dir='ltr'>sermonem,</span> <span class='ocrx_word' id='word_1_608' title='bbox 950 5141 1088 5222; x_wconf 82' lang='lat' dir='ltr'>(Mettis.</span> <span class='ocrx_word' id='word_1_609' title='bbox 1118 5160 1152 5217; x_wconf 89' lang='lat' dir='ltr'>u,</span> <span class='ocrx_word' id='word_1_610' title='bbox 1184 5145 1234 5219; x_wconf 81' lang='lat' dir='ltr'>ts,</span> <span class='ocrx_word' id='word_1_611' title='bbox 1263 5141 1314 5203; x_wconf 80' lang='lat' dir='ltr'>Eu</span> <span class='ocrx_word' id='word_1_612' title='bbox 1341 5142 1488 5227; x_wconf 73' lang='lat' dir='ltr'>AEgypto</span> <span class='ocrx_word' id='word_1_613' title='bbox 1530 5144 1637 5206; x_wconf 85' lang='lat' dir='ltr'>vocavi</span> <span class='ocrx_word' id='word_1_614' title='bbox 1653 5142 1771 5223; x_wconf 79' lang='lat' dir='ltr'>filium</span> 
     </span>
     <span class='ocr_line' id='line_1_51' title="bbox 69 5234 1772 5320; baseline 0.002 -23"><span class='ocrx_word' id='word_1_615' title='bbox 69 5235 284 5297; x_wconf 84' lang='lat' dir='ltr'>atdaLatino</span> <span class='ocrx_word' id='word_1_616' title='bbox 311 5234 343 5296; x_wconf 93' lang='lat' dir='ltr'>in</span> <span class='ocrx_word' id='word_1_617' title='bbox 374 5238 519 5298; x_wconf 82' lang='lat' dir='ltr'>Graecum</span> <span class='ocrx_word' id='word_1_618' title='bbox 548 5242 704 5303; x_wconf 89' lang='lat' dir='ltr'>translata</span> <span class='ocrx_word' id='word_1_619' title='bbox 732 5248 824 5304; x_wconf 90' lang='lat' dir='ltr'>erant</span> <span class='ocrx_word' id='word_1_620' title='bbox 853 5243 894 5304; x_wconf 90' lang='lat' dir='ltr'>ab</span> <span class='ocrx_word' id='word_1_621' title='bbox 950 5259 1061 5320; x_wconf 83' lang='lat' dir='ltr'>mcum,</span> <span class='ocrx_word' id='word_1_622' title='bbox 1078 5244 1138 5301; x_wconf 89' lang='lat' dir='ltr'>etc.</span> <span class='ocrx_word' id='word_1_623' title='bbox 1155 5238 1247 5301; x_wconf 83' lang='lat' dir='ltr'>Liber</span> <span class='ocrx_word' id='word_1_624' title='bbox 1273 5244 1381 5302; x_wconf 89' lang='lat' dir='ltr'>autem</span> <span class='ocrx_word' id='word_1_625' title='bbox 1408 5243 1449 5304; x_wconf 90' lang='lat' dir='ltr'>sd</span> <span class='ocrx_word' id='word_1_626' title='bbox 1477 5240 1716 5306; x_wconf 88' lang='lat' dir='ltr'>Pammachtnm</span> <span class='ocrx_word' id='word_1_627' title='bbox 1732 5237 1772 5301; x_wconf 92' lang='lat' dir='ltr'>de</span> 
     </span>
     <span class='ocr_line' id='line_1_52' title="bbox 68 5332 1771 5422; baseline 0.004 -29"><span class='ocrx_word' id='word_1_628' title='bbox 68 5333 264 5412; x_wconf 86' lang='lat' dir='ltr'>Hieronymo</span> <span class='ocrx_word' id='word_1_629' title='bbox 279 5349 316 5394; x_wconf 84' lang='lat' dir='ltr'>aa</span> <span class='ocrx_word' id='word_1_630' title='bbox 330 5332 521 5413; x_wconf 86' lang='lat' dir='ltr'>Sophronio.</span> <span class='ocrx_word' id='word_1_631' title='bbox 537 5337 587 5399; x_wconf 86' lang='lat' dir='ltr'>Ab</span> <span class='ocrx_word' id='word_1_632' title='bbox 601 5356 686 5401; x_wconf 94' lang='lat' dir='ltr'>anno</span> <span class='ocrx_word' id='word_1_633' title='bbox 702 5345 808 5402; x_wconf 87' lang='lat' dir='ltr'>antam</span> <span class='ocrx_word' id='word_1_634' title='bbox 835 5343 896 5405; x_wconf 77' lang='lat'>392</span> <span class='ocrx_word' id='word_1_635' title='bbox 949 5339 1070 5419; x_wconf 92' lang='lat' dir='ltr'>optimo</span> <span class='ocrx_word' id='word_1_636' title='bbox 1097 5338 1367 5418; x_wconf 89' lang='lat' dir='ltr'>interpretationis</span> <span class='ocrx_word' id='word_1_637' title='bbox 1393 5358 1509 5422; x_wconf 76' lang='lat' dir='ltr'>genere</span> <span class='ocrx_word' id='word_1_638' title='bbox 1536 5340 1638 5403; x_wconf 89' lang='lat' dir='ltr'>editus</span> <span class='ocrx_word' id='word_1_639' title='bbox 1652 5337 1771 5399; x_wconf 89' lang='lat' dir='ltr'>ibidem</span> 
     </span>
     <span class='ocr_line' id='line_1_53' title="bbox 67 5431 1772 5523; baseline 0.006 -32"><span class='ocrx_word' id='word_1_640' title='bbox 67 5431 109 5492; x_wconf 88' lang='lat' dir='ltr'>sd</span> <span class='ocrx_word' id='word_1_641' title='bbox 137 5448 259 5493; x_wconf 86' lang='lat' dir='ltr'>annum</span> <span class='ocrx_word' id='word_1_642' title='bbox 280 5431 396 5494; x_wconf 88' lang='lat' dir='ltr'>Christi</span> <span class='ocrx_word' id='word_1_643' title='bbox 425 5435 484 5495; x_wconf 84' lang='grc'><strong>304</strong></span> <span class='ocrx_word' id='word_1_644' title='bbox 512 5436 616 5499; x_wconf 89' lang='lat' dir='ltr'>editus</span> <span class='ocrx_word' id='word_1_645' title='bbox 654 5439 780 5502; x_wconf 81' lang='lat' dir='ltr'>ridetur</span> <span class='ocrx_word' id='word_1_646' title='bbox 815 5440 896 5504; x_wconf 87' lang='lat' dir='ltr'>liber</span> <span class='ocrx_word' id='word_1_647' title='bbox 949 5440 1100 5503; x_wconf 87' lang='lat' dir='ltr'>asseritur</span> <span class='ocrx_word' id='word_1_648' title='bbox 1111 5439 1202 5502; x_wconf 88' lang='lat' dir='ltr'>annis</span> <span class='ocrx_word' id='word_1_649' title='bbox 1223 5440 1348 5503; x_wconf 87' lang='lat' dir='ltr'>circiter</span> <span class='ocrx_word' id='word_1_650' title='bbox 1374 5441 1484 5523; x_wconf 74' lang='lat' dir='ltr'>viginti</span> <span class='ocrx_word' id='word_1_651' title='bbox 1510 5446 1679 5522; x_wconf 90' lang='lat' dir='ltr'>postquam</span> <span class='ocrx_word' id='word_1_652' title='bbox 1707 5440 1772 5502; x_wconf 85' lang='lat' dir='ltr'>Eu·</span> 
     </span>
     <span class='ocr_line' id='line_1_54' title="bbox 67 5529 1772 5618; baseline 0.007 -28"><span class='ocrx_word' id='word_1_653' title='bbox 67 5531 169 5609; x_wconf 76' lang='lat' dir='ltr'>Eurus,</span> <span class='ocrx_word' id='word_1_654' title='bbox 185 5529 477 5595; x_wconf 74' lang='lat' dir='ltr'>aolibsrttanesis:</span> <span class='ocrx_word' id='word_1_655' title='bbox 493 5551 568 5596; x_wconf 90' lang='lat' dir='ltr'>nam</span> <span class='ocrx_word' id='word_1_656' title='bbox 582 5536 694 5600; x_wconf 76' lang='lat' dir='ltr'>Buram</span> <span class='ocrx_word' id='word_1_657' title='bbox 710 5536 797 5601; x_wconf 88' lang='lat' dir='ltr'>brerl</span> <span class='ocrx_word' id='word_1_658' title='bbox 814 5544 896 5601; x_wconf 62' lang='lat' dir='ltr'>tenu</span> <span class='ocrx_word' id='word_1_659' title='bbox 949 5537 1029 5602; x_wconf 89' lang='lat' dir='ltr'>sebli</span> <span class='ocrx_word' id='word_1_660' title='bbox 1055 5535 1258 5600; x_wconf 75' lang='lat' dir='ltr'>Cesariansis</span> <span class='ocrx_word' id='word_1_661' title='bbox 1285 5541 1414 5618; x_wconf 77' lang='grc' dir='ltr'>χρονικόν</span> <span class='ocrx_word' id='word_1_662' title='bbox 1444 5540 1478 5601; x_wconf 91' lang='lat' dir='ltr'>in</span> <span class='ocrx_word' id='word_1_663' title='bbox 1505 5536 1652 5600; x_wconf 82' lang='lat' dir='ltr'>Latinum</span> <span class='ocrx_word' id='word_1_664' title='bbox 1666 5543 1772 5602; x_wconf 83' lang='lat' dir='ltr'>varta·</span> 
     </span>
     <span class='ocr_line' id='line_1_55' title="bbox 65 5627 1772 5720; baseline 0.008 -31"><span class='ocrx_word' id='word_1_665' title='bbox 65 5628 157 5712; x_wconf 86' lang='lat' dir='ltr'>poris</span> <span class='ocrx_word' id='word_1_666' title='bbox 177 5627 345 5694; x_wconf 78' lang='lat' dir='ltr'>intervallo</span> <span class='ocrx_word' id='word_1_667' title='bbox 372 5636 447 5713; x_wconf 88' lang='lat' dir='ltr'>post</span> <span class='ocrx_word' id='word_1_668' title='bbox 473 5630 562 5697; x_wconf 85' lang='lat' dir='ltr'>edita</span> <span class='ocrx_word' id='word_1_669' title='bbox 586 5635 813 5718; x_wconf 88' lang='lat' dir='ltr'>prophetaram</span> <span class='ocrx_word' id='word_1_670' title='bbox 841 5656 897 5701; x_wconf 82' lang='lat' dir='ltr'>ro·</span> <span class='ocrx_word' id='word_1_671' title='bbox 949 5643 1010 5702; x_wconf 91' lang='lat' dir='ltr'>rat.</span> <span class='ocrx_word' id='word_1_672' title='bbox 1044 5635 1164 5711; x_wconf 83' lang='lat' dir='ltr'>Quibus</span> <span class='ocrx_word' id='word_1_673' title='bbox 1204 5634 1264 5699; x_wconf 91' lang='lat' dir='ltr'>rite</span> <span class='ocrx_word' id='word_1_674' title='bbox 1303 5635 1480 5720; x_wconf 86' lang='lat' dir='ltr'>perpensis,</span> <span class='ocrx_word' id='word_1_675' title='bbox 1521 5634 1772 5703; x_wconf 76' lang='lat' dir='ltr'>existimavimus</span> 
     </span>
    </p>
   </div>
   <div class='ocr_carea' id='block_1_22' title="bbox 0 0 1940 6117">
    <p class='ocr_par' dir='ltr' id='par_1_23' title="bbox 0 0 1940 6117">
     <span class='ocr_line' id='line_1_56' title="bbox 0 0 1940 6117; baseline 0 0"><span class='ocrx_word' id='word_1_676' title='bbox 0 0 1940 6117; x_wconf 95' lang='lat' dir='ltr'> </span> 
     </span>
    </p>
   </div>
  </div>
 </body>
</html>
