<?xml version="1.0" encoding="UTF-8"?>
<!DOCTYPE html PUBLIC "-//W3C//DTD XHTML 1.0 Transitional//EN"
    "http://www.w3.org/TR/xhtml1/DTD/xhtml1-transitional.dtd">
<html xmlns="http://www.w3.org/1999/xhtml" xml:lang="en" lang="en">
 <head>
  <title>
</title>
<meta http-equiv="Content-Type" content="text/html;charset=utf-8" />
  <meta name='ocr-system' content='tesseract 3.04.00' />
  <meta name='ocr-capabilities' content='ocr_page ocr_carea ocr_par ocr_line ocrx_word'/>
</head>
<body>
  <div class='ocr_page' id='page_1' title='image "./patrologiaecurs13goog_0657.png"; bbox 0 0 3870 6120; ppageno 0'>
   <div class='ocr_carea' id='block_1_1' title="bbox 106 191 1852 262">
    <p class='ocr_par' dir='ltr' id='par_1_1' title="bbox 106 191 1852 262">
     <span class='ocr_line' id='line_1_1' title="bbox 106 191 1852 262; baseline -0.002 -3"><span class='ocrx_word' id='word_1_1' title='bbox 106 200 178 262; x_wconf 76' lang='lat' dir='ltr'><strong>luet</strong></span> <span class='ocrx_word' id='word_1_2' title='bbox 628 200 659 254; x_wconf 76' lang='lat' dir='ltr'><strong>S.</strong></span> <span class='ocrx_word' id='word_1_3' title='bbox 679 199 882 256; x_wconf 74' lang='lat' dir='ltr'><strong>annaeum</strong></span> <span class='ocrx_word' id='word_1_4' title='bbox 900 199 1029 255; x_wconf 75' lang='lat' dir='ltr'><strong>DthHA</strong></span> <span class='ocrx_word' id='word_1_5' title='bbox 1045 198 1293 257; x_wconf 69' lang='lat' dir='ltr'><strong>ambientium.</strong></span> <span class='ocrx_word' id='word_1_6' title='bbox 1744 191 1811 250; x_wconf 75' lang='lat' dir='ltr'><strong>taes</strong></span> <span class='ocrx_word' id='word_1_7' title='bbox 1850 251 1852 255; x_wconf 89' lang='lat'><em>.</em></span> 
     </span>
    </p>
   </div>
   <div class='ocr_carea' id='block_1_2' title="bbox 13 318 1815 1647">
    <p class='ocr_par' dir='ltr' id='par_1_2' title="bbox 13 318 1815 1647">
     <span class='ocr_line' id='line_1_2' title="bbox 106 318 1815 397; baseline -0.007 -9"><span class='ocrx_word' id='word_1_8' title='bbox 106 345 155 388; x_wconf 90' lang='lat' dir='ltr'><strong>ne.</strong></span> <span class='ocrx_word' id='word_1_9' title='bbox 171 324 288 385; x_wconf 89' lang='lat' dir='ltr'><strong>Hittitis</strong></span> <span class='ocrx_word' id='word_1_10' title='bbox 308 322 413 383; x_wconf 86' lang='lat' dir='ltr'><strong>solatis</strong></span> <span class='ocrx_word' id='word_1_11' title='bbox 427 326 626 397; x_wconf 79' lang='lat' dir='ltr'><strong>sumptuum:</strong></span> <span class='ocrx_word' id='word_1_12' title='bbox 657 323 787 380; x_wconf 89' lang='lat' dir='ltr'><strong>notarios</strong></span> <span class='ocrx_word' id='word_1_13' title='bbox 815 325 933 380; x_wconf 89' lang='lat' dir='ltr'><strong>nostros</strong></span> <span class='ocrx_word' id='word_1_14' title='bbox 946 323 975 393; x_wconf 68' lang='grc' dir='ltr'><strong>Α</strong></span> <span class='ocrx_word' id='word_1_15' title='bbox 987 322 1033 381; x_wconf 88' lang='lat' dir='ltr'><strong>las</strong></span> <span class='ocrx_word' id='word_1_16' title='bbox 1047 327 1253 397; x_wconf 79' lang='lat' dir='ltr'><strong>prenotatam,</strong></span> <span class='ocrx_word' id='word_1_17' title='bbox 1278 323 1326 381; x_wconf 90' lang='lat' dir='ltr'><strong>cui</strong></span> <span class='ocrx_word' id='word_1_18' title='bbox 1345 322 1442 396; x_wconf 87' lang='lat' dir='ltr'><strong>juncti</strong></span> <span class='ocrx_word' id='word_1_19' title='bbox 1465 326 1551 380; x_wconf 88' lang='lat' dir='ltr'><strong>erant</strong></span> <span class='ocrx_word' id='word_1_20' title='bbox 1572 318 1766 377; x_wconf 68' lang='lat' dir='ltr'><strong>Ecclesiastico</strong></span> <span class='ocrx_word' id='word_1_21' title='bbox 1787 327 1815 376; x_wconf 88' lang='lat' dir='ltr'><strong>st</strong></span> 
     </span>
     <span class='ocr_line' id='line_1_3' title="bbox 107 407 1815 485; baseline -0.007 -10"><span class='ocrx_word' id='word_1_22' title='bbox 107 423 138 476; x_wconf 88' lang='lat' dir='ltr'><strong>at</strong></span> <span class='ocrx_word' id='word_1_23' title='bbox 151 417 287 474; x_wconf 80' lang='lat' dir='ltr'>librarios</span> <span class='ocrx_word' id='word_1_24' title='bbox 300 414 486 481; x_wconf 88' lang='lat' dir='ltr'><strong>sustentatis,</strong></span> <span class='ocrx_word' id='word_1_25' title='bbox 501 417 535 468; x_wconf 92' lang='lat' dir='ltr'><strong>ut</strong></span> <span class='ocrx_word' id='word_1_26' title='bbox 549 411 630 468; x_wconf 85' lang='lat' dir='ltr'><strong>robis</strong></span> <span class='ocrx_word' id='word_1_27' title='bbox 657 412 847 485; x_wconf 87' lang='lat' dir='ltr'><strong>potissimum</strong></span> <span class='ocrx_word' id='word_1_28' title='bbox 863 428 932 468; x_wconf 91' lang='lat' dir='ltr'><strong>nos·</strong></span> <span class='ocrx_word' id='word_1_29' title='bbox 987 413 1140 470; x_wconf 75' lang='lat' dir='ltr'><strong>Canticum</strong></span> <span class='ocrx_word' id='word_1_30' title='bbox 1156 413 1349 480; x_wconf 89' lang='lat' dir='ltr'><strong>canticorum,</strong></span> <span class='ocrx_word' id='word_1_31' title='bbox 1360 418 1393 469; x_wconf 90' lang='lat' dir='ltr'><strong>ut</strong></span> <span class='ocrx_word' id='word_1_32' title='bbox 1407 410 1636 469; x_wconf 89' lang='lat' dir='ltr'><strong>similitudinem</strong></span> <span class='ocrx_word' id='word_1_33' title='bbox 1651 407 1815 464; x_wconf 87' lang='lat' dir='ltr'><strong>Salomonis</strong></span> 
     </span>
     <span class='ocr_line' id='line_1_4' title="bbox 109 496 1812 574; baseline -0.007 -9"><span class='ocrx_word' id='word_1_34' title='bbox 109 512 190 566; x_wconf 90' lang='lat' dir='ltr'><strong>trum</strong></span> <span class='ocrx_word' id='word_1_35' title='bbox 206 504 330 562; x_wconf 91' lang='lat' dir='ltr'><strong>desudet</strong></span> <span class='ocrx_word' id='word_1_36' title='bbox 344 501 551 574; x_wconf 76' lang='lat' dir='ltr'><strong>ingeniumlit</strong></span> <span class='ocrx_word' id='word_1_37' title='bbox 564 510 630 559; x_wconf 83' lang='lat' dir='ltr'><strong>cccc</strong></span> <span class='ocrx_word' id='word_1_38' title='bbox 645 518 680 559; x_wconf 86' lang='lat' dir='ltr'><strong>ex</strong></span> <span class='ocrx_word' id='word_1_39' title='bbox 693 500 784 558; x_wconf 90' lang='lat' dir='ltr'><strong>latere</strong></span> <span class='ocrx_word' id='word_1_40' title='bbox 797 503 934 573; x_wconf 74' lang='lat' dir='ltr'><strong>frequens</strong></span> <span class='ocrx_word' id='word_1_41' title='bbox 988 519 1046 560; x_wconf 92' lang='lat' dir='ltr'><strong>non</strong></span> <span class='ocrx_word' id='word_1_42' title='bbox 1060 501 1157 560; x_wconf 89' lang='lat' dir='ltr'><strong>solum</strong></span> <span class='ocrx_word' id='word_1_43' title='bbox 1172 502 1316 559; x_wconf 90' lang='lat' dir='ltr'><strong>librorum</strong></span> <span class='ocrx_word' id='word_1_44' title='bbox 1335 516 1469 568; x_wconf 88' lang='lat' dir='ltr'><strong>numero,</strong></span> <span class='ocrx_word' id='word_1_45' title='bbox 1486 499 1536 557; x_wconf 91' lang='lat' dir='ltr'><strong>sed</strong></span> <span class='ocrx_word' id='word_1_46' title='bbox 1561 499 1653 555; x_wconf 86' lang='lat' dir='ltr'><strong>etiam</strong></span> <span class='ocrx_word' id='word_1_47' title='bbox 1677 496 1812 553; x_wconf 86' lang='lat' dir='ltr'><strong>materia·</strong></span> 
     </span>
     <span class='ocr_line' id='line_1_5' title="bbox 107 585 1814 665; baseline -0.006 -12"><span class='ocrx_word' id='word_1_48' title='bbox 107 596 197 653; x_wconf 88' lang='lat' dir='ltr'><strong>turba</strong></span> <span class='ocrx_word' id='word_1_49' title='bbox 211 592 326 649; x_wconf 87' lang='lat' dir='ltr'><strong>diversa</strong></span> <span class='ocrx_word' id='word_1_50' title='bbox 341 592 525 663; x_wconf 90' lang='lat' dir='ltr'><strong>poscentium</strong></span> <span class='ocrx_word' id='word_1_51' title='bbox 542 607 549 646; x_wconf 93' lang='lat'>:</span> <span class='ocrx_word' id='word_1_52' title='bbox 567 591 652 664; x_wconf 88' lang='lat' dir='ltr'><strong>quasi</strong></span> <span class='ocrx_word' id='word_1_53' title='bbox 674 594 726 647; x_wconf 89' lang='lat' dir='ltr'><strong>snt</strong></span> <span class='ocrx_word' id='word_1_54' title='bbox 749 606 867 663; x_wconf 81' lang='lat' dir='ltr'><strong>equum</strong></span> <span class='ocrx_word' id='word_1_55' title='bbox 882 592 933 659; x_wconf 88' lang='lat' dir='ltr'><strong>sit,</strong></span> <span class='ocrx_word' id='word_1_56' title='bbox 988 609 1054 649; x_wconf 91' lang='lat' dir='ltr'><strong>runi</strong></span> <span class='ocrx_word' id='word_1_57' title='bbox 1075 608 1180 665; x_wconf 77' lang='lat' dir='ltr'><strong>genere</strong></span> <span class='ocrx_word' id='word_1_58' title='bbox 1201 596 1374 663; x_wconf 76' lang='lat' dir='ltr'><strong>coequarei.</strong></span> <span class='ocrx_word' id='word_1_59' title='bbox 1395 590 1549 648; x_wconf 84' lang='lat' dir='ltr'><strong>Secundus</strong></span> <span class='ocrx_word' id='word_1_60' title='bbox 1572 588 1651 661; x_wconf 88' lang='lat' dir='ltr'><strong>apud</strong></span> <span class='ocrx_word' id='word_1_61' title='bbox 1679 585 1814 643; x_wconf 76' lang='lat' dir='ltr'><strong>Hebraeos</strong></span> 
     </span>
     <span class='ocr_line' id='line_1_6' title="bbox 109 675 1811 754; baseline -0.006 -13"><span class='ocrx_word' id='word_1_62' title='bbox 109 700 166 751; x_wconf 89' lang='lat' dir='ltr'><strong>ma,</strong></span> <span class='ocrx_word' id='word_1_63' title='bbox 180 682 263 738; x_wconf 81' lang='lat' dir='ltr'><strong>vobis</strong></span> <span class='ocrx_word' id='word_1_64' title='bbox 278 679 490 749; x_wconf 74' lang='lat' dir='ltr'><strong>esurientibus,</strong></span> <span class='ocrx_word' id='word_1_65' title='bbox 512 678 579 736; x_wconf 88' lang='lat' dir='ltr'><strong>eliis</strong></span> <span class='ocrx_word' id='word_1_66' title='bbox 603 679 739 737; x_wconf 87' lang='lat' dir='ltr'><strong>laborare</strong></span> <span class='ocrx_word' id='word_1_67' title='bbox 755 678 872 737; x_wconf 91' lang='lat' dir='ltr'><strong>:autin</strong></span> <span class='ocrx_word' id='word_1_68' title='bbox 887 697 934 735; x_wconf 89' lang='lat' dir='ltr'><strong>ra·</strong></span> <span class='ocrx_word' id='word_1_69' title='bbox 988 698 1137 754; x_wconf 77' lang='lat' dir='ltr'><strong>nusquam</strong></span> <span class='ocrx_word' id='word_1_70' title='bbox 1158 684 1213 748; x_wconf 88' lang='lat' dir='ltr'><strong>est,</strong></span> <span class='ocrx_word' id='word_1_71' title='bbox 1238 680 1373 754; x_wconf 86' lang='lat' dir='ltr'><strong>quia⁸ct</strong></span> <span class='ocrx_word' id='word_1_72' title='bbox 1397 679 1459 752; x_wconf 87' lang='lat' dir='ltr'><strong>ipse</strong></span> <span class='ocrx_word' id='word_1_73' title='bbox 1487 677 1584 751; x_wconf 80' lang='lat' dir='ltr'><strong>stylus</strong></span> <span class='ocrx_word' id='word_1_74' title='bbox 1607 676 1741 733; x_wconf 76' lang='lat' dir='ltr'><strong>Graoam</strong></span> <span class='ocrx_word' id='word_1_75' title='bbox 1758 675 1811 731; x_wconf 91' lang='lat' dir='ltr'><strong>elo·</strong></span> 
     </span>
     <span class='ocr_line' id='line_1_7' title="bbox 108 765 1812 845; baseline -0.005 -15"><span class='ocrx_word' id='word_1_76' title='bbox 108 773 188 830; x_wconf 90' lang='lat' dir='ltr'><strong>tione</strong></span> <span class='ocrx_word' id='word_1_77' title='bbox 202 771 263 827; x_wconf 85' lang='lat' dir='ltr'><strong>dati</strong></span> <span class='ocrx_word' id='word_1_78' title='bbox 278 774 307 826; x_wconf 88' lang='lat' dir='ltr'><strong>et</strong></span> <span class='ocrx_word' id='word_1_79' title='bbox 322 768 445 841; x_wconf 89' lang='lat' dir='ltr'><strong>accepti,</strong></span> <span class='ocrx_word' id='word_1_80' title='bbox 462 769 613 842; x_wconf 85' lang='lat' dir='ltr'><strong>cuiquam,</strong></span> <span class='ocrx_word' id='word_1_81' title='bbox 637 774 744 842; x_wconf 79' lang='lat' dir='ltr'><strong>praeter</strong></span> <span class='ocrx_word' id='word_1_82' title='bbox 765 785 827 837; x_wconf 89' lang='lat' dir='ltr'><strong>iios,</strong></span> <span class='ocrx_word' id='word_1_83' title='bbox 843 769 935 826; x_wconf 91' lang='lat' dir='ltr'><strong>obno·</strong></span> <span class='ocrx_word' id='word_1_84' title='bbox 988 771 1140 845; x_wconf 85' lang='lat' dir='ltr'><strong>quantiam</strong></span> <span class='ocrx_word' id='word_1_85' title='bbox 1155 769 1265 828; x_wconf 87' lang='lat' dir='ltr'><strong>redolet</strong></span> <span class='ocrx_word' id='word_1_86' title='bbox 1280 787 1287 826; x_wconf 95' lang='lat'><strong>:</strong></span> <span class='ocrx_word' id='word_1_87' title='bbox 1303 774 1334 825; x_wconf 89' lang='lat' dir='ltr'><strong>et</strong></span> <span class='ocrx_word' id='word_1_88' title='bbox 1342 765 1476 826; x_wconf 91' lang='lat' dir='ltr'><strong>nonnulli</strong></span> <span class='ocrx_word' id='word_1_89' title='bbox 1487 767 1668 838; x_wconf 89' lang='lat' dir='ltr'><strong>scriptorum</strong></span> <span class='ocrx_word' id='word_1_90' title='bbox 1681 770 1812 821; x_wconf 85' lang='lat' dir='ltr'><strong>vetorum</strong></span> 
     </span>
     <span class='ocr_line' id='line_1_8' title="bbox 108 854 1811 932; baseline -0.005 -14"><span class='ocrx_word' id='word_1_91' title='bbox 108 862 175 919; x_wconf 84' lang='lat' dir='ltr'><strong>xius</strong></span> <span class='ocrx_word' id='word_1_92' title='bbox 188 859 256 916; x_wconf 92' lang='lat' dir='ltr'><strong>sim.</strong></span> <span class='ocrx_word' id='word_1_93' title='bbox 283 862 383 931; x_wconf 82' lang='lat' dir='ltr'><strong>ltaque</strong></span> <span class='ocrx_word' id='word_1_94' title='bbox 407 858 497 932; x_wconf 79' lang='lat' dir='ltr'><strong>longa</strong></span> <span class='ocrx_word' id='word_1_95' title='bbox 519 858 710 931; x_wconf 74' lang='lat' dir='ltr'><strong>egrotacione</strong></span> <span class='ocrx_word' id='word_1_96' title='bbox 736 860 846 915; x_wconf 82' lang='lat' dir='ltr'><strong>tractus</strong></span> <span class='ocrx_word' id='word_1_97' title='bbox 861 861 882 926; x_wconf 90' lang='lat'><strong>¹,</strong></span> <span class='ocrx_word' id='word_1_98' title='bbox 898 872 935 914; x_wconf 91' lang='lat' dir='ltr'><strong>ne</strong></span> <span class='ocrx_word' id='word_1_99' title='bbox 989 860 1069 918; x_wconf 89' lang='lat' dir='ltr'><strong>bunc</strong></span> <span class='ocrx_word' id='word_1_100' title='bbox 1083 876 1148 918; x_wconf 88' lang='lat' dir='ltr'><strong>esse</strong></span> <span class='ocrx_word' id='word_1_101' title='bbox 1172 859 1263 932; x_wconf 77' lang='lat' dir='ltr'><strong>judai</strong></span> <span class='ocrx_word' id='word_1_102' title='bbox 1285 856 1418 916; x_wconf 86' lang='lat' dir='ltr'><strong>Philonis</strong></span> <span class='ocrx_word' id='word_1_103' title='bbox 1443 856 1590 913; x_wconf 80' lang='lat' dir='ltr'><strong>affirmarit</strong></span> <span class='ocrx_word' id='word_1_104' title='bbox 1605 856 1626 910; x_wconf 75' lang='lat'><strong>⁶.</strong></span> <span class='ocrx_word' id='word_1_105' title='bbox 1648 854 1732 910; x_wconf 79' lang='lat' dir='ltr'><strong>Sicut</strong></span> <span class='ocrx_word' id='word_1_106' title='bbox 1746 869 1811 926; x_wconf 85' lang='lat' dir='ltr'><strong>ergo</strong></span> 
     </span>
     <span class='ocr_line' id='line_1_9' title="bbox 111 942 1811 1026; baseline -0.006 -18"><span class='ocrx_word' id='word_1_107' title='bbox 111 948 230 1026; x_wconf 85' lang='lat' dir='ltr'><strong>penitus</strong></span> <span class='ocrx_word' id='word_1_108' title='bbox 245 948 300 1006; x_wconf 93' lang='lat' dir='ltr'><strong>hoc</strong></span> <span class='ocrx_word' id='word_1_109' title='bbox 315 964 392 1005; x_wconf 86' lang='lat' dir='ltr'><strong>anno</strong></span> <span class='ocrx_word' id='word_1_110' title='bbox 417 947 583 1016; x_wconf 88' lang='lat' dir='ltr'><strong>reticerem,</strong></span> <span class='ocrx_word' id='word_1_111' title='bbox 606 951 635 1004; x_wconf 90' lang='lat' dir='ltr'><strong>ct</strong></span> <span class='ocrx_word' id='word_1_112' title='bbox 656 948 733 1020; x_wconf 84' lang='lat' dir='ltr'><strong>apud</strong></span> <span class='ocrx_word' id='word_1_113' title='bbox 756 964 808 1004; x_wconf 88' lang='lat' dir='ltr'><strong>vos</strong></span> <span class='ocrx_word' id='word_1_114' title='bbox 833 953 936 1005; x_wconf 90' lang='lat' dir='ltr'><strong>mutus</strong></span> <span class='ocrx_word' id='word_1_115' title='bbox 988 950 1103 1017; x_wconf 84' lang='lat' dir='ltr'><strong>iudith,</strong></span> <span class='ocrx_word' id='word_1_116' title='bbox 1118 953 1147 1007; x_wconf 89' lang='lat' dir='ltr'><strong>et</strong></span> <span class='ocrx_word' id='word_1_117' title='bbox 1161 949 1246 1015; x_wconf 80' lang='lat' dir='ltr'><strong>Tobi,</strong></span> <span class='ocrx_word' id='word_1_118' title='bbox 1261 953 1289 1006; x_wconf 88' lang='lat' dir='ltr'><strong>at</strong></span> <span class='ocrx_word' id='word_1_119' title='bbox 1303 947 1538 1006; x_wconf 82' lang='lat' dir='ltr'><strong>Hacbabaeorum</strong></span> <span class='ocrx_word' id='word_1_120' title='bbox 1554 944 1647 1002; x_wconf 89' lang='lat' dir='ltr'><strong>libros</strong></span> <span class='ocrx_word' id='word_1_121' title='bbox 1661 942 1735 1016; x_wconf 77' lang='lat' dir='ltr'><strong>legit</strong></span> <span class='ocrx_word' id='word_1_122' title='bbox 1749 942 1811 1015; x_wconf 91' lang='lat' dir='ltr'><strong>qui·</strong></span> 
     </span>
     <span class='ocr_line' id='line_1_10' title="bbox 109 1034 1812 1110; baseline -0.005 -14"><span class='ocrx_word' id='word_1_123' title='bbox 109 1055 218 1108; x_wconf 89' lang='lat' dir='ltr'><strong>essem,</strong></span> <span class='ocrx_word' id='word_1_124' title='bbox 249 1036 339 1094; x_wconf 91' lang='lat' dir='ltr'><strong>tridui</strong></span> <span class='ocrx_word' id='word_1_125' title='bbox 368 1054 445 1109; x_wconf 91' lang='lat' dir='ltr'><strong>opus</strong></span> <span class='ocrx_word' id='word_1_126' title='bbox 473 1035 586 1093; x_wconf 88' lang='lat' dir='ltr'><strong>nomini</strong></span> <span class='ocrx_word' id='word_1_127' title='bbox 623 1044 722 1093; x_wconf 84' lang='lat' dir='ltr'><strong>vestro</strong></span> <span class='ocrx_word' id='word_1_128' title='bbox 755 1037 935 1106; x_wconf 79' lang='lat' dir='ltr'><strong>consecravi,</strong></span> <span class='ocrx_word' id='word_1_129' title='bbox 989 1039 1056 1097; x_wconf 89' lang='lat' dir='ltr'><strong>dem</strong></span> <span class='ocrx_word' id='word_1_130' title='bbox 1080 1039 1209 1097; x_wconf 79' lang='lat' dir='ltr'><strong>Ecclesia</strong></span> <span class='ocrx_word' id='word_1_131' title='bbox 1231 1040 1252 1110; x_wconf 84' lang='lat'><strong>⁸,</strong></span> <span class='ocrx_word' id='word_1_132' title='bbox 1272 1038 1324 1096; x_wconf 89' lang='lat' dir='ltr'><strong>sed</strong></span> <span class='ocrx_word' id='word_1_133' title='bbox 1356 1038 1436 1093; x_wconf 90' lang='lat' dir='ltr'><strong>inter</strong></span> <span class='ocrx_word' id='word_1_134' title='bbox 1460 1034 1619 1092; x_wconf 86' lang='lat' dir='ltr'><strong>canonicas</strong></span> <span class='ocrx_word' id='word_1_135' title='bbox 1647 1034 1812 1103; x_wconf 82' lang='lat' dir='ltr'><strong>scripturas</strong></span> 
     </span>
     <span class='ocr_line' id='line_1_11' title="bbox 108 1120 1809 1200; baseline -0.005 -15"><span class='ocrx_word' id='word_1_136' title='bbox 108 1125 936 1200; x_wconf 82' lang='lat' dir='ltr'><strong>interpretationemvidelicettriumSalomonisvolumi·</strong></span> <span class='ocrx_word' id='word_1_137' title='bbox 990 1145 1048 1187; x_wconf 92' lang='lat' dir='ltr'><strong>non</strong></span> <span class='ocrx_word' id='word_1_138' title='bbox 1064 1128 1169 1200; x_wconf 88' lang='lat' dir='ltr'><strong>recipit</strong></span> <span class='ocrx_word' id='word_1_139' title='bbox 1191 1144 1198 1182; x_wconf 74' lang='grc' dir='ltr'>ι</span> <span class='ocrx_word' id='word_1_140' title='bbox 1222 1127 1264 1183; x_wconf 89' lang='lat' dir='ltr'><strong>sio</strong></span> <span class='ocrx_word' id='word_1_141' title='bbox 1285 1131 1314 1183; x_wconf 90' lang='lat' dir='ltr'><strong>et</strong></span> <span class='ocrx_word' id='word_1_142' title='bbox 1336 1125 1398 1182; x_wconf 81' lang='lat' dir='ltr'><strong>lieo</strong></span> <span class='ocrx_word' id='word_1_143' title='bbox 1422 1125 1481 1181; x_wconf 90' lang='lat' dir='ltr'><strong>duo</strong></span> <span class='ocrx_word' id='word_1_144' title='bbox 1504 1122 1659 1180; x_wconf 84' lang='lat' dir='ltr'><strong>volumina</strong></span> <span class='ocrx_word' id='word_1_145' title='bbox 1681 1120 1763 1194; x_wconf 78' lang='lat' dir='ltr'><strong>legat</strong></span> <span class='ocrx_word' id='word_1_146' title='bbox 1776 1121 1809 1178; x_wconf 88' lang='lat' dir='ltr'><strong>ad</strong></span> 
     </span>
     <span class='ocr_line' id='line_1_12' title="bbox 13 1200 1810 1301; baseline -0.005 -26"><span class='ocrx_word' id='word_1_147' title='bbox 13 1290 17 1301; x_wconf 34' lang='grc' dir='ltr'>Ι</span> <span class='ocrx_word' id='word_1_148' title='bbox 111 1233 196 1289; x_wconf 91' lang='lat' dir='ltr'><strong>num,</strong></span> <span class='ocrx_word' id='word_1_149' title='bbox 216 1232 347 1273; x_wconf 77' lang='lat' dir='ltr'><strong>missurn</strong></span> <span class='ocrx_word' id='word_1_150' title='bbox 370 1217 381 1251; x_wconf 87' lang='lat'><strong>¹</strong></span> <span class='ocrx_word' id='word_1_151' title='bbox 404 1200 510 1276; x_wconf 51' lang='lat' dir='ltr'><strong>mmm</strong></span> <span class='ocrx_word' id='word_1_152' title='bbox 534 1232 607 1286; x_wconf 85' lang='lat' dir='ltr'><strong>quas</strong></span> <span class='ocrx_word' id='word_1_153' title='bbox 630 1215 742 1271; x_wconf 74' lang='lat' dir='ltr'><strong>Hebraei</strong></span> <span class='ocrx_word' id='word_1_154' title='bbox 769 1215 934 1285; x_wconf 78' lang='lat' dir='ltr'><strong>Porobotcr,</strong></span> <span class='ocrx_word' id='word_1_155' title='bbox 989 1216 1387 1290; x_wconf 70' lang='lat' dir='ltr'><strong>edificationemplebismon</strong></span> <span class='ocrx_word' id='word_1_156' title='bbox 1404 1214 1441 1271; x_wconf 90' lang='lat' dir='ltr'><strong>sd</strong></span> <span class='ocrx_word' id='word_1_157' title='bbox 1456 1210 1810 1269; x_wconf 88' lang='lat' dir='ltr'><strong>auctoritatamecolesia-</strong></span> 
     </span>
     <span class='ocr_line' id='line_1_13' title="bbox 111 1300 1811 1380; baseline -0.004 -18"><span class='ocrx_word' id='word_1_158' title='bbox 111 1305 239 1379; x_wconf 76' lang='lat' dir='ltr'><strong>Vulgata</strong></span> <span class='ocrx_word' id='word_1_159' title='bbox 266 1310 366 1361; x_wconf 88' lang='lat' dir='ltr'><strong>sutem</strong></span> <span class='ocrx_word' id='word_1_160' title='bbox 393 1305 483 1361; x_wconf 85' lang='lat' dir='ltr'><strong>editio</strong></span> <span class='ocrx_word' id='word_1_161' title='bbox 512 1305 662 1361; x_wconf 78' lang='lat' dir='ltr'><strong>Proverbiis</strong></span> <span class='ocrx_word' id='word_1_162' title='bbox 688 1309 773 1360; x_wconf 88' lang='lat' dir='ltr'><strong>vocat</strong></span> <span class='ocrx_word' id='word_1_163' title='bbox 788 1320 795 1360; x_wconf 76' lang='grc' dir='ltr'><strong><em>ε</em></strong></span> <span class='ocrx_word' id='word_1_164' title='bbox 812 1321 934 1362; x_wconf 83' lang='lat' dir='ltr'><strong>anscarii</strong></span> <span class='ocrx_word' id='word_1_165' title='bbox 989 1307 1131 1364; x_wconf 85' lang='lat' dir='ltr'><strong>eticorum</strong></span> <span class='ocrx_word' id='word_1_166' title='bbox 1148 1307 1319 1380; x_wconf 76' lang='lat' dir='ltr'><strong>dogmatum</strong></span> <span class='ocrx_word' id='word_1_167' title='bbox 1342 1303 1589 1361; x_wconf 79' lang='lat' dir='ltr'><strong>confirmandam.</strong></span> <span class='ocrx_word' id='word_1_168' title='bbox 1616 1300 1645 1357; x_wconf 90' lang='lat' dir='ltr'><strong>Si</strong></span> <span class='ocrx_word' id='word_1_169' title='bbox 1669 1300 1719 1357; x_wconf 89' lang='lat' dir='ltr'><strong>cui</strong></span> <span class='ocrx_word' id='word_1_170' title='bbox 1745 1316 1811 1356; x_wconf 85' lang='lat' dir='ltr'><strong>sane</strong></span> 
     </span>
     <span class='ocr_line' id='line_1_14' title="bbox 111 1379 1811 1484; baseline -0.006 -30"><span class='ocrx_word' id='word_1_171' title='bbox 111 1379 195 1484; x_wconf 64' lang='lat' dir='ltr'><strong>nSnp</strong></span> <span class='ocrx_word' id='word_1_172' title='bbox 218 1410 305 1466; x_wconf 86' lang='lat' dir='ltr'><strong>quem</strong></span> <span class='ocrx_word' id='word_1_173' title='bbox 329 1393 426 1450; x_wconf 82' lang='lat' dir='ltr'><strong>Graece</strong></span> <span class='ocrx_word' id='word_1_174' title='bbox 449 1393 666 1461; x_wconf 81' lang='lat' dir='ltr'><strong>Ecclesiastem,</strong></span> <span class='ocrx_word' id='word_1_175' title='bbox 687 1392 791 1451; x_wconf 87' lang='lat' dir='ltr'><strong>Latine</strong></span> <span class='ocrx_word' id='word_1_176' title='bbox 813 1394 935 1450; x_wconf 85' lang='lat' dir='ltr'><strong>Concio·</strong></span> <span class='ocrx_word' id='word_1_177' title='bbox 989 1395 1181 1469; x_wconf 80' lang='lat' dir='ltr'><strong>Septuaginta</strong></span> <span class='ocrx_word' id='word_1_178' title='bbox 1212 1395 1407 1464; x_wconf 80' lang='lat' dir='ltr'><strong>interpretum</strong></span> <span class='ocrx_word' id='word_1_179' title='bbox 1442 1391 1537 1463; x_wconf 81' lang='lat' dir='ltr'><strong>magis</strong></span> <span class='ocrx_word' id='word_1_180' title='bbox 1580 1390 1673 1446; x_wconf 89' lang='lat' dir='ltr'><strong>editio</strong></span> <span class='ocrx_word' id='word_1_181' title='bbox 1709 1389 1811 1462; x_wconf 85' lang='lat' dir='ltr'><strong>placet,</strong></span> 
     </span>
     <span class='ocr_line' id='line_1_15' title="bbox 110 1477 1809 1556; baseline -0.005 -15"><span class='ocrx_word' id='word_1_182' title='bbox 110 1488 243 1541; x_wconf 90' lang='lat' dir='ltr'><strong>natorem</strong></span> <span class='ocrx_word' id='word_1_183' title='bbox 253 1499 412 1556; x_wconf 90' lang='lat' dir='ltr'><strong>possumus</strong></span> <span class='ocrx_word' id='word_1_184' title='bbox 424 1483 520 1539; x_wconf 90' lang='lat' dir='ltr'><strong>dicere</strong></span> <span class='ocrx_word' id='word_1_185' title='bbox 536 1499 543 1540; x_wconf 89' lang='lat'><strong>:</strong></span> <span class='ocrx_word' id='word_1_186' title='bbox 560 1499 607 1539; x_wconf 85' lang='lat' dir='ltr'><strong>sia</strong></span> <span class='ocrx_word' id='word_1_187' title='bbox 620 1498 738 1539; x_wconf 79' lang='lat' dir='ltr'><strong>issimis</strong></span> <span class='ocrx_word' id='word_1_188' title='bbox 749 1493 863 1546; x_wconf 73' lang='lat' dir='ltr'><strong>otiien</strong></span> <span class='ocrx_word' id='word_1_189' title='bbox 879 1493 936 1546; x_wconf 72' lang='lat' dir='ltr'><strong>&#39;itte</strong></span> <span class='ocrx_word' id='word_1_190' title='bbox 989 1483 1078 1539; x_wconf 87' lang='lat' dir='ltr'><strong>babet</strong></span> <span class='ocrx_word' id='word_1_191' title='bbox 1091 1498 1155 1539; x_wconf 89' lang='lat' dir='ltr'><strong>eam</strong></span> <span class='ocrx_word' id='word_1_192' title='bbox 1170 1483 1181 1517; x_wconf 80' lang='lat'><strong>⁶</strong></span> <span class='ocrx_word' id='word_1_193' title='bbox 1196 1499 1213 1537; x_wconf 89' lang='lat' dir='ltr'><strong>a</strong></span> <span class='ocrx_word' id='word_1_194' title='bbox 1228 1482 1312 1538; x_wconf 87' lang='lat' dir='ltr'><strong>nobis</strong></span> <span class='ocrx_word' id='word_1_195' title='bbox 1327 1481 1397 1537; x_wconf 89' lang='lat' dir='ltr'><strong>olim</strong></span> <span class='ocrx_word' id='word_1_196' title='bbox 1412 1479 1608 1537; x_wconf 86' lang='lat' dir='ltr'><strong>emendatam.</strong></span> <span class='ocrx_word' id='word_1_197' title='bbox 1625 1482 1727 1549; x_wconf 82' lang='lat' dir='ltr'><strong>Neque</strong></span> <span class='ocrx_word' id='word_1_198' title='bbox 1738 1477 1809 1533; x_wconf 91' lang='lat' dir='ltr'><strong>enim</strong></span> 
     </span>
     <span class='ocr_line' id='line_1_16' title="bbox 112 1570 1811 1647; baseline -0.004 -18"><span class='ocrx_word' id='word_1_199' title='bbox 112 1574 190 1647; x_wconf 86' lang='lat' dir='ltr'><strong>quod</strong></span> <span class='ocrx_word' id='word_1_200' title='bbox 206 1573 236 1628; x_wconf 92' lang='lat' dir='ltr'><strong>in</strong></span> <span class='ocrx_word' id='word_1_201' title='bbox 253 1575 355 1629; x_wconf 82' lang='lat' dir='ltr'><strong>nostra</strong></span> <span class='ocrx_word' id='word_1_202' title='bbox 369 1570 471 1644; x_wconf 79' lang='lat' dir='ltr'><strong>lingua</strong></span> <span class='ocrx_word' id='word_1_203' title='bbox 494 1570 620 1630; x_wconf 86' lang='lat' dir='ltr'><strong>vertitur</strong></span> <span class='ocrx_word' id='word_1_204' title='bbox 641 1572 794 1629; x_wconf 86' lang='lat' dir='ltr'><strong>Canticum</strong></span> <span class='ocrx_word' id='word_1_205' title='bbox 809 1572 936 1629; x_wconf 87' lang='lat' dir='ltr'><strong>cantico·</strong></span> <span class='ocrx_word' id='word_1_206' title='bbox 990 1573 1032 1630; x_wconf 89' lang='lat' dir='ltr'><strong>sic</strong></span> <span class='ocrx_word' id='word_1_207' title='bbox 1048 1589 1122 1629; x_wconf 89' lang='lat' dir='ltr'><strong>nova</strong></span> <span class='ocrx_word' id='word_1_208' title='bbox 1135 1572 1282 1639; x_wconf 87' lang='lat' dir='ltr'><strong>cudimus,</strong></span> <span class='ocrx_word' id='word_1_209' title='bbox 1294 1575 1327 1627; x_wconf 94' lang='lat' dir='ltr'><strong>ut</strong></span> <span class='ocrx_word' id='word_1_210' title='bbox 1341 1575 1439 1627; x_wconf 83' lang='lat' dir='ltr'><strong>vetera</strong></span> <span class='ocrx_word' id='word_1_211' title='bbox 1453 1570 1653 1626; x_wconf 87' lang='lat' dir='ltr'><strong>destruamus.</strong></span> <span class='ocrx_word' id='word_1_212' title='bbox 1669 1571 1706 1622; x_wconf 82' lang='lat' dir='ltr'><strong>Et</strong></span> <span class='ocrx_word' id='word_1_213' title='bbox 1717 1570 1811 1623; x_wconf 78' lang='lat' dir='ltr'><strong>tanim</strong></span> 
     </span>
    </p>
   </div>
   <div class='ocr_carea' id='block_1_3' title="bbox 1 1654 1811 1735">
    <p class='ocr_par' dir='ltr' id='par_1_3' title="bbox 1 1654 1811 1735">
     <span class='ocr_line' id='line_1_17' title="bbox 1 1654 1811 1735; baseline -0.006 -15"><span class='ocrx_word' id='word_1_214' title='bbox 1 1659 2 1664; x_wconf 69' lang='grc'>’</span> <span class='ocrx_word' id='word_1_215' title='bbox 113 1679 192 1720; x_wconf 87' lang='lat' dir='ltr'><strong>rum.</strong></span> <span class='ocrx_word' id='word_1_216' title='bbox 223 1662 327 1719; x_wconf 79' lang='lat' dir='ltr'><strong>Fertur</strong></span> <span class='ocrx_word' id='word_1_217' title='bbox 345 1661 621 1735; x_wconf 72' lang='lat' dir='ltr'><strong>atoaidperoclesu</strong></span> <span class='ocrx_word' id='word_1_218' title='bbox 647 1661 699 1716; x_wconf 85' lang='lat' dir='ltr'><strong>lilii</strong></span> <span class='ocrx_word' id='word_1_219' title='bbox 724 1661 825 1719; x_wconf 88' lang='lat' dir='ltr'><strong>Siracb</strong></span> <span class='ocrx_word' id='word_1_220' title='bbox 849 1661 936 1730; x_wconf 88' lang='lat' dir='ltr'><strong>liber,</strong></span> <span class='ocrx_word' id='word_1_221' title='bbox 990 1654 1811 1733; x_wconf 76' lang='lat' dir='ltr'><strong>cumdiligentissimelegerit,sciatmagisnostraintcl·</strong></span> 
     </span>
    </p>
   </div>
   <div class='ocr_carea' id='block_1_4' title="bbox 112 1744 1812 2004">
    <p class='ocr_par' dir='ltr' id='par_1_4' title="bbox 112 1744 1812 2004">
     <span class='ocr_line' id='line_1_18' title="bbox 114 1744 1810 1827; baseline -0.004 -19"><span class='ocrx_word' id='word_1_222' title='bbox 114 1756 144 1809; x_wconf 90' lang='lat' dir='ltr'><strong>et</strong></span> <span class='ocrx_word' id='word_1_223' title='bbox 169 1751 246 1807; x_wconf 90' lang='lat' dir='ltr'><strong>alius</strong></span> <span class='ocrx_word' id='word_1_224' title='bbox 261 1746 478 1827; x_wconf 68' lang='grc' dir='ltr'>ψευδεπίγραφος</span> <span class='ocrx_word' id='word_1_225' title='bbox 491 1751 542 1822; x_wconf 88' lang='lat' dir='ltr'><strong>qui</strong></span> <span class='ocrx_word' id='word_1_226' title='bbox 576 1749 732 1822; x_wconf 83' lang='lat' dir='ltr'><strong>Sapientia</strong></span> <span class='ocrx_word' id='word_1_227' title='bbox 769 1749 936 1808; x_wconf 87' lang='lat' dir='ltr'><strong>Salomonis</strong></span> <span class='ocrx_word' id='word_1_228' title='bbox 989 1751 1052 1825; x_wconf 81' lang='lat' dir='ltr'><strong>ligi,</strong></span> <span class='ocrx_word' id='word_1_229' title='bbox 1069 1769 1133 1825; x_wconf 83' lang='lat' dir='ltr'><strong>qua</strong></span> <span class='ocrx_word' id='word_1_230' title='bbox 1148 1767 1207 1808; x_wconf 94' lang='lat' dir='ltr'><strong>non</strong></span> <span class='ocrx_word' id='word_1_231' title='bbox 1222 1750 1252 1805; x_wconf 92' lang='lat' dir='ltr'><strong>in</strong></span> <span class='ocrx_word' id='word_1_232' title='bbox 1268 1749 1388 1807; x_wconf 89' lang='lat' dir='ltr'><strong>tertium</strong></span> <span class='ocrx_word' id='word_1_233' title='bbox 1404 1765 1454 1804; x_wconf 89' lang='lat' dir='ltr'><strong>vas</strong></span> <span class='ocrx_word' id='word_1_234' title='bbox 1467 1747 1621 1804; x_wconf 77' lang='lat' dir='ltr'><strong>transfusa</strong></span> <span class='ocrx_word' id='word_1_235' title='bbox 1635 1744 1810 1812; x_wconf 88' lang='lat' dir='ltr'><strong>coacuerint,</strong></span> 
     </span>
     <span class='ocr_line' id='line_1_19' title="bbox 112 1836 1812 1912; baseline -0.005 -15"><span class='ocrx_word' id='word_1_236' title='bbox 112 1840 296 1898; x_wconf 87' lang='lat' dir='ltr'><strong>inscribitur.</strong></span> <span class='ocrx_word' id='word_1_237' title='bbox 314 1840 444 1906; x_wconf 88' lang='lat' dir='ltr'><strong>Quorum</strong></span> <span class='ocrx_word' id='word_1_238' title='bbox 469 1839 597 1911; x_wconf 84' lang='lat' dir='ltr'><strong>priorem</strong></span> <span class='ocrx_word' id='word_1_239' title='bbox 625 1839 802 1897; x_wconf 82' lang='lat' dir='ltr'><strong>Hebraiouni</strong></span> <span class='ocrx_word' id='word_1_240' title='bbox 827 1839 934 1912; x_wconf 84' lang='lat' dir='ltr'><strong>reperi,</strong></span> <span class='ocrx_word' id='word_1_241' title='bbox 987 1841 1039 1898; x_wconf 89' lang='lat' dir='ltr'><strong>esd</strong></span> <span class='ocrx_word' id='word_1_242' title='bbox 1053 1843 1151 1897; x_wconf 86' lang='lat' dir='ltr'><strong>statim</strong></span> <span class='ocrx_word' id='word_1_243' title='bbox 1167 1841 1203 1896; x_wconf 89' lang='lat' dir='ltr'><strong>de</strong></span> <span class='ocrx_word' id='word_1_244' title='bbox 1218 1838 1298 1912; x_wconf 86' lang='lat' dir='ltr'><strong>prelo</strong></span> <span class='ocrx_word' id='word_1_245' title='bbox 1314 1837 1481 1912; x_wconf 73' lang='lat' dir='ltr'><strong>purissime</strong></span> <span class='ocrx_word' id='word_1_246' title='bbox 1496 1836 1708 1893; x_wconf 84' lang='lat' dir='ltr'><strong>commendata</strong></span> <span class='ocrx_word' id='word_1_247' title='bbox 1725 1840 1812 1903; x_wconf 68' lang='lat' dir='ltr'><strong>msto,</strong></span> 
     </span>
     <span class='ocr_line' id='line_1_20' title="bbox 113 1926 1428 2004; baseline -0.005 -16"><span class='ocrx_word' id='word_1_248' title='bbox 113 1946 173 1989; x_wconf 91' lang='lat' dir='ltr'><strong>non</strong></span> <span class='ocrx_word' id='word_1_249' title='bbox 189 1928 476 1999; x_wconf 69' lang='lat' dir='ltr'><strong>Ecclesiasticummt</strong></span> <span class='ocrx_word' id='word_1_250' title='bbox 490 1930 569 2003; x_wconf 87' lang='lat' dir='ltr'><strong>apud</strong></span> <span class='ocrx_word' id='word_1_251' title='bbox 584 1928 704 1987; x_wconf 89' lang='lat' dir='ltr'><strong>Latinos</strong></span> <span class='ocrx_word' id='word_1_252' title='bbox 718 1946 725 1999; x_wconf 91' lang='lat'>;</span> <span class='ocrx_word' id='word_1_253' title='bbox 742 1930 793 1986; x_wconf 92' lang='lat' dir='ltr'><strong>sed</strong></span> <span class='ocrx_word' id='word_1_254' title='bbox 809 1930 935 1986; x_wconf 88' lang='lat' dir='ltr'><strong>Parabo·</strong></span> <span class='ocrx_word' id='word_1_255' title='bbox 987 1946 1076 1986; x_wconf 88' lang='lat' dir='ltr'><strong>suurn</strong></span> <span class='ocrx_word' id='word_1_256' title='bbox 1089 1945 1220 2004; x_wconf 88' lang='lat' dir='ltr'><strong>sapsrem</strong></span> <span class='ocrx_word' id='word_1_257' title='bbox 1237 1926 1428 1985; x_wconf 79' lang='lat' dir='ltr'><strong>servaverint.</strong></span> 
     </span>
    </p>
   </div>
   <div class='ocr_carea' id='block_1_5' title="bbox 110 2117 1814 2842">
    <p class='ocr_par' dir='ltr' id='par_1_5' title="bbox 110 2117 1814 2842">
     <span class='ocr_line' id='line_1_21' title="bbox 110 2117 1814 2200; baseline -0.008 -14"><span class='ocrx_word' id='word_1_258' title='bbox 110 2126 169 2200; x_wconf 76' lang='lat' dir='ltr'><strong>jeci</strong></span> <span class='ocrx_word' id='word_1_259' title='bbox 186 2141 192 2181; x_wconf 74' lang='grc' dir='ltr'><em>τ</em></span> <span class='ocrx_word' id='word_1_260' title='bbox 209 2124 238 2180; x_wconf 78' lang='lat' dir='ltr'><strong>si</strong></span> <span class='ocrx_word' id='word_1_261' title='bbox 254 2123 301 2180; x_wconf 84' lang='lat' dir='ltr'><strong>cui</strong></span> <span class='ocrx_word' id='word_1_262' title='bbox 316 2123 510 2196; x_wconf 70' lang='lat' dir='ltr'><strong>Septuaginta</strong></span> <span class='ocrx_word' id='word_1_263' title='bbox 527 2122 722 2196; x_wconf 76' lang='lat' dir='ltr'><strong>interpretum</strong></span> <span class='ocrx_word' id='word_1_264' title='bbox 737 2123 834 2196; x_wconf 75' lang='lat' dir='ltr'><strong>megia</strong></span> <span class='ocrx_word' id='word_1_265' title='bbox 848 2122 937 2181; x_wconf 85' lang='lat' dir='ltr'><strong>editio</strong></span> <span class='ocrx_word' id='word_1_266' title='bbox 988 2126 1089 2186; x_wconf 92' lang='lat' dir='ltr'><strong>sebius</strong></span> <span class='ocrx_word' id='word_1_267' title='bbox 1102 2123 1179 2181; x_wconf 89' lang='lat' dir='ltr'><strong>libro</strong></span> <span class='ocrx_word' id='word_1_268' title='bbox 1193 2140 1222 2181; x_wconf 87' lang='lat' dir='ltr'><strong>ix</strong></span> <span class='ocrx_word' id='word_1_269' title='bbox 1237 2121 1453 2195; x_wconf 81' lang='lat' dir='ltr'><strong>Proeporoti&#39;oriis</strong></span> <span class='ocrx_word' id='word_1_270' title='bbox 1466 2118 1647 2191; x_wconf 69' lang='lat' dir='ltr'><strong>monasticar.</strong></span> <span class='ocrx_word' id='word_1_271' title='bbox 1665 2117 1716 2177; x_wconf 94' lang='lat' dir='ltr'><strong>ubi</strong></span> <span class='ocrx_word' id='word_1_272' title='bbox 1730 2119 1814 2190; x_wconf 83' lang='lat' dir='ltr'><strong>quin·</strong></span> 
     </span>
     <span class='ocr_line' id='line_1_22' title="bbox 134 2189 1812 2318; baseline -0.007 -63"><span class='ocrx_word' id='word_1_273' title='bbox 134 2198 221 2265; x_wconf 90' lang='lat' dir='ltr'><strong>lacet,</strong></span> <span class='ocrx_word' id='word_1_274' title='bbox 237 2195 403 2252; x_wconf 88' lang='lat' dir='ltr'><strong>babetcsm</strong></span> <span class='ocrx_word' id='word_1_275' title='bbox 419 2212 436 2250; x_wconf 89' lang='lat' dir='ltr'><strong>a</strong></span> <span class='ocrx_word' id='word_1_276' title='bbox 451 2193 537 2275; x_wconf 85' lang='lat' dir='ltr'><strong>nobis</strong></span> <span class='ocrx_word' id='word_1_277' title='bbox 552 2194 621 2251; x_wconf 90' lang='lat' dir='ltr'><strong>olim</strong></span> <span class='ocrx_word' id='word_1_278' title='bbox 646 2196 862 2259; x_wconf 69' lang='lat' dir='ltr'><strong>emendatam»</strong></span> <span class='ocrx_word' id='word_1_279' title='bbox 879 2199 934 2252; x_wconf 91' lang='lat' dir='ltr'><strong>etc.</strong></span> <span class='ocrx_word' id='word_1_280' title='bbox 988 2200 1084 2255; x_wconf 87' lang='lat' dir='ltr'><strong>decim</strong></span> <span class='ocrx_word' id='word_1_281' title='bbox 1101 2197 1160 2253; x_wconf 87' lang='lat' dir='ltr'><strong>iere</strong></span> <span class='ocrx_word' id='word_1_282' title='bbox 1184 2212 1287 2253; x_wconf 90' lang='lat' dir='ltr'><strong>versus</strong></span> <span class='ocrx_word' id='word_1_283' title='bbox 1311 2211 1327 2251; x_wconf 90' lang='lat' dir='ltr'><strong>e</strong></span> <span class='ocrx_word' id='word_1_284' title='bbox 1349 2193 1480 2251; x_wconf 89' lang='lat' dir='ltr'><strong>Philonis</strong></span> <span class='ocrx_word' id='word_1_285' title='bbox 1504 2208 1592 2265; x_wconf 89' lang='lat' dir='ltr'><strong>opere</strong></span> <span class='ocrx_word' id='word_1_286' title='bbox 1617 2211 1675 2245; x_wconf 79' lang='grc' dir='ltr'><strong>των</strong></span> <span class='ocrx_word' id='word_1_287' title='bbox 1698 2189 1761 2318; x_wconf 45' lang='lat' dir='ltr'><strong>ursel</strong></span> <span class='ocrx_word' id='word_1_288' title='bbox 1783 2189 1812 2243; x_wconf 73' lang='lat' dir='ltr'><strong>ri</strong></span> 
     </span>
     <span class='ocr_line' id='line_1_23' title="bbox 114 2217 1811 2344; baseline -0.006 -18"><span class='ocrx_word' id='word_1_289' title='bbox 114 2217 174 2327; x_wconf 62' lang='lat' dir='ltr'><strong>ileo</strong></span> <span class='ocrx_word' id='word_1_290' title='bbox 191 2266 401 2338; x_wconf 88' lang='lat' dir='ltr'><strong>buicopinioni</strong></span> <span class='ocrx_word' id='word_1_291' title='bbox 425 2267 561 2323; x_wconf 84' lang='lat' dir='ltr'><strong>oiitciuiit</strong></span> <span class='ocrx_word' id='word_1_292' title='bbox 575 2266 777 2323; x_wconf 88' lang='lat' dir='ltr'><strong>additamenta</strong></span> <span class='ocrx_word' id='word_1_293' title='bbox 823 2267 935 2322; x_wconf 80' lang='lat' dir='ltr'><strong>nudam</strong></span> <span class='ocrx_word' id='word_1_294' title='bbox 988 2265 1210 2344; x_wconf 78' lang='lat' dir='ltr'><strong>‘lapoedlupue</strong></span> <span class='ocrx_word' id='word_1_295' title='bbox 1245 2266 1436 2340; x_wconf 87' lang='lat' dir='ltr'><strong>Polyhistoris</strong></span> <span class='ocrx_word' id='word_1_296' title='bbox 1473 2263 1645 2320; x_wconf 89' lang='lat' dir='ltr'><strong>testimonio</strong></span> <span class='ocrx_word' id='word_1_297' title='bbox 1684 2262 1721 2318; x_wconf 89' lang='lat' dir='ltr'><strong>ad</strong></span> <span class='ocrx_word' id='word_1_298' title='bbox 1746 2263 1811 2320; x_wconf 86' lang='lat' dir='ltr'><strong>ncil.</strong></span> 
     </span>
     <span class='ocr_line' id='line_1_24' title="bbox 115 2333 1813 2411; baseline -0.004 -15"><span class='ocrx_word' id='word_1_299' title='bbox 115 2341 146 2396; x_wconf 93' lang='lat' dir='ltr'><strong>in</strong></span> <span class='ocrx_word' id='word_1_300' title='bbox 161 2336 469 2409; x_wconf 78' lang='lat' dir='ltr'><strong>conteslumVulgatre</strong></span> <span class='ocrx_word' id='word_1_301' title='bbox 480 2343 587 2393; x_wconf 80' lang='lat' dir='ltr'><strong>nostra</strong></span> <span class='ocrx_word' id='word_1_302' title='bbox 602 2337 805 2395; x_wconf 77' lang='lat' dir='ltr'><strong>Lalinaeebll</strong></span> <span class='ocrx_word' id='word_1_303' title='bbox 839 2336 938 2394; x_wconf 86' lang='lat' dir='ltr'><strong>Senio·</strong></span> <span class='ocrx_word' id='word_1_304' title='bbox 990 2343 1134 2398; x_wconf 70' lang='lat' dir='ltr'><strong>landatur</strong></span> <span class='ocrx_word' id='word_1_305' title='bbox 1148 2338 1439 2411; x_wconf 83' lang='lat' dir='ltr'><strong>quoqueaioaepho</strong></span> <span class='ocrx_word' id='word_1_306' title='bbox 1456 2336 1648 2404; x_wconf 64' lang='lat' dir='ltr'><strong>tibicinem</strong></span> <span class='ocrx_word' id='word_1_307' title='bbox 1663 2333 1813 2406; x_wconf 69' lang='lat' dir='ltr'><strong>appionem</strong></span> 
     </span>
     <span class='ocr_line' id='line_1_25' title="bbox 113 2401 1813 2493; baseline -0.006 -24"><span class='ocrx_word' id='word_1_308' title='bbox 113 2428 181 2469; x_wconf 90' lang='lat' dir='ltr'><strong>rum</strong></span> <span class='ocrx_word' id='word_1_309' title='bbox 196 2409 438 2493; x_wconf 84' lang='lat' dir='ltr'><strong>interpretatione</strong></span> <span class='ocrx_word' id='word_1_310' title='bbox 452 2426 459 2476; x_wconf 90' lang='lat'>;</span> <span class='ocrx_word' id='word_1_311' title='bbox 476 2409 546 2481; x_wconf 90' lang='lat' dir='ltr'><strong>quia</strong></span> <span class='ocrx_word' id='word_1_312' title='bbox 562 2409 622 2465; x_wconf 83' lang='lat' dir='ltr'><strong>bac</strong></span> <span class='ocrx_word' id='word_1_313' title='bbox 641 2407 726 2481; x_wconf 83' lang='lat' dir='ltr'><strong>longe</strong></span> <span class='ocrx_word' id='word_1_314' title='bbox 742 2414 807 2481; x_wconf 88' lang='lat' dir='ltr'><strong>post</strong></span> <span class='ocrx_word' id='word_1_315' title='bbox 822 2414 936 2466; x_wconf 79' lang='lat' dir='ltr'><strong>etatem</strong></span> <span class='ocrx_word' id='word_1_316' title='bbox 989 2429 1072 2469; x_wconf 91' lang='lat' dir='ltr'><strong>num.</strong></span> <span class='ocrx_word' id='word_1_317' title='bbox 1088 2412 1135 2478; x_wconf 82' lang='lat'><strong>23,</strong></span> <span class='ocrx_word' id='word_1_318' title='bbox 1150 2411 1197 2467; x_wconf 89' lang='lat' dir='ltr'><strong>cni</strong></span> <span class='ocrx_word' id='word_1_319' title='bbox 1213 2415 1242 2466; x_wconf 87' lang='lat' dir='ltr'><strong>et</strong></span> <span class='ocrx_word' id='word_1_320' title='bbox 1257 2410 1340 2466; x_wconf 84' lang='lat' dir='ltr'><strong>Pliilc</strong></span> <span class='ocrx_word' id='word_1_321' title='bbox 1355 2409 1459 2479; x_wconf 80' lang='lat' dir='ltr'><strong>senior,</strong></span> <span class='ocrx_word' id='word_1_322' title='bbox 1489 2404 1584 2461; x_wconf 79' lang='grc' dir='ltr'>Φίλων</span> <span class='ocrx_word' id='word_1_323' title='bbox 1602 2407 1616 2461; x_wconf 80' lang='grc' dir='ltr'>ὁ</span> <span class='ocrx_word' id='word_1_324' title='bbox 1632 2401 1813 2478; x_wconf 65' lang='lat' dir='ltr'><strong>ripariarum&lt;</strong></span> 
     </span>
     <span class='ocr_line' id='line_1_26' title="bbox 114 2479 1814 2563; baseline -0.004 -24"><span class='ocrx_word' id='word_1_325' title='bbox 114 2485 282 2556; x_wconf 80' lang='lat' dir='ltr'><strong>Hieronymi</strong></span> <span class='ocrx_word' id='word_1_326' title='bbox 299 2480 410 2536; x_wconf 89' lang='lat' dir='ltr'><strong>inserta</strong></span> <span class='ocrx_word' id='word_1_327' title='bbox 426 2490 494 2536; x_wconf 87' lang='lat' dir='ltr'><strong>surii</strong></span> <span class='ocrx_word' id='word_1_328' title='bbox 510 2479 654 2536; x_wconf 79' lang='lat' dir='ltr'><strong>Hebraico</strong></span> <span class='ocrx_word' id='word_1_329' title='bbox 669 2481 856 2536; x_wconf 88' lang='lat' dir='ltr'><strong>translationi</strong></span> <span class='ocrx_word' id='word_1_330' title='bbox 874 2496 932 2536; x_wconf 92' lang='lat' dir='ltr'><strong>non</strong></span> <span class='ocrx_word' id='word_1_331' title='bbox 989 2485 1096 2541; x_wconf 89' lang='lat' dir='ltr'><strong>dicitur</strong></span> <span class='ocrx_word' id='word_1_332' title='bbox 1112 2500 1119 2538; x_wconf 92' lang='lat'>:</span> <span class='ocrx_word' id='word_1_333' title='bbox 1135 2483 1254 2539; x_wconf 88' lang='lat' dir='ltr'><strong>tametsi</strong></span> <span class='ocrx_word' id='word_1_334' title='bbox 1269 2498 1337 2537; x_wconf 87' lang='lat' dir='ltr'><strong>eum</strong></span> <span class='ocrx_word' id='word_1_335' title='bbox 1349 2482 1571 2552; x_wconf 90' lang='lat' dir='ltr'><strong>ctbnicum,non</strong></span> <span class='ocrx_word' id='word_1_336' title='bbox 1584 2480 1720 2563; x_wconf 75' lang='lat' dir='ltr'><strong>y&#39;udieum</strong></span> <span class='ocrx_word' id='word_1_337' title='bbox 1733 2483 1814 2550; x_wconf 86' lang='lat' dir='ltr'><strong>puta·</strong></span> 
     </span>
     <span class='ocr_line' id='line_1_27' title="bbox 112 2551 1812 2637; baseline -0.005 -23"><span class='ocrx_word' id='word_1_338' title='bbox 112 2561 222 2610; x_wconf 84' lang='lat' dir='ltr'><strong>temere</strong></span> <span class='ocrx_word' id='word_1_339' title='bbox 237 2557 271 2608; x_wconf 84' lang='lat' dir='ltr'><strong>et</strong></span> <span class='ocrx_word' id='word_1_340' title='bbox 285 2551 451 2608; x_wconf 71' lang='lat' dir='ltr'><strong>heterodoxi</strong></span> <span class='ocrx_word' id='word_1_341' title='bbox 467 2552 673 2620; x_wconf 76' lang='lat' dir='ltr'><strong>criminentur,</strong></span> <span class='ocrx_word' id='word_1_342' title='bbox 689 2553 751 2620; x_wconf 74' lang='lat' dir='ltr'><strong>sed,</strong></span> <span class='ocrx_word' id='word_1_343' title='bbox 767 2554 805 2609; x_wconf 89' lang='lat' dir='ltr'><strong>eb</strong></span> <span class='ocrx_word' id='word_1_344' title='bbox 820 2551 934 2608; x_wconf 79' lang='lat' dir='ltr'><strong>illumi·</strong></span> <span class='ocrx_word' id='word_1_345' title='bbox 990 2573 1022 2613; x_wconf 89' lang='lat' dir='ltr'><strong>se</strong></span> <span class='ocrx_word' id='word_1_346' title='bbox 1037 2556 1182 2623; x_wconf 86' lang='lat' dir='ltr'><strong>videatur,</strong></span> <span class='ocrx_word' id='word_1_347' title='bbox 1199 2554 1276 2637; x_wconf 86' lang='lat' dir='ltr'><strong>quod</strong></span> <span class='ocrx_word' id='word_1_348' title='bbox 1292 2554 1369 2610; x_wconf 88' lang='lat' dir='ltr'><strong>inter</strong></span> <span class='ocrx_word' id='word_1_349' title='bbox 1383 2551 1515 2609; x_wconf 87' lang='lat' dir='ltr'><strong>sthoicus</strong></span> <span class='ocrx_word' id='word_1_350' title='bbox 1537 2555 1700 2623; x_wconf 81' lang='lat' dir='ltr'><strong>scriptores</strong></span> <span class='ocrx_word' id='word_1_351' title='bbox 1715 2565 1812 2607; x_wconf 82' lang='lat' dir='ltr'><strong>recau-</strong></span> 
     </span>
     <span class='ocr_line' id='line_1_28' title="bbox 116 2623 1810 2700; baseline -0.004 -18"><span class='ocrx_word' id='word_1_352' title='bbox 116 2625 266 2682; x_wconf 88' lang='lat' dir='ltr'><strong>nationem</strong></span> <span class='ocrx_word' id='word_1_353' title='bbox 291 2625 457 2694; x_wconf 78' lang='lat' dir='ltr'><strong>sententiis,</strong></span> <span class='ocrx_word' id='word_1_354' title='bbox 483 2624 527 2680; x_wconf 81' lang='lat' dir='ltr'><strong>vel</strong></span> <span class='ocrx_word' id='word_1_355' title='bbox 561 2623 679 2680; x_wconf 87' lang='lat' dir='ltr'><strong>lectoris</strong></span> <span class='ocrx_word' id='word_1_356' title='bbox 704 2624 939 2691; x_wconf 79' lang='lat' dir='ltr'><strong>edificationem,</strong></span> <span class='ocrx_word' id='word_1_357' title='bbox 990 2627 1336 2700; x_wconf 78' lang='lat' dir='ltr'><strong>sast.Apcrtissimevero</strong></span> <span class='ocrx_word' id='word_1_358' title='bbox 1349 2623 1485 2681; x_wconf 82' lang='lat' dir='ltr'><strong>Judaum</strong></span> <span class='ocrx_word' id='word_1_359' title='bbox 1496 2627 1581 2680; x_wconf 83' lang='lat' dir='ltr'><strong>vocat</strong></span> <span class='ocrx_word' id='word_1_360' title='bbox 1594 2623 1810 2697; x_wconf 87' lang='lat' dir='ltr'><strong>Hieronymus:</strong></span> 
     </span>
     <span class='ocr_line' id='line_1_29' title="bbox 112 2692 1813 2771; baseline -0.004 -18"><span class='ocrx_word' id='word_1_361' title='bbox 112 2699 198 2771; x_wconf 79' lang='lat' dir='ltr'><strong>juxta</strong></span> <span class='ocrx_word' id='word_1_362' title='bbox 212 2695 290 2768; x_wconf 86' lang='lat' dir='ltr'><strong>quod</strong></span> <span class='ocrx_word' id='word_1_363' title='bbox 305 2699 431 2752; x_wconf 85' lang='lat' dir='ltr'><strong>testetur</strong></span> <span class='ocrx_word' id='word_1_364' title='bbox 444 2699 549 2751; x_wconf 82' lang='lat' dir='ltr'><strong>auctor</strong></span> <span class='ocrx_word' id='word_1_365' title='bbox 567 2695 739 2767; x_wconf 88' lang='lat' dir='ltr'><strong>hujusmodi</strong></span> <span class='ocrx_word' id='word_1_366' title='bbox 754 2696 940 2753; x_wconf 83' lang='lat' dir='ltr'><strong>additamen·</strong></span> <span class='ocrx_word' id='word_1_367' title='bbox 990 2700 1099 2770; x_wconf 85' lang='lat' dir='ltr'><strong>atejus</strong></span> <span class='ocrx_word' id='word_1_368' title='bbox 1114 2714 1181 2754; x_wconf 89' lang='lat' dir='ltr'><strong>eum</strong></span> <span class='ocrx_word' id='word_1_369' title='bbox 1198 2696 1294 2770; x_wconf 82' lang='lat' dir='ltr'><strong>gentis</strong></span> <span class='ocrx_word' id='word_1_370' title='bbox 1310 2696 1413 2765; x_wconf 87' lang='lat' dir='ltr'><strong>luisse,</strong></span> <span class='ocrx_word' id='word_1_371' title='bbox 1434 2711 1498 2768; x_wconf 81' lang='lat' dir='ltr'><strong>quai</strong></span> <span class='ocrx_word' id='word_1_372' title='bbox 1522 2694 1662 2751; x_wconf 80' lang='lat' dir='ltr'><strong>tractavit</strong></span> <span class='ocrx_word' id='word_1_373' title='bbox 1675 2692 1813 2750; x_wconf 90' lang='lat' dir='ltr'><strong>librorum</strong></span> 
     </span>
     <span class='ocr_line' id='line_1_30' title="bbox 115 2765 1813 2842; baseline -0.003 -17"><span class='ocrx_word' id='word_1_374' title='bbox 115 2767 560 2840; x_wconf 69' lang='lat' dir='ltr'><strong>torumquimoxadeignum</strong></span> <span class='ocrx_word' id='word_1_375' title='bbox 577 2766 665 2840; x_wconf 93' lang='lat' dir='ltr'><strong>primi</strong></span> <span class='ocrx_word' id='word_1_376' title='bbox 695 2765 772 2826; x_wconf 93' lang='lat' dir='ltr'><strong>obeli</strong></span> <span class='ocrx_word' id='word_1_377' title='bbox 791 2773 939 2834; x_wconf 83' lang='lat' dir='ltr'><strong>÷elena·</strong></span> <span class='ocrx_word' id='word_1_378' title='bbox 991 2789 1024 2828; x_wconf 91' lang='lat' dir='ltr'><strong>ar</strong></span> <span class='ocrx_word' id='word_1_379' title='bbox 1046 2774 1165 2827; x_wconf 84' lang='lat' dir='ltr'><strong>umente</strong></span> <span class='ocrx_word' id='word_1_380' title='bbox 1195 2768 1383 2842; x_wconf 86' lang='lat' dir='ltr'><strong>persuadent,</strong></span> <span class='ocrx_word' id='word_1_381' title='bbox 1413 2772 1445 2824; x_wconf 92' lang='lat' dir='ltr'><strong>ut</strong></span> <span class='ocrx_word' id='word_1_382' title='bbox 1472 2769 1518 2824; x_wconf 89' lang='lat' dir='ltr'><strong>ast</strong></span> <span class='ocrx_word' id='word_1_383' title='bbox 1543 2765 1617 2823; x_wconf 91' lang='lat' dir='ltr'><strong>illud</strong></span> <span class='ocrx_word' id='word_1_384' title='bbox 1646 2766 1681 2822; x_wconf 85' lang='lat' dir='ltr'><strong>de</strong></span> <span class='ocrx_word' id='word_1_385' title='bbox 1702 2766 1813 2838; x_wconf 68' lang='lat' dir='ltr'><strong>flacitus</strong></span> 
     </span>
    </p>
   </div>
   <div class='ocr_carea' id='block_1_6' title="bbox 114 2836 1814 3039">
    <p class='ocr_par' dir='ltr' id='par_1_6' title="bbox 114 2836 1814 3039">
     <span class='ocr_line' id='line_1_31' title="bbox 116 2836 1813 2911; baseline -0.003 -14"><span class='ocrx_word' id='word_1_386' title='bbox 116 2840 178 2897; x_wconf 88' lang='lat' dir='ltr'><strong>bris</strong></span> <span class='ocrx_word' id='word_1_387' title='bbox 214 2840 938 2910; x_wconf 85' lang='lat' dir='ltr'><strong>roditurusestinnostrasadnotationesadcap.</strong></span> <span class='ocrx_word' id='word_1_388' title='bbox 989 2845 1005 2902; x_wconf 85' lang='lat' dir='ltr'><strong>l</strong></span> <span class='ocrx_word' id='word_1_389' title='bbox 1068 2858 1157 2911; x_wconf 87' lang='lat' dir='ltr'><strong>urum,</strong></span> <span class='ocrx_word' id='word_1_390' title='bbox 1176 2842 1261 2911; x_wconf 79' lang='lat' dir='ltr'><strong>cuins</strong></span> <span class='ocrx_word' id='word_1_391' title='bbox 1284 2840 1431 2905; x_wconf 82' lang='lat' dir='ltr'><strong>meminit,</strong></span> <span class='ocrx_word' id='word_1_392' title='bbox 1443 2837 1577 2895; x_wconf 89' lang='lat' dir='ltr'><strong>Clemens</strong></span> <span class='ocrx_word' id='word_1_393' title='bbox 1599 2836 1813 2895; x_wconf 79' lang='lat' dir='ltr'><strong>Alexandrinus</strong></span> 
     </span>
     <span class='ocr_line' id='line_1_32' title="bbox 114 2855 1814 3039; baseline -0.003 -71"><span class='ocrx_word' id='word_1_394' title='bbox 114 2928 134 2968; x_wconf 84' lang='lat' dir='ltr'>v</span> <span class='ocrx_word' id='word_1_395' title='bbox 148 2855 238 3039; x_wconf 46' lang='lat' dir='ltr'><strong>biffus</strong></span> <span class='ocrx_word' id='word_1_396' title='bbox 253 2910 401 2967; x_wconf 88' lang='lat' dir='ltr'><strong>editionis.</strong></span> <span class='ocrx_word' id='word_1_397' title='bbox 413 2915 504 2967; x_wconf 84' lang='lat' dir='ltr'><strong>Miar.</strong></span> <span class='ocrx_word' id='word_1_398' title='bbox 991 2916 1022 2971; x_wconf 87' lang='lat' dir='ltr'><strong>in</strong></span> <span class='ocrx_word' id='word_1_399' title='bbox 1038 2915 1136 2986; x_wconf 89' lang='lat' dir='ltr'><strong>primo</strong></span> <span class='ocrx_word' id='word_1_400' title='bbox 1152 2912 1330 2977; x_wconf 85' lang='lat' dir='ltr'><strong>Stromotcm,</strong></span> <span class='ocrx_word' id='word_1_401' title='bbox 1356 2911 1405 2967; x_wconf 92' lang='lat' dir='ltr'><strong>ubi</strong></span> <span class='ocrx_word' id='word_1_402' title='bbox 1418 2915 1448 2964; x_wconf 90' lang='lat' dir='ltr'><strong>ot</strong></span> <span class='ocrx_word' id='word_1_403' title='bbox 1470 2911 1506 2965; x_wconf 90' lang='lat' dir='ltr'><strong>sb</strong></span> <span class='ocrx_word' id='word_1_404' title='bbox 1531 2909 1650 2966; x_wconf 87' lang='lat' dir='ltr'><strong>ethnico</strong></span> <span class='ocrx_word' id='word_1_405' title='bbox 1676 2909 1814 2981; x_wconf 89' lang='lat' dir='ltr'><strong>scriptore</strong></span> 
     </span>
    </p>
   </div>
   <div class='ocr_carea' id='block_1_7' title="bbox 149 2979 1814 3054">
    <p class='ocr_par' dir='ltr' id='par_1_7' title="bbox 149 2979 1814 3054">
     <span class='ocr_line' id='line_1_33' title="bbox 149 2979 1814 3054; baseline -0.002 -16"><span class='ocrx_word' id='word_1_406' title='bbox 149 2985 157 3019; x_wconf 92' lang='lat'><strong>¹</strong></span> <span class='ocrx_word' id='word_1_407' title='bbox 201 2998 239 3038; x_wconf 81' lang='lat' dir='ltr'><strong>ao</strong></span> <span class='ocrx_word' id='word_1_408' title='bbox 254 2981 305 3038; x_wconf 93' lang='lat' dir='ltr'><strong>illa</strong></span> <span class='ocrx_word' id='word_1_409' title='bbox 318 2982 404 3038; x_wconf 92' lang='lat' dir='ltr'><strong>nobis</strong></span> <span class='ocrx_word' id='word_1_410' title='bbox 421 2982 539 3038; x_wconf 88' lang='lat' dir='ltr'><strong>videtur</strong></span> <span class='ocrx_word' id='word_1_411' title='bbox 559 2981 720 3052; x_wconf 76' lang='lat' dir='ltr'><strong>egrotatio,</strong></span> <span class='ocrx_word' id='word_1_412' title='bbox 744 2982 774 3037; x_wconf 92' lang='lat' dir='ltr'><strong>in</strong></span> <span class='ocrx_word' id='word_1_413' title='bbox 801 2996 891 3053; x_wconf 91' lang='lat' dir='ltr'><strong>quam</strong></span> <span class='ocrx_word' id='word_1_414' title='bbox 907 2995 939 3038; x_wconf 87' lang='lat' dir='ltr'><strong>se</strong></span> <span class='ocrx_word' id='word_1_415' title='bbox 991 2986 1139 3044; x_wconf 86' lang='lat' dir='ltr'><strong>Demetrio</strong></span> <span class='ocrx_word' id='word_1_416' title='bbox 1163 2983 1304 3040; x_wconf 85' lang='lat' dir='ltr'><strong>Phalereo</strong></span> <span class='ocrx_word' id='word_1_417' title='bbox 1328 2983 1357 3039; x_wconf 91' lang='lat' dir='ltr'><strong>in</strong></span> <span class='ocrx_word' id='word_1_418' title='bbox 1394 2980 1445 3038; x_wconf 93' lang='lat' dir='ltr'><strong>illa</strong></span> <span class='ocrx_word' id='word_1_419' title='bbox 1478 2981 1684 3054; x_wconf 80' lang='lat' dir='ltr'><strong>consignanda</strong></span> <span class='ocrx_word' id='word_1_420' title='bbox 1714 2979 1814 3036; x_wconf 89' lang='lat' dir='ltr'><strong>littaris</strong></span> 
     </span>
    </p>
   </div>
   <div class='ocr_carea' id='block_1_8' title="bbox 19 3051 1811 3138">
    <p class='ocr_par' dir='ltr' id='par_1_8' title="bbox 19 3051 1811 3138">
     <span class='ocr_line' id='line_1_34' title="bbox 19 3051 1811 3138; baseline -0.007 -20"><span class='ocrx_word' id='word_1_421' title='bbox 19 3113 22 3118; x_wconf 90' lang='lat'>.</span> <span class='ocrx_word' id='word_1_422' title='bbox 117 3055 251 3138; x_wconf 79' lang='lat' dir='ltr'><strong>queritur</strong></span> <span class='ocrx_word' id='word_1_423' title='bbox 265 3053 406 3110; x_wconf 74' lang='lat' dir='ltr'><strong>incidisse</strong></span> <span class='ocrx_word' id='word_1_424' title='bbox 416 3051 672 3125; x_wconf 71' lang='lat' dir='ltr'><strong>armaspisioia</strong></span> <span class='ocrx_word' id='word_1_425' title='bbox 682 3053 712 3108; x_wconf 87' lang='lat' dir='ltr'><strong>in</strong></span> <span class='ocrx_word' id='word_1_426' title='bbox 728 3057 828 3109; x_wconf 76' lang='lat' dir='ltr'><strong>nostre</strong></span> <span class='ocrx_word' id='word_1_427' title='bbox 838 3068 937 3109; x_wconf 84' lang='lat' dir='ltr'><strong>recen·</strong></span> <span class='ocrx_word' id='word_1_428' title='bbox 953 3063 975 3131; x_wconf 83' lang='lat' dir='ltr'><strong>c</strong></span> <span class='ocrx_word' id='word_1_429' title='bbox 991 3055 1217 3124; x_wconf 71' lang='lat' dir='ltr'><strong>circumuenit</strong></span> <span class='ocrx_word' id='word_1_430' title='bbox 1231 3071 1298 3111; x_wconf 83' lang='lat' dir='ltr'><strong>eum</strong></span> <span class='ocrx_word' id='word_1_431' title='bbox 1315 3053 1431 3126; x_wconf 75' lang='lat' dir='ltr'><strong>longua</strong></span> <span class='ocrx_word' id='word_1_432' title='bbox 1446 3052 1697 3110; x_wconf 73' lang='lat' dir='ltr'><strong>saturissaporro</strong></span> <span class='ocrx_word' id='word_1_433' title='bbox 1708 3051 1811 3107; x_wconf 83' lang='lat' dir='ltr'><strong>tibrum</strong></span> 
     </span>
    </p>
   </div>
   <div class='ocr_carea' id='block_1_9' title="bbox 117 3123 1812 3562">
    <p class='ocr_par' dir='ltr' id='par_1_9' title="bbox 117 3123 1812 3485">
     <span class='ocr_line' id='line_1_35' title="bbox 119 3123 1811 3202; baseline -0.006 -13"><span class='ocrx_word' id='word_1_434' title='bbox 119 3142 203 3183; x_wconf 80' lang='lat' dir='ltr'><strong>sione</strong></span> <span class='ocrx_word' id='word_1_435' title='bbox 219 3125 318 3195; x_wconf 70' lang='lat' dir='ltr'><strong>ittet</strong></span> <span class='ocrx_word' id='word_1_436' title='bbox 332 3140 437 3197; x_wconf 78' lang='lat' dir='ltr'><strong>exque</strong></span> <span class='ocrx_word' id='word_1_437' title='bbox 452 3141 510 3180; x_wconf 83' lang='lat' dir='ltr'><strong>uon</strong></span> <span class='ocrx_word' id='word_1_438' title='bbox 525 3124 567 3180; x_wconf 83' lang='lat' dir='ltr'><strong>iia</strong></span> <span class='ocrx_word' id='word_1_439' title='bbox 581 3123 695 3196; x_wconf 80' lang='lat' dir='ltr'><strong>pridem</strong></span> <span class='ocrx_word' id='word_1_440' title='bbox 710 3124 938 3181; x_wconf 74' lang='lat' dir='ltr'><strong>convaluissem</strong></span> <span class='ocrx_word' id='word_1_441' title='bbox 991 3130 1149 3202; x_wconf 77' lang='lat' dir='ltr'><strong>Sapientia</strong></span> <span class='ocrx_word' id='word_1_442' title='bbox 1164 3129 1200 3184; x_wconf 82' lang='lat' dir='ltr'><strong>ao</strong></span> <span class='ocrx_word' id='word_1_443' title='bbox 1212 3127 1328 3184; x_wconf 79' lang='lat' dir='ltr'><strong>seniora</strong></span> <span class='ocrx_word' id='word_1_444' title='bbox 1343 3127 1400 3183; x_wconf 85' lang='lat' dir='ltr'><strong>isto</strong></span> <span class='ocrx_word' id='word_1_445' title='bbox 1415 3125 1699 3182; x_wconf 80' lang='lat' dir='ltr'><strong>Philoneexsrsium</strong></span> <span class='ocrx_word' id='word_1_446' title='bbox 1715 3124 1811 3188; x_wconf 71' lang='lat' dir='ltr'><strong>suisa,</strong></span> 
     </span>
     <span class='ocr_line' id='line_1_36' title="bbox 120 3194 1812 3274; baseline -0.002 -20"><span class='ocrx_word' id='word_1_447' title='bbox 120 3196 232 3254; x_wconf 89' lang='lat' dir='ltr'><strong>indicat</strong></span> <span class='ocrx_word' id='word_1_448' title='bbox 242 3195 271 3250; x_wconf 91' lang='lat' dir='ltr'><strong>in</strong></span> <span class='ocrx_word' id='word_1_449' title='bbox 285 3194 402 3268; x_wconf 65' lang='lat' dir='ltr'><strong>prologo</strong></span> <span class='ocrx_word' id='word_1_450' title='bbox 412 3196 449 3252; x_wconf 89' lang='lat' dir='ltr'><strong>ad</strong></span> <span class='ocrx_word' id='word_1_451' title='bbox 460 3194 580 3252; x_wconf 86' lang='lat' dir='ltr'><strong>tortium</strong></span> <span class='ocrx_word' id='word_1_452' title='bbox 592 3195 702 3252; x_wconf 86' lang='lat' dir='ltr'><strong>librum</strong></span> <span class='ocrx_word' id='word_1_453' title='bbox 711 3196 938 3254; x_wconf 85' lang='lat' dir='ltr'><strong>Commentario·</strong></span> <span class='ocrx_word' id='word_1_454' title='bbox 991 3202 1070 3274; x_wconf 86' lang='lat' dir='ltr'><strong>quod</strong></span> <span class='ocrx_word' id='word_1_455' title='bbox 1085 3199 1127 3256; x_wconf 85' lang='lat' dir='ltr'><strong>ait</strong></span> <span class='ocrx_word' id='word_1_456' title='bbox 1141 3199 1347 3272; x_wconf 72' lang='lat' dir='ltr'><strong>Hieronymus,</strong></span> <span class='ocrx_word' id='word_1_457' title='bbox 1366 3196 1523 3255; x_wconf 91' lang='lat' dir='ltr'><strong>nonnullos</strong></span> <span class='ocrx_word' id='word_1_458' title='bbox 1547 3198 1731 3270; x_wconf 89' lang='lat' dir='ltr'><strong>scriptorum</strong></span> <span class='ocrx_word' id='word_1_459' title='bbox 1746 3199 1812 3251; x_wconf 82' lang='lat' dir='ltr'><strong>vete·</strong></span> 
     </span>
     <span class='ocr_line' id='line_1_37' title="bbox 120 3266 1812 3344; baseline -0.003 -19"><span class='ocrx_word' id='word_1_460' title='bbox 120 3285 186 3325; x_wconf 89' lang='lat' dir='ltr'><strong>runi</strong></span> <span class='ocrx_word' id='word_1_461' title='bbox 202 3268 232 3323; x_wconf 92' lang='lat' dir='ltr'><strong>in</strong></span> <span class='ocrx_word' id='word_1_462' title='bbox 246 3272 348 3325; x_wconf 76' lang='lat' dir='ltr'><strong>Amos.</strong></span> <span class='ocrx_word' id='word_1_463' title='bbox 364 3267 491 3325; x_wconf 83' lang='lat' dir='ltr'><strong>Verbum</strong></span> <span class='ocrx_word' id='word_1_464' title='bbox 507 3267 567 3322; x_wconf 83' lang='lat' dir='ltr'><strong>bac</strong></span> <span class='ocrx_word' id='word_1_465' title='bbox 582 3267 678 3324; x_wconf 84' lang='lat' dir='ltr'><strong>fusius</strong></span> <span class='ocrx_word' id='word_1_466' title='bbox 692 3267 723 3324; x_wconf 92' lang='lat' dir='ltr'><strong>in</strong></span> <span class='ocrx_word' id='word_1_467' title='bbox 744 3267 939 3339; x_wconf 81' lang='lat' dir='ltr'><strong>prallxabuio</strong></span> <span class='ocrx_word' id='word_1_468' title='bbox 989 3289 1056 3330; x_wconf 87' lang='lat' dir='ltr'><strong>rum</strong></span> <span class='ocrx_word' id='word_1_469' title='bbox 1073 3272 1308 3344; x_wconf 68' lang='lat' dir='ltr'><strong>praesuminus</strong></span> <span class='ocrx_word' id='word_1_470' title='bbox 1321 3268 1553 3334; x_wconf 86' lang='lat' dir='ltr'><strong>astverosimils,</strong></span> <span class='ocrx_word' id='word_1_471' title='bbox 1569 3284 1663 3342; x_wconf 87' lang='lat' dir='ltr'><strong>quani</strong></span> <span class='ocrx_word' id='word_1_472' title='bbox 1678 3267 1757 3340; x_wconf 90' lang='lat' dir='ltr'><strong>quod</strong></span> <span class='ocrx_word' id='word_1_473' title='bbox 1768 3266 1812 3321; x_wconf 85' lang='lat' dir='ltr'><strong>bs·</strong></span> 
     </span>
     <span class='ocr_line' id='line_1_38' title="bbox 121 3337 1809 3425; baseline 0.001 -31"><span class='ocrx_word' id='word_1_474' title='bbox 121 3344 201 3396; x_wconf 91' lang='lat' dir='ltr'><strong>tomo</strong></span> <span class='ocrx_word' id='word_1_475' title='bbox 215 3338 395 3411; x_wconf 74' lang='lat' dir='ltr'><strong>prelatione,</strong></span> <span class='ocrx_word' id='word_1_476' title='bbox 411 3355 503 3410; x_wconf 87' lang='lat' dir='ltr'><strong>eoque</strong></span> <span class='ocrx_word' id='word_1_477' title='bbox 518 3337 698 3395; x_wconf 89' lang='lat' dir='ltr'><strong>luculentius</strong></span> <span class='ocrx_word' id='word_1_478' title='bbox 714 3339 744 3395; x_wconf 91' lang='lat' dir='ltr'><strong>in</strong></span> <span class='ocrx_word' id='word_1_479' title='bbox 760 3340 789 3397; x_wconf 89' lang='lat' dir='ltr'><strong>S.</strong></span> <span class='ocrx_word' id='word_1_480' title='bbox 806 3340 939 3395; x_wconf 86' lang='lat' dir='ltr'><strong>Doctoris</strong></span> <span class='ocrx_word' id='word_1_481' title='bbox 990 3345 1040 3404; x_wconf 79' lang='lat' dir='ltr'><strong>bat</strong></span> <span class='ocrx_word' id='word_1_482' title='bbox 1054 3346 1139 3407; x_wconf 70' lang='lat' dir='ltr'><strong>vulno</strong></span> <span class='ocrx_word' id='word_1_483' title='bbox 1155 3347 1271 3425; x_wconf 87' lang='lat' dir='ltr'><strong>recepta</strong></span> <span class='ocrx_word' id='word_1_484' title='bbox 1286 3340 1524 3404; x_wconf 87' lang='lat' dir='ltr'><strong>sententia,oolle</strong></span> <span class='ocrx_word' id='word_1_485' title='bbox 1547 3340 1605 3396; x_wconf 90' lang='lat' dir='ltr'><strong>&#39;sse</strong></span> <span class='ocrx_word' id='word_1_486' title='bbox 1621 3356 1691 3396; x_wconf 92' lang='lat' dir='ltr'><strong>eum</strong></span> <span class='ocrx_word' id='word_1_487' title='bbox 1701 3343 1809 3395; x_wconf 82' lang='lat' dir='ltr'><strong>tantun</strong></span> 
     </span>
     <span class='ocr_line' id='line_1_39' title="bbox 117 3410 1809 3485; baseline -0.011 -2"><span class='ocrx_word' id='word_1_488' title='bbox 117 3410 187 3466; x_wconf 59' lang='lat' dir='ltr'><strong>Vll&amp;</strong></span> <span class='ocrx_word' id='word_1_489' title='bbox 203 3425 426 3482; x_wconf 71' lang='lat' dir='ltr'><strong>ltt⁰⁸0tlt¹⁰mt¹t=</strong></span> <span class='ocrx_word' id='word_1_490' title='bbox 989 3421 1021 3474; x_wconf 89' lang='lat' dir='ltr'><strong>st</strong></span> <span class='ocrx_word' id='word_1_491' title='bbox 1045 3430 1080 3471; x_wconf 89' lang='lat' dir='ltr'><strong>uo</strong></span> <span class='ocrx_word' id='word_1_492' title='bbox 1095 3414 1295 3485; x_wconf 83' lang='lat' dir='ltr'><strong>descripsisse,</strong></span> <span class='ocrx_word' id='word_1_493' title='bbox 1311 3414 1372 3470; x_wconf 86' lang='lat' dir='ltr'><strong>sira</strong></span> <span class='ocrx_word' id='word_1_494' title='bbox 1388 3413 1508 3468; x_wconf 89' lang='lat' dir='ltr'><strong>tandein</strong></span> <span class='ocrx_word' id='word_1_495' title='bbox 1538 3412 1659 3467; x_wconf 88' lang='lat' dir='ltr'><strong>iberiori</strong></span> <span class='ocrx_word' id='word_1_496' title='bbox 1674 3412 1809 3483; x_wconf 80' lang='lat' dir='ltr'><strong>interpre-</strong></span> 
     </span>
    </p>

    <p class='ocr_par' dir='ltr' id='par_1_10' title="bbox 154 3479 1808 3562">
     <span class='ocr_line' id='line_1_40' title="bbox 154 3479 1808 3562; baseline 0.001 -28"><span class='ocrx_word' id='word_1_497' title='bbox 154 3481 165 3516; x_wconf 82' lang='lat'><strong>¹</strong></span> <span class='ocrx_word' id='word_1_498' title='bbox 181 3481 315 3537; x_wconf 85' lang='lat' dir='ltr'><strong>Diximus</strong></span> <span class='ocrx_word' id='word_1_499' title='bbox 330 3480 383 3536; x_wconf 91' lang='lat' dir='ltr'><strong>bac</strong></span> <span class='ocrx_word' id='word_1_500' title='bbox 398 3479 570 3535; x_wconf 90' lang='lat' dir='ltr'><strong>delectione</strong></span> <span class='ocrx_word' id='word_1_501' title='bbox 585 3479 721 3562; x_wconf 86' lang='lat' dir='ltr'><strong>superius</strong></span> <span class='ocrx_word' id='word_1_502' title='bbox 737 3480 773 3536; x_wconf 88' lang='lat' dir='ltr'><strong>ad</strong></span> <span class='ocrx_word' id='word_1_503' title='bbox 785 3480 938 3553; x_wconf 81' lang='lat' dir='ltr'><strong>prologum</strong></span> <span class='ocrx_word' id='word_1_504' title='bbox 989 3493 1102 3545; x_wconf 84' lang='lat' dir='ltr'><strong>tatione</strong></span> <span class='ocrx_word' id='word_1_505' title='bbox 1118 3501 1186 3542; x_wconf 90' lang='lat' dir='ltr'><strong>eum</strong></span> <span class='ocrx_word' id='word_1_506' title='bbox 1203 3484 1271 3541; x_wconf 91' lang='lat' dir='ltr'><strong>libri</strong></span> <span class='ocrx_word' id='word_1_507' title='bbox 1285 3485 1465 3556; x_wconf 83' lang='lat' dir='ltr'><strong>exposuisse,</strong></span> <span class='ocrx_word' id='word_1_508' title='bbox 1482 3484 1559 3556; x_wconf 87' lang='lat' dir='ltr'><strong>quod</strong></span> <span class='ocrx_word' id='word_1_509' title='bbox 1585 3483 1696 3540; x_wconf 84' lang='lat' dir='ltr'><strong>Huctio</strong></span> <span class='ocrx_word' id='word_1_510' title='bbox 1712 3482 1808 3556; x_wconf 83' lang='lat' dir='ltr'><strong>placet.</strong></span> 
     </span>
    </p>
   </div>
   <div class='ocr_carea' id='block_1_10' title="bbox 118 3551 1811 4201">
    <p class='ocr_par' dir='ltr' id='par_1_11' title="bbox 118 3551 1811 4201">
     <span class='ocr_line' id='line_1_41' title="bbox 118 3551 1809 3646; baseline 0.003 -38"><span class='ocrx_word' id='word_1_511' title='bbox 118 3551 269 3608; x_wconf 88' lang='lat' dir='ltr'><strong>Galeatum</strong></span> <span class='ocrx_word' id='word_1_512' title='bbox 287 3569 294 3607; x_wconf 73' lang='grc' dir='ltr'><strong><em>ε</em></strong></span> <span class='ocrx_word' id='word_1_513' title='bbox 313 3566 382 3607; x_wconf 89' lang='lat' dir='ltr'><strong>iiam</strong></span> <span class='ocrx_word' id='word_1_514' title='bbox 395 3552 472 3622; x_wconf 92' lang='lat' dir='ltr'><strong>quod</strong></span> <span class='ocrx_word' id='word_1_515' title='bbox 482 3551 687 3607; x_wconf 82' lang='lat' dir='ltr'><strong>terminatione</strong></span> <span class='ocrx_word' id='word_1_516' title='bbox 697 3551 940 3621; x_wconf 63' lang='lat' dir='ltr'><strong>utiturIeminina</strong></span> <span class='ocrx_word' id='word_1_517' title='bbox 1027 3575 1162 3634; x_wconf 75' lang='lat' dir='ltr'><strong>&#39;Videris</strong></span> <span class='ocrx_word' id='word_1_518' title='bbox 1177 3590 1240 3646; x_wconf 54' lang='lat' dir='ltr'><strong>qum</strong></span> <span class='ocrx_word' id='word_1_519' title='bbox 1256 3574 1309 3630; x_wconf 58' lang='lat' dir='ltr'><strong>ha,</strong></span> <span class='ocrx_word' id='word_1_520' title='bbox 1319 3574 1355 3630; x_wconf 60' lang='lat' dir='ltr'><strong>de</strong></span> <span class='ocrx_word' id='word_1_521' title='bbox 1369 3590 1400 3631; x_wconf 55' lang='grc' dir='ltr'><strong>ΓΘ</strong></span> <span class='ocrx_word' id='word_1_522' title='bbox 1410 3571 1495 3629; x_wconf 63' lang='lat' dir='ltr'>nobi„</span> <span class='ocrx_word' id='word_1_523' title='bbox 1506 3573 1541 3628; x_wconf 61' lang='lat' dir='ltr'><strong>ad</strong></span> <span class='ocrx_word' id='word_1_524' title='bbox 1556 3571 1713 3645; x_wconf 59' lang='lat' dir='ltr'><strong>prologum</strong></span> <span class='ocrx_word' id='word_1_525' title='bbox 1724 3571 1809 3644; x_wconf 54' lang='lat'><strong>3310,-</strong></span> 
     </span>
     <span class='ocr_line' id='line_1_42' title="bbox 119 3622 1253 3705; baseline 0.003 -27"><span class='ocrx_word' id='word_1_526' title='bbox 119 3640 186 3680; x_wconf 88' lang='lat' dir='ltr'><strong>cum</strong></span> <span class='ocrx_word' id='word_1_527' title='bbox 202 3622 395 3694; x_wconf 76' lang='lat' dir='ltr'><strong>inscriptura</strong></span> <span class='ocrx_word' id='word_1_528' title='bbox 410 3637 516 3678; x_wconf 87' lang='lat' dir='ltr'><strong>nomen</strong></span> <span class='ocrx_word' id='word_1_529' title='bbox 532 3623 610 3678; x_wconf 85' lang='lat' dir='ltr'><strong>istud</strong></span> <span class='ocrx_word' id='word_1_530' title='bbox 626 3635 697 3685; x_wconf 68' lang='lat' dir='ltr'><strong>ini:</strong></span> <span class='ocrx_word' id='word_1_531' title='bbox 721 3623 877 3680; x_wconf 88' lang='lat' dir='ltr'><strong>masculini</strong></span> <span class='ocrx_word' id='word_1_532' title='bbox 890 3640 940 3697; x_wconf 85' lang='lat' dir='ltr'><strong>ge·</strong></span> <span class='ocrx_word' id='word_1_533' title='bbox 991 3652 1056 3705; x_wconf 59' lang='lat' dir='ltr'><strong>pum</strong></span> <span class='ocrx_word' id='word_1_534' title='bbox 1072 3650 1253 3703; x_wconf 54' lang='lat' dir='ltr'><strong>„0132”tu</strong></span> 
     </span>
     <span class='ocr_line' id='line_1_43' title="bbox 119 3688 1809 3792; baseline 0.003 -40"><span class='ocrx_word' id='word_1_535' title='bbox 119 3696 199 3752; x_wconf 85' lang='lat' dir='ltr'><strong>neris</strong></span> <span class='ocrx_word' id='word_1_536' title='bbox 214 3694 355 3753; x_wconf 91' lang='lat' dir='ltr'><strong>continuo</strong></span> <span class='ocrx_word' id='word_1_537' title='bbox 370 3694 419 3764; x_wconf 78' lang='lat' dir='ltr'><strong>sit,</strong></span> <span class='ocrx_word' id='word_1_538' title='bbox 434 3699 521 3767; x_wconf 87' lang='lat' dir='ltr'><strong>atque</strong></span> <span class='ocrx_word' id='word_1_539' title='bbox 535 3695 607 3751; x_wconf 89' lang='lat' dir='ltr'><strong>adeo</strong></span> <span class='ocrx_word' id='word_1_540' title='bbox 631 3694 694 3767; x_wconf 92' lang='lat' dir='ltr'><strong>ipse</strong></span> <span class='ocrx_word' id='word_1_541' title='bbox 707 3693 776 3751; x_wconf 92' lang='lat' dir='ltr'><strong>libri</strong></span> <span class='ocrx_word' id='word_1_542' title='bbox 791 3694 896 3752; x_wconf 88' lang='lat' dir='ltr'><strong>titulus</strong></span> <span class='ocrx_word' id='word_1_543' title='bbox 910 3695 940 3752; x_wconf 92' lang='lat' dir='ltr'><strong>iii</strong></span> <span class='ocrx_word' id='word_1_544' title='bbox 1027 3721 1039 3755; x_wconf 84' lang='lat' dir='ltr'><strong>s</strong></span> <span class='ocrx_word' id='word_1_545' title='bbox 1054 3719 1149 3789; x_wconf 62' lang='lat' dir='ltr'><strong>Hujus</strong></span> <span class='ocrx_word' id='word_1_546' title='bbox 1160 3688 1313 3792; x_wconf 60' lang='lat' dir='ltr'><strong>„pcogfflyffi</strong></span> <span class='ocrx_word' id='word_1_547' title='bbox 1323 3716 1358 3772; x_wconf 56' lang='lat' dir='ltr'><strong>,d</strong></span> <span class='ocrx_word' id='word_1_548' title='bbox 1372 3716 1503 3772; x_wconf 58' lang='lat' dir='ltr'><strong>amum</strong></span> <span class='ocrx_word' id='word_1_549' title='bbox 1518 3713 1661 3771; x_wconf 58' lang='lat' dir='ltr'><strong>editioni„</strong></span> <span class='ocrx_word' id='word_1_550' title='bbox 1675 3713 1809 3771; x_wconf 59' lang='lat' dir='ltr'><strong>libyorum</strong></span> 
     </span>
     <span class='ocr_line' id='line_1_44' title="bbox 120 3769 1810 3859; baseline -0.005 -12"><span class='ocrx_word' id='word_1_551' title='bbox 120 3788 210 3855; x_wconf 71' lang='lat' dir='ltr'><strong>stetu,</strong></span> <span class='ocrx_word' id='word_1_552' title='bbox 226 3788 388 3855; x_wconf 67' lang='lat' dir='ltr'><strong>elioenai,</strong></span> <span class='ocrx_word' id='word_1_553' title='bbox 404 3788 571 3840; x_wconf 88' lang='lat' dir='ltr'><strong>constructo</strong></span> <span class='ocrx_word' id='word_1_554' title='bbox 590 3783 663 3841; x_wconf 80' lang='lat' dir='ltr'><strong>ieret</strong></span> <span class='ocrx_word' id='word_1_555' title='bbox 684 3769 778 3847; x_wconf 67' lang='lat' dir='ltr'><strong>unic</strong></span> <span class='ocrx_word' id='word_1_556' title='bbox 796 3770 878 3847; x_wconf 51' lang='lat' dir='ltr'><strong>tietb</strong></span> <span class='ocrx_word' id='word_1_557' title='bbox 894 3786 941 3842; x_wconf 82' lang='lat' dir='ltr'><strong>ie·</strong></span> <span class='ocrx_word' id='word_1_558' title='bbox 993 3788 1159 3847; x_wconf 85' lang='lat' dir='ltr'><strong>Salomonis</strong></span> <span class='ocrx_word' id='word_1_559' title='bbox 1183 3789 1224 3845; x_wconf 90' lang='lat' dir='ltr'><strong>nil</strong></span> <span class='ocrx_word' id='word_1_560' title='bbox 1253 3787 1339 3845; x_wconf 88' lang='lat' dir='ltr'><strong>bodie</strong></span> <span class='ocrx_word' id='word_1_561' title='bbox 1366 3796 1509 3859; x_wconf 87' lang='lat' dir='ltr'><strong>superesi,</strong></span> <span class='ocrx_word' id='word_1_562' title='bbox 1537 3786 1596 3843; x_wconf 92' lang='lat' dir='ltr'><strong>nisi</strong></span> <span class='ocrx_word' id='word_1_563' title='bbox 1621 3786 1763 3859; x_wconf 81' lang='lat' dir='ltr'><strong>prologus</strong></span> <span class='ocrx_word' id='word_1_564' title='bbox 1781 3783 1810 3839; x_wconf 86' lang='lat' dir='ltr'><strong>sd</strong></span> 
     </span>
     <span class='ocr_line' id='line_1_45' title="bbox 119 3855 1810 3931; baseline -0.002 -19"><span class='ocrx_word' id='word_1_565' title='bbox 119 3862 200 3913; x_wconf 90' lang='lat' dir='ltr'><strong>ctum</strong></span> <span class='ocrx_word' id='word_1_566' title='bbox 216 3857 330 3913; x_wconf 88' lang='lat' dir='ltr'><strong>videtur</strong></span> <span class='ocrx_word' id='word_1_567' title='bbox 342 3871 376 3911; x_wconf 87' lang='lat' dir='ltr'><strong>ex</strong></span> <span class='ocrx_word' id='word_1_568' title='bbox 389 3855 580 3911; x_wconf 84' lang='lat' dir='ltr'><strong>rabbinorum</strong></span> <span class='ocrx_word' id='word_1_569' title='bbox 591 3872 718 3922; x_wconf 88' lang='lat' dir='ltr'><strong>more,ac</strong></span> <span class='ocrx_word' id='word_1_570' title='bbox 729 3857 816 3930; x_wconf 79' lang='lat' dir='ltr'><strong>vulgo</strong></span> <span class='ocrx_word' id='word_1_571' title='bbox 827 3862 943 3930; x_wconf 89' lang='lat' dir='ltr'><strong>recepta</strong></span> <span class='ocrx_word' id='word_1_572' title='bbox 994 3860 1116 3917; x_wconf 89' lang='lat' dir='ltr'><strong>Paulam</strong></span> <span class='ocrx_word' id='word_1_573' title='bbox 1143 3864 1172 3916; x_wconf 91' lang='lat' dir='ltr'><strong>et</strong></span> <span class='ocrx_word' id='word_1_574' title='bbox 1195 3858 1397 3927; x_wconf 77' lang='lat' dir='ltr'><strong>Eustochium,</strong></span> <span class='ocrx_word' id='word_1_575' title='bbox 1424 3874 1476 3915; x_wconf 91' lang='lat' dir='ltr'><strong>sen</strong></span> <span class='ocrx_word' id='word_1_576' title='bbox 1504 3860 1603 3930; x_wconf 88' lang='lat' dir='ltr'><strong>potius</strong></span> <span class='ocrx_word' id='word_1_577' title='bbox 1628 3857 1742 3931; x_wconf 80' lang='lat' dir='ltr'><strong>prologi</strong></span> <span class='ocrx_word' id='word_1_578' title='bbox 1757 3855 1810 3928; x_wconf 86' lang='lat' dir='ltr'><strong>cjns</strong></span> 
     </span>
     <span class='ocr_line' id='line_1_46' title="bbox 120 3927 1811 4057; baseline -0.001 -73"><span class='ocrx_word' id='word_1_579' title='bbox 120 3930 183 4011; x_wconf 74' lang='lat' dir='ltr'><strong>jani</strong></span> <span class='ocrx_word' id='word_1_580' title='bbox 198 3928 267 3984; x_wconf 88' lang='lat' dir='ltr'><strong>inda</strong></span> <span class='ocrx_word' id='word_1_581' title='bbox 281 3928 318 3981; x_wconf 81' lang='lat' dir='ltr'><strong>iili</strong></span> <span class='ocrx_word' id='word_1_582' title='bbox 329 3927 497 4000; x_wconf 82' lang='lat' dir='ltr'><strong>Hieronymi</strong></span> <span class='ocrx_word' id='word_1_583' title='bbox 513 3929 655 3999; x_wconf 79' lang='lat' dir='ltr'><strong>aevo,ejus</strong></span> <span class='ocrx_word' id='word_1_584' title='bbox 667 3928 794 3986; x_wconf 90' lang='lat' dir='ltr'><strong>numinis</strong></span> <span class='ocrx_word' id='word_1_585' title='bbox 805 3928 943 3986; x_wconf 80' lang='lat' dir='ltr'><strong>alterandi</strong></span> <span class='ocrx_word' id='word_1_586' title='bbox 995 3931 1347 4015; x_wconf 72' lang='lat' dir='ltr'><strong>fragmentumquodsuo</strong></span> <span class='ocrx_word' id='word_1_587' title='bbox 1356 3929 1618 4057; x_wconf 50' lang='lat' dir='ltr'><strong>locosuliseiiuenti</strong></span> <span class='ocrx_word' id='word_1_588' title='bbox 1629 3934 1712 3986; x_wconf 90' lang='lat' dir='ltr'><strong>tonio</strong></span> <span class='ocrx_word' id='word_1_589' title='bbox 1723 3944 1811 3985; x_wconf 86' lang='lat' dir='ltr'><strong>recen·</strong></span> 
     </span>
     <span class='ocr_line' id='line_1_47' title="bbox 122 4002 1513 4075; baseline 0.001 -19"><span class='ocrx_word' id='word_1_590' title='bbox 122 4004 235 4056; x_wconf 89' lang='lat' dir='ltr'><strong>ratione</strong></span> <span class='ocrx_word' id='word_1_591' title='bbox 250 4003 280 4054; x_wconf 90' lang='lat' dir='ltr'><strong>at</strong></span> <span class='ocrx_word' id='word_1_592' title='bbox 303 4015 338 4055; x_wconf 89' lang='lat' dir='ltr'><strong>ue</strong></span> <span class='ocrx_word' id='word_1_593' title='bbox 353 4016 419 4054; x_wconf 91' lang='lat' dir='ltr'><strong>usu.</strong></span> <span class='ocrx_word' id='word_1_594' title='bbox 997 4005 1283 4061; x_wconf 78' lang='lat' dir='ltr'><strong>cabimoatlaeterum</strong></span> <span class='ocrx_word' id='word_1_595' title='bbox 1293 4002 1368 4060; x_wconf 89' lang='lat' dir='ltr'><strong>lianc</strong></span> <span class='ocrx_word' id='word_1_596' title='bbox 1378 4003 1513 4075; x_wconf 81' lang='lat' dir='ltr'><strong>ipsamcx</strong></span> 
     </span>
     <span class='ocr_line' id='line_1_48' title="bbox 154 4016 1811 4201; baseline -0.002 -73"><span class='ocrx_word' id='word_1_597' title='bbox 154 4016 945 4145; x_wconf 62' lang='lat' dir='ltr'><strong>’Haiimiegsrsqainpmqui&#39;msiveperciperentur</strong></span> <span class='ocrx_word' id='word_1_598' title='bbox 997 4092 1088 4147; x_wconf 86' lang='lat' dir='ltr'><strong>quam</strong></span> <span class='ocrx_word' id='word_1_599' title='bbox 1122 4075 1309 4144; x_wconf 83' lang='lat' dir='ltr'><strong>excudimus,</strong></span> <span class='ocrx_word' id='word_1_600' title='bbox 1340 4074 1551 4201; x_wconf 55' lang='lat' dir='ltr'><strong>Hieronymum</strong></span> <span class='ocrx_word' id='word_1_601' title='bbox 1587 4077 1742 4130; x_wconf 82' lang='lat' dir='ltr'><strong>auctorem</strong></span> <span class='ocrx_word' id='word_1_602' title='bbox 1765 4086 1811 4128; x_wconf 91' lang='lat' dir='ltr'><strong>non</strong></span> 
     </span>
    </p>
   </div>
   <div class='ocr_carea' id='block_1_11' title="bbox 126 4145 1811 4301">
    <p class='ocr_par' dir='ltr' id='par_1_12' title="bbox 126 4145 1811 4301">
     <span class='ocr_line' id='line_1_49' title="bbox 126 4145 1811 4219; baseline -0.001 -20"><span class='ocrx_word' id='word_1_603' title='bbox 126 4146 182 4199; x_wconf 87' lang='lat' dir='ltr'><strong>sto.</strong></span> <span class='ocrx_word' id='word_1_604' title='bbox 996 4147 1115 4215; x_wconf 89' lang='lat' dir='ltr'><strong>habere,</strong></span> <span class='ocrx_word' id='word_1_605' title='bbox 1129 4146 1208 4219; x_wconf 87' lang='lat' dir='ltr'><strong>quod</strong></span> <span class='ocrx_word' id='word_1_606' title='bbox 1224 4146 1390 4204; x_wconf 83' lang='lat' dir='ltr'><strong>Gracorum</strong></span> <span class='ocrx_word' id='word_1_607' title='bbox 1406 4147 1441 4202; x_wconf 93' lang='lat' dir='ltr'><strong>ad</strong></span> <span class='ocrx_word' id='word_1_608' title='bbox 1466 4145 1618 4201; x_wconf 90' lang='lat' dir='ltr'><strong>itamentis</strong></span> <span class='ocrx_word' id='word_1_609' title='bbox 1641 4161 1700 4202; x_wconf 93' lang='lat' dir='ltr'><strong>non</strong></span> <span class='ocrx_word' id='word_1_610' title='bbox 1716 4147 1811 4201; x_wconf 86' lang='lat' dir='ltr'><strong>careat.</strong></span> 
     </span>
     <span class='ocr_line' id='line_1_50' title="bbox 156 4212 1810 4301; baseline 0.001 -32"><span class='ocrx_word' id='word_1_611' title='bbox 156 4213 325 4269; x_wconf 72' lang='lat' dir='ltr'><strong>‘Aberrsut</strong></span> <span class='ocrx_word' id='word_1_612' title='bbox 334 4212 371 4268; x_wconf 90' lang='lat' dir='ltr'><strong>ab</strong></span> <span class='ocrx_word' id='word_1_613' title='bbox 385 4212 465 4269; x_wconf 89' lang='lat' dir='ltr'><strong>omni</strong></span> <span class='ocrx_word' id='word_1_614' title='bbox 476 4212 607 4268; x_wconf 86' lang='lat' dir='ltr'><strong>veritatis</strong></span> <span class='ocrx_word' id='word_1_615' title='bbox 618 4213 714 4285; x_wconf 88' lang='lat' dir='ltr'><strong>specie</strong></span> <span class='ocrx_word' id='word_1_616' title='bbox 728 4215 778 4286; x_wconf 86' lang='lat' dir='ltr'><strong>qui</strong></span> <span class='ocrx_word' id='word_1_617' title='bbox 795 4214 945 4270; x_wconf 89' lang='lat' dir='ltr'><strong>Philonem</strong></span> <span class='ocrx_word' id='word_1_618' title='bbox 998 4219 1090 4275; x_wconf 90' lang='lat' dir='ltr'><strong>critici</strong></span> <span class='ocrx_word' id='word_1_619' title='bbox 1107 4218 1241 4291; x_wconf 90' lang='lat' dir='ltr'><strong>quidam,</strong></span> <span class='ocrx_word' id='word_1_620' title='bbox 1254 4222 1362 4275; x_wconf 89' lang='lat' dir='ltr'><strong>etcum</strong></span> <span class='ocrx_word' id='word_1_621' title='bbox 1379 4217 1483 4301; x_wconf 74' lang='lat' dir='ltr'><strong>primis</strong></span> <span class='ocrx_word' id='word_1_622' title='bbox 1497 4215 1638 4289; x_wconf 83' lang='lat' dir='ltr'><strong>Capellus</strong></span> <span class='ocrx_word' id='word_1_623' title='bbox 1651 4214 1810 4272; x_wconf 86' lang='lat' dir='ltr'><strong>contendit:</strong></span> 
     </span>
    </p>
   </div>
   <div class='ocr_carea' id='block_1_12' title="bbox 121 4283 1813 4432">
    <p class='ocr_par' dir='ltr' id='par_1_13' title="bbox 121 4283 1813 4432">
     <span class='ocr_line' id='line_1_51' title="bbox 121 4283 1813 4363; baseline -0.002 -23"><span class='ocrx_word' id='word_1_624' title='bbox 121 4283 364 4352; x_wconf 77' lang='lat' dir='ltr'><strong>Alexandrinum,</strong></span> <span class='ocrx_word' id='word_1_625' title='bbox 377 4284 427 4357; x_wconf 89' lang='lat' dir='ltr'><strong>qui</strong></span> <span class='ocrx_word' id='word_1_626' title='bbox 442 4283 501 4339; x_wconf 86' lang='lat' dir='ltr'><strong>caii</strong></span> <span class='ocrx_word' id='word_1_627' title='bbox 525 4285 708 4355; x_wconf 88' lang='lat' dir='ltr'><strong>temporibus</strong></span> <span class='ocrx_word' id='word_1_628' title='bbox 732 4287 796 4349; x_wconf 86' lang='lat' dir='ltr'><strong>l&#39;uit,</strong></span> <span class='ocrx_word' id='word_1_629' title='bbox 823 4285 947 4344; x_wconf 91' lang='lat' dir='ltr'><strong>nobilis·</strong></span> <span class='ocrx_word' id='word_1_630' title='bbox 1021 4305 1126 4346; x_wconf 91' lang='lat' dir='ltr'><strong>uorum</strong></span> <span class='ocrx_word' id='word_1_631' title='bbox 1149 4290 1333 4363; x_wconf 81' lang='lat' dir='ltr'><strong>argumentis</strong></span> <span class='ocrx_word' id='word_1_632' title='bbox 1358 4290 1387 4343; x_wconf 93' lang='lat' dir='ltr'><strong>iu</strong></span> <span class='ocrx_word' id='word_1_633' title='bbox 1412 4304 1477 4361; x_wconf 88' lang='lat' dir='ltr'><strong>ipss</strong></span> <span class='ocrx_word' id='word_1_634' title='bbox 1499 4287 1598 4360; x_wconf 88' lang='lat' dir='ltr'><strong>operis</strong></span> <span class='ocrx_word' id='word_1_635' title='bbox 1625 4303 1694 4345; x_wconf 88' lang='lat' dir='ltr'><strong>rece</strong></span> <span class='ocrx_word' id='word_1_636' title='bbox 1735 4286 1813 4344; x_wconf 88' lang='lat' dir='ltr'><strong>itione</strong></span> 
     </span>
     <span class='ocr_line' id='line_1_52' title="bbox 125 4307 1811 4432; baseline 0.001 -22"><span class='ocrx_word' id='word_1_637' title='bbox 125 4355 234 4411; x_wconf 89' lang='lat' dir='ltr'><strong>simum</strong></span> <span class='ocrx_word' id='word_1_638' title='bbox 262 4356 393 4412; x_wconf 90' lang='lat' dir='ltr'><strong>Platonis</strong></span> <span class='ocrx_word' id='word_1_639' title='bbox 422 4355 599 4410; x_wconf 90' lang='lat' dir='ltr'><strong>imitatorem</strong></span> <span class='ocrx_word' id='word_1_640' title='bbox 638 4356 687 4412; x_wconf 90' lang='lat' dir='ltr'><strong>hic</strong></span> <span class='ocrx_word' id='word_1_641' title='bbox 714 4355 798 4414; x_wconf 91' lang='lat' dir='ltr'><strong>innui</strong></span> <span class='ocrx_word' id='word_1_642' title='bbox 828 4362 944 4430; x_wconf 87' lang='lat' dir='ltr'><strong>putarit.</strong></span> <span class='ocrx_word' id='word_1_643' title='bbox 999 4307 1140 4418; x_wconf 53' lang='lat' dir='ltr'><strong>iaciemus</strong></span> <span class='ocrx_word' id='word_1_644' title='bbox 1166 4362 1327 4418; x_wconf 85' lang='lat' dir='ltr'><strong>setis:ubi</strong></span> <span class='ocrx_word' id='word_1_645' title='bbox 1353 4376 1403 4418; x_wconf 89' lang='lat' dir='ltr'><strong>eas</strong></span> <span class='ocrx_word' id='word_1_646' title='bbox 1431 4376 1495 4432; x_wconf 80' lang='lat' dir='ltr'><strong>qno</strong></span> <span class='ocrx_word' id='word_1_647' title='bbox 1511 4359 1691 4417; x_wconf 86' lang='lat' dir='ltr'><strong>tredecima</strong></span> <span class='ocrx_word' id='word_1_648' title='bbox 1740 4372 1811 4415; x_wconf 89' lang='lat' dir='ltr'><strong>sum·</strong></span> 
     </span>
    </p>
   </div>
   <div class='ocr_carea' id='block_1_13' title="bbox 1535 4001 1810 4058">
    <p class='ocr_par' dir='ltr' id='par_1_14' title="bbox 1535 4001 1810 4058">
     <span class='ocr_line' id='line_1_53' title="bbox 1535 4001 1810 4058; baseline -0.015 -1"><span class='ocrx_word' id='word_1_649' title='bbox 1535 4001 1810 4058; x_wconf 79' lang='lat' dir='ltr'><strong>lobruovarsinnem</strong></span> 
     </span>
    </p>
   </div>
   <div class='ocr_carea' id='block_1_14' title="bbox 120 4426 1814 4721">
    <p class='ocr_par' dir='ltr' id='par_1_15' title="bbox 120 4426 1814 4721">
     <span class='ocr_line' id='line_1_54' title="bbox 122 4426 1810 4501; baseline 0.004 -21"><span class='ocrx_word' id='word_1_650' title='bbox 122 4427 236 4482; x_wconf 74' lang='lat' dir='ltr'><strong>illenim</strong></span> <span class='ocrx_word' id='word_1_651' title='bbox 253 4429 346 4483; x_wconf 92' lang='lat' dir='ltr'><strong>multo</strong></span> <span class='ocrx_word' id='word_1_652' title='bbox 371 4431 416 4483; x_wconf 88' lang='lat' dir='ltr'><strong>aet</strong></span> <span class='ocrx_word' id='word_1_653' title='bbox 437 4426 519 4483; x_wconf 88' lang='lat' dir='ltr'><strong>Philo</strong></span> <span class='ocrx_word' id='word_1_654' title='bbox 541 4426 609 4496; x_wconf 89' lang='lat' dir='ltr'><strong>iste,</strong></span> <span class='ocrx_word' id='word_1_655' title='bbox 624 4428 672 4483; x_wconf 91' lang='lat' dir='ltr'><strong>cui</strong></span> <span class='ocrx_word' id='word_1_656' title='bbox 697 4429 767 4485; x_wconf 84' lang='lat' dir='ltr'><strong>tiber</strong></span> <span class='ocrx_word' id='word_1_657' title='bbox 793 4429 983 4501; x_wconf 76' lang='lat' dir='ltr'><strong>Sopicniiaell</strong></span> <span class='ocrx_word' id='word_1_658' title='bbox 999 4449 1080 4490; x_wconf 91' lang='lat' dir='ltr'><strong>mum</strong></span> <span class='ocrx_word' id='word_1_659' title='bbox 1096 4436 1158 4489; x_wconf 91' lang='lat' dir='ltr'><strong>toto</strong></span> <span class='ocrx_word' id='word_1_660' title='bbox 1173 4433 1248 4490; x_wconf 90' lang='lat' dir='ltr'><strong>libro</strong></span> <span class='ocrx_word' id='word_1_661' title='bbox 1263 4432 1430 4491; x_wconf 88' lang='lat' dir='ltr'><strong>additiones</strong></span> <span class='ocrx_word' id='word_1_662' title='bbox 1446 4436 1515 4489; x_wconf 91' lang='lat' dir='ltr'><strong>sunt</strong></span> <span class='ocrx_word' id='word_1_663' title='bbox 1530 4430 1680 4489; x_wconf 77' lang='lat' dir='ltr'><strong>exGraeoa</strong></span> <span class='ocrx_word' id='word_1_664' title='bbox 1696 4428 1810 4488; x_wconf 84' lang='lat' dir='ltr'><strong>transli-</strong></span> 
     </span>
     <span class='ocr_line' id='line_1_55' title="bbox 120 4496 1814 4583; baseline 0.002 -31"><span class='ocrx_word' id='word_1_665' title='bbox 120 4502 263 4583; x_wconf 70' lang='lat' dir='ltr'><strong>tanquam</strong></span> <span class='ocrx_word' id='word_1_666' title='bbox 278 4497 449 4583; x_wconf 67' lang='lat' dir='ltr'><strong>scaturiret</strong></span> <span class='ocrx_word' id='word_1_667' title='bbox 460 4496 565 4554; x_wconf 89' lang='lat' dir='ltr'><strong>saltem</strong></span> <span class='ocrx_word' id='word_1_668' title='bbox 580 4499 735 4568; x_wconf 83' lang='lat' dir='ltr'><strong>interpreti</strong></span> <span class='ocrx_word' id='word_1_669' title='bbox 747 4499 946 4574; x_wconf 86' lang='lat' dir='ltr'><strong>tribuebatur,</strong></span> <span class='ocrx_word' id='word_1_670' title='bbox 1002 4507 1081 4563; x_wconf 89' lang='lat' dir='ltr'><strong>tione</strong></span> <span class='ocrx_word' id='word_1_671' title='bbox 1097 4505 1204 4573; x_wconf 80' lang='lat' dir='ltr'><strong>ascita,</strong></span> <span class='ocrx_word' id='word_1_672' title='bbox 1220 4505 1462 4578; x_wconf 84' lang='lat' dir='ltr'><strong>Hieronymianos</strong></span> <span class='ocrx_word' id='word_1_673' title='bbox 1477 4503 1611 4559; x_wconf 90' lang='lat' dir='ltr'><strong>melioris</strong></span> <span class='ocrx_word' id='word_1_674' title='bbox 1627 4509 1704 4560; x_wconf 76' lang='lat' dir='ltr'><strong>nota</strong></span> <span class='ocrx_word' id='word_1_675' title='bbox 1714 4503 1814 4560; x_wconf 85' lang='lat' dir='ltr'><strong>codices</strong></span> 
     </span>
     <span class='ocr_line' id='line_1_56' title="bbox 123 4570 1814 4654; baseline 0.004 -31"><span class='ocrx_word' id='word_1_676' title='bbox 123 4570 908 4654; x_wconf 70' lang='lat' dir='ltr'><strong>antiquior,utpotequiabrllesandroPolybistors,qul</strong></span> <span class='ocrx_word' id='word_1_677' title='bbox 919 4575 947 4633; x_wconf 83' lang='lat' dir='ltr'><strong>t.</strong></span> <span class='ocrx_word' id='word_1_678' title='bbox 1002 4594 1061 4634; x_wconf 92' lang='lat' dir='ltr'><strong>non</strong></span> <span class='ocrx_word' id='word_1_679' title='bbox 1076 4576 1387 4648; x_wconf 87' lang='lat' dir='ltr'><strong>babere,nequetectas</strong></span> <span class='ocrx_word' id='word_1_680' title='bbox 1398 4575 1467 4631; x_wconf 94' lang='lat' dir='ltr'><strong>olim</strong></span> <span class='ocrx_word' id='word_1_681' title='bbox 1484 4575 1576 4632; x_wconf 80' lang='lat' dir='ltr'><strong>tuisse</strong></span> <span class='ocrx_word' id='word_1_682' title='bbox 1591 4572 1814 4648; x_wconf 75' lang='lat' dir='ltr'><strong>antiquissorip·</strong></span> 
     </span>
     <span class='ocr_line' id='line_1_57' title="bbox 121 4639 1764 4721; baseline 0.004 -25"><span class='ocrx_word' id='word_1_683' title='bbox 121 4639 210 4697; x_wconf 79' lang='lat' dir='ltr'><strong>Sulla</strong></span> <span class='ocrx_word' id='word_1_684' title='bbox 221 4642 405 4714; x_wconf 86' lang='lat' dir='ltr'><strong>temporibus</strong></span> <span class='ocrx_word' id='word_1_685' title='bbox 420 4641 715 4712; x_wconf 87' lang='lat' dir='ltr'><strong>lloruit,laudstur,ut</strong></span> <span class='ocrx_word' id='word_1_686' title='bbox 724 4650 828 4700; x_wconf 88' lang='lat' dir='ltr'><strong>auctor</strong></span> <span class='ocrx_word' id='word_1_687' title='bbox 838 4652 884 4701; x_wconf 84' lang='lat' dir='ltr'><strong>cst</strong></span> <span class='ocrx_word' id='word_1_688' title='bbox 895 4647 949 4702; x_wconf 84' lang='lat' dir='ltr'><strong>Hu-</strong></span> <span class='ocrx_word' id='word_1_689' title='bbox 1003 4649 1129 4717; x_wconf 89' lang='lat' dir='ltr'><strong>toribus,</strong></span> <span class='ocrx_word' id='word_1_690' title='bbox 1145 4649 1194 4721; x_wconf 86' lang='lat' dir='ltr'><strong>qui</strong></span> <span class='ocrx_word' id='word_1_691' title='bbox 1210 4665 1244 4707; x_wconf 86' lang='lat' dir='ltr'><strong>ea</strong></span> <span class='ocrx_word' id='word_1_692' title='bbox 1258 4649 1389 4705; x_wconf 85' lang='lat' dir='ltr'><strong>versione</strong></span> <span class='ocrx_word' id='word_1_693' title='bbox 1404 4647 1449 4703; x_wconf 86' lang='lat' dir='ltr'><strong>uei</strong></span> <span class='ocrx_word' id='word_1_694' title='bbox 1464 4653 1545 4715; x_wconf 88' lang='lat' dir='ltr'><strong>sunt,</strong></span> <span class='ocrx_word' id='word_1_695' title='bbox 1561 4649 1764 4705; x_wconf 81' lang='lat' dir='ltr'><strong>ostendemus.</strong></span> 
     </span>
    </p>
   </div>
   <div class='ocr_carea' id='block_1_15' title="bbox 0 0 1948 6116">
    <p class='ocr_par' dir='ltr' id='par_1_16' title="bbox 0 0 1948 6116">
     <span class='ocr_line' id='line_1_58' title="bbox 0 0 1948 6116; baseline 0 0"><span class='ocrx_word' id='word_1_696' title='bbox 0 0 1948 6116; x_wconf 95' lang='lat' dir='ltr'><strong> </strong></span> 
     </span>
    </p>
   </div>
  </div>
 </body>
</html>
