3870 6120
32 376 36 383 Ι
123 291 164 353 ω
693 275 868 340 ῬΑΤΗΙῙΜ
889 273 1239 344 nunuurcrluoaunt
1788 288 1831 346 tt

123 421 306 485 vaticinium
335 417 491 482 babuerit.
521 413 582 476 Sed
596 411 740 495 quisquis
766 409 862 472 tuerit
887 408 945 471 istc
959 410 988 479 Α
1003 409 1112 474 Libros
1140 433 1268 496 quoqne
1292 417 1470 480 Salomonis
1496 436 1536 480 ex
1559 418 1714 481 Hebraica
1744 420 1829 481 veri-

122 519 326 592 Desiderius,
367 516 421 595 qui
451 511 700 574 PentatencHum
740 507 852 572 Latino
883 525 947 569 aer·
1004 515 1069 571 tate
1098 529 1276 588 conversos,
1314 515 1431 577 sanctis
1458 515 1617 596 episcopis
1642 517 1828 580 Chromatio

123 634 219 678 mone
261 612 449 675 translatum
490 626 529 670 ex
573 608 706 669 Hebraeo
749 602 946 684 flagitabat3
1002 612 1035 667 et
1057 609 1225 673 Heliodoro
1253 612 1433 675 dedicavit:
1463 631 1600 693 qnorum
1628 614 1742 677 deinde
1769 635 1830 697 po·

123 719 244 775 certum
271 709 396 770 videtur
424 713 570 769 sanctum
599 704 706 778 tuisse,
724 702 947 782 necexiguum
1001 705 1224 769 stnlationibus
1274 710 1488 790 acquiescens,
1546 711 1662 774 librum
1716 713 1828 775 'lobia

3 846 6 850 -
120 811 154 874 in
183 808 322 871 Ecclesia
350 804 470 867 meritis
498 803 671 865 hominem.
699 799 803 862 Finito
831 799 945 861 Penta·
1001 800 1151 865 Chaldaeo
1179 824 1324 868 sermone
1352 807 1502 887 scriptum
1533 809 1642 871 Latine
1668 809 1827 891 interpre-

120 905 247 978 teucbo,
276 905 318 967 ad
342 907 451 965 lesum
478 901 578 964 illium
620 903 717 974 Nave,
761 897 794 959 id
822 902 880 971 est,
904 895 945 957 ad
1000 903 1085 961 tatus
1127 907 1184 964 est.
1227 902 1350 965 Mirari
1390 924 1452 964 non
1492 905 1613 984 desino,
1654 906 1723 985 ejus
1753 915 1829 970 sunt

118 1007 226 1084 lasiae,
243 1003 329 1064 etad
350 1001 499 1065 lodicum
528 999 658 1071 librum,
688 996 729 1058 ad
756 993 840 1057 Huth
870 1013 946 1073 quo·
999 998 1107 1071 verba,
1137 1001 1309 1062 exactionis
1337 1008 1444 1064 uestrae
1472 1003 1686 1066 instantiam:
1718 1006 1828 1087 exigi-

120 1120 182 1184 que
210 1108 241 1163 et
268 1099 383 1162 Esther
412 1115 541 1158 manum
565 1096 666 1158 misit:
684 1095 759 1177 quia
773 1092 830 1155 hos
845 1091 945 1153 libros
1000 1094 1043 1155 tis
1057 1096 1138 1157 enim
1156 1103 1190 1158 ut
1204 1097 1321 1160 librum
1340 1097 1494 1162 Chaldaeo
1517 1121 1656 1163 sermone
1683 1104 1828 1165 conscri-

118 1196 291 1261 Eustochio
306 1195 431 1277 virgini
449 1193 579 1255 Christi
593 1213 711 1274 negare
739 1211 804 1252 non
823 1189 943 1274 potuit.
995 1198 1085 1275 ptum
1100 1195 1143 1256 ad
1156 1195 1303 1259 latinum
1331 1198 1450 1270 stylum
1478 1198 1639 1261 traham...
1646 1201 1717 1278 feci
1744 1202 1827 1263 satis

118 1297 227 1361 Latine
255 1312 308 1357 eoa
337 1313 376 1356 ex
403 1292 536 1354 Hebraeo
551 1290 708 1354 convertit
728 1295 801 1371 post
828 1293 945 1351 mnctae
999 1291 1158 1355 desiderio
1173 1301 1286 1370 uestro,
1301 1316 1363 1357 non
1385 1301 1487 1357 tamen
1514 1317 1579 1358 meo
1607 1298 1725 1360 studio.
1754 1300 1827 1361 Ar-

121 1394 228 1457 Panlae
270 1391 504 1463 dormitionem,
549 1388 640 1469 cujus
665 1393 761 1451 antea
801 1385 947 1466 precibus
998 1392 1199 1470 guuntenim
1226 1413 1283 1455 nos
1312 1392 1513 1456 Hearaeorum
1528 1395 1648 1474 studia,
1678 1397 1826 1480 ctimpu-

13 1534 16 1539 -
120 1491 284 1554 volumina
312 1495 450 1571 quatuor
477 1492 601 1567 Regum
628 1486 661 1547 in
703 1485 849 1547 Latinum
880 1501 944 1544 ser·
1001 1492 1070 1547 tant
1109 1488 1199 1550 nobis
1237 1496 1347 1551 contra
1383 1512 1476 1552 suum
1511 1491 1672 1553 Cononem
1699 1493 1827 1556 Latinis

119 1608 246 1653 monem
288 1587 384 1649 luisse
424 1587 668 1666 interpretatum
694 1601 758 1644 non
796 1581 873 1643 levis
900 1585 947 1643 est
1000 1584 1133 1647 auribus
1160 1586 1223 1648 ista
1253 1590 1437 1666 transferre.
1453 1588 1517 1650 Sed
1536 1589 1649 1651 melius
1677 1611 1743 1652 esse
1762 1594 1828 1672 ju·

119 1688 305 1769 conjectura
351 1685 383 1746 in
426 1683 488 1745 illis
526 1681 646 1745 ultimis
695 1678 946 1762 praelatiuneulae
1000 1683 1110 1744 dicam
1143 1684 1380 1748 Pharisaeorum
1418 1687 1586 1769 displicere
1620 1687 1761 1770 judicio,
1797 1697 1838 1767 er,

118 1786 242 1847 verbis:
259 1783 325 1846 Sed
338 1788 368 1842 et
381 1802 434 1843 oos
440 1779 588 1859 famulas
607 1777 737 1843 Christi
757 1797 848 1858 rogo,
879 1795 946 1858 quo·
961 1783 985 1850 Β
1001 1781 1212 1863 episcoporum
1220 1782 1427 1863 jussionibus
1455 1785 1624 1864 deservire,
1656 1786 1763 1848 institi
1791 1794 1826 1849 ut

118 1881 256 1945 Domini
269 1878 494 1942 discumbentis
504 1875 738 1959 pretiosissimo
765 1874 848 1948 fidei
861 1893 947 1950 myro
997 1878 1100 1960 potui,
1130 1886 1189 1943 etc.
1217 1880 1422 1961 Sophronias,
1440 1882 1489 1944 vir
1503 1884 1646 1963 apprime
1670 1886 1824 1961 eruditus,

121 1979 248 2062 ungitis
276 1983 369 2060 caput
397 1972 531 2057 (Matth.
561 1990 649 2047 xxvi,
679 1973 749 2052 7)...
781 1976 947 2033 utcontra
1001 1975 1084 2038 inter
1110 1994 1165 2038 eos
1193 1979 1289 2039 etiam
1317 1980 1533 2042 numerandus
1555 1981 1652 2055 venit,
1668 1982 1722 2062 qni
1749 1983 1823 2045 Hie·

29 2126 32 2133 ,
123 2077 277 2139 latrantes
304 2094 407 2153 canes,
436 2072 493 2154 qui
519 2071 684 2132 adversum
700 2090 746 2131 me
769 2068 881 2130 rabido
896 2089 949 2130 ore
1001 2091 1170 2156 ronymum
1193 2075 1305 2138 litteris
1330 2076 1538 2157 impellebant
1567 2077 1608 2140 ad
1644 2079 1829 2159 hujusmodi

124 2175 333 2239 desaeviunt...
377 2170 554 2232 orationum
601 2174 774 2229 vestrarum
830 2165 948 2250 clypeos
1002 2171 1224 2235 translationes
1249 2173 1387 2237 Latinas.
1417 2174 1507 2238 Unde
1535 2176 1576 2238 ad
1604 2178 1750 2239 eumdem
1773 2178 1830 2242 So-

125 2272 301 2358 opponatis.
333 2269 482 2333 Famulus
509 2267 635 2346 (ibristi,
665 2286 730 2329 non
758 2266 836 2329 alias
869 2271 947 2346 puto
1002 2267 1408 2348 phroninmdeoccasione
1435 2273 1587 2335 versionis
1615 2273 1760 2336 Psalterii
1788 2294 1829 2338 ex

47 2418 51 2425 .
123 2389 221 2452 quam
249 2368 381 2432 Paulam
409 2373 441 2430 et
467 2365 686 2438 Eustochium,
702 2363 863 2427 Bethleem
892 2364 947 2425 de·
1003 2366 1135 2430 Hebraeo
1149 2367 1302 2443 scribens,
1327 2369 1397 2431 haeo
1424 2369 1457 2431 in
1484 2371 1670 2450 praelatione
1698 2375 1830 2435 commi·

122 2473 231 2549 gentes
272 2471 399 2529 aetatem
440 2482 511 2525 cum
541 2463 744 2544 Hieronymo.
782 2462 948 2541 Paralipo·
1001 2464 1165 2527 niacitnr:
1206 2464 1293 2545 Quia
1332 2467 1437 2548 igitur
1471 2476 1569 2551 nuper
1596 2489 1664 2530 cum
1690 2468 1828 2534 Hebraeo

122 2584 227 2641 mena,
271 2569 397 2645 petente
426 2560 623 2624 sanctissimo
662 2561 810 2641 episcopo
847 2559 948 2622 Chro-
1000 2562 1180 2645 disputans,
1210 2564 1350 2645 quedam
1363 2573 1427 2647 pro
1441 2563 1581 2627 Domino
1595 2566 1759 2628 Salvatore
1787 2570 1828 2631 dc

123 2664 234 2738 matio,
262 2662 302 2725 ad
331 2663 449 2725 iontem
479 2660 646 2721 Hebraeum
675 2657 793 2719 Latinis
829 2675 947 2719 sermo·
1000 2659 1142 2721 Psalmis
1159 2662 1337 2723 testimonia
1343 2661 1536 2745 protulisti:
1551 2662 1716 2746 volensque
1731 2665 1789 2726 ille
1799 2672 1830 2726 te

120 2762 215 2824 nibus
257 2760 414 2841 expressit
447 2776 454 2819 :
496 2755 535 2817 Si
580 2755 802 2840 Septuaginta,
845 2754 948 2835 inquit
1001 2757 1148 2839 illudere,
1160 2767 1218 2840 per
1231 2779 1387 2821 sermones
1397 2768 1475 2843 pene
1493 2760 1643 2842 singulos
1668 2763 1830 2825 asserebat

44 2910 48 2923 ,
124 2863 333 2942 interpretum
358 2865 452 2938 pura,
482 2860 511 2914 et
538 2859 573 2914 ut
600 2852 639 2914 ab
666 2853 711 2914 eis
734 2853 767 2912 in
800 2851 946 2914 Graecum
1000 2878 1061 2919 non
1077 2858 1122 2918 ita
1145 2857 1255 2920 haberi
1281 2858 1315 2919 in
1342 2857 1488 2938 Hebraeo,
1506 2865 1541 2920 ut
1568 2865 1602 2920 tu
1631 2861 1669 2920 de
1691 2861 1828 2943 Septua-

125 2977 214 3018 nersa
242 2961 299 3034 est,
333 2954 431 3015 editio
464 2957 674 3035 permaneret,
704 2950 859 3033 superflue
886 2970 944 3028 me,
998 2956 1093 3038 ginta
1118 2955 1345 3038 Interpretibus
1374 2955 1557 3040 opponebas,
1587 2958 1827 3022 studiosissime

124 3052 306 3133 Chromati‚
355 3051 566 3134 episcoporum
617 3049 814 3110 sanctissime
854 3053 946 3130 atque
996 3052 1180 3134 postulasti,
1197 3059 1314 3136 utpost
1335 3053 1502 3136 Aquilam,
1533 3060 1562 3114 et
1589 3054 1824 3138 Symmachum,

118 3151 312 3224 doctissime,
343 3147 528 3232 impelleres,
558 3152 593 3208 ut
619 3145 753 3209 Hebraea
786 3146 944 3208 nolrrmina
959 3148 982 3219 (2
999 3154 1029 3210 et
1071 3149 1099 3211 T
1096 3148 1320 3231 heodotionem,
1356 3172 1465 3212 nouam
1506 3152 1673 3214 editionem
1709 3154 1826 3217 latino

117 3250 231 3313 Latino
283 3267 424 3309 sermone
478 3252 694 3325 transferrem.
753 3245 944 3326 impellebat
997 3268 1137 3310 sermone
1160 3251 1375 3327 transferrem.
1404 3249 1525 3312 Aiebas
1553 3251 1634 3311 enim
1659 3270 1688 3311 ae
1716 3255 1824 3334 magis

116 3366 191 3428 ergo
221 3346 440 3409 sanctissimus
468 3350 566 3425 atque
595 3343 795 3406 doctissimus
823 3343 944 3423 episco·
998 3345 1201 3428 interpretum
1230 3345 1379 3405 uarietate
1408 3344 1543 3425 turbari,
1574 3351 1604 3405 et
1630 3367 1734 3407 anrore
1762 3368 1825 3429 quo

117 3465 178 3528 pua
192 3446 433 3526 Hieronymum,
461 3447 496 3504 ut
523 3440 648 3504 omissis
676 3441 852 3504 rivulorum
881 3447 944 3505 tra·
997 3442 1125 3524 laberis,
1143 3443 1191 3505 uel
1204 3443 1425 3522 translatione,
1441 3442 1490 3504 nel
1508 3443 1638 3522 judicio
1665 3466 1729 3506 meo
1758 3467 1826 3507 esse

116 3544 257 3619 mitibus,
303 3561 342 3605 ex
383 3542 453 3622 ipsa
481 3541 613 3602 veritate
655 3539 809 3602 Hebraico
846 3540 944 3603 libros
996 3546 1184 3602 contentum.
1211 3539 1302 3604 Unde
1330 3540 1484 3625 impulsus
1513 3562 1531 3600 a
1559 3547 1599 3618 te,
1629 3542 1682 3602 cui
1710 3549 1740 3602 et
1754 3564 1825 3624 qua

115 3661 224 3705 sacros
240 3641 359 3705 batinis
378 3637 563 3701 hominibus
591 3639 741 3700 traderet.
771 3641 833 3699 Pro
861 3638 943 3701 libro
996 3647 1121 3722 possum
1147 3659 1265 3720 negare
1288 3659 1349 3700 non
1374 3646 1514 3721 possum,
1536 3659 1664 3700 rursum
1694 3660 1740 3699 me
1768 3640 1824 3702 ob-

114 3740 201 3804 Harae
231 3744 263 3802 et
290 3737 457 3802 Nobemiae
487 3735 632 3798 similiter
659 3736 823 3810 vertendo,
850 3737 944 3797 Dom-
996 3742 1198 3799 tractatorum
1227 3735 1397 3797 latratibus
1425 3735 1576 3797 tradidi:
1606 3736 1764 3818 maluique
1794 3743 1823 3798 te

114 3840 242 3902 aionem
270 3843 303 3900 et
331 3835 543 3916 Rogatianum
571 3835 763 3914 Hieronymo
792 3833 942 3894 institisse
996 3835 1078 3896 vires
1121 3854 1214 3913 meas,
1258 3854 1351 3916 quam
1392 3833 1580 3895 voluntatem
1618 3834 1651 3895 in
1679 3835 1822 3896 amicitia

114 3937 252 4018 probant
280 3934 376 3997 verba
405 3933 485 4008 hoec,
517 3950 587 4012 quae
617 3931 650 3992 in
687 3929 873 4011 prestatione
901 3930 942 3993 le·
995 3952 1142 4015 quarere.
1176 3929 1272 3993 Certe
1294 3931 1490 4010 confidenter
1503 3931 1619 4003 dicam,
1648 3937 1677 3990 et
1703 3932 1821 3993 multos

115 4041 263 4114 guntur:
300 4031 422 4093 Tertius
465 4050 568 4091 annues
601 4034 658 4108 est,
700 4028 785 4110 quod
824 4036 942 4111 semper
995 4029 1094 4110 hujus
1121 4031 1224 4112 operis
1253 4035 1345 4090 testes
1359 4029 1473 4110 citabo,
1490 4048 1536 4089 me
1550 4025 1636 4088 nihil
1663 4027 1821 4088 duntaxat

115 4131 257 4193 scribitis
272 4137 363 4213 atque
377 4127 566 4206 rescribitis,
584 4132 619 4187 ut
642 4125 733 4208 Eqrae
758 4124 877 4187 librum
903 4126 942 4187 de
994 4128 1140 4189 scientem
1187 4128 1226 4188 de
1275 4126 1436 4188 Hebraica
1493 4126 1623 4187 veritate
1670 4131 1817 4186 mutasse.

114 4227 248 4291 Hebrno
287 4229 477 4304 transferam
516 4247 525 4286 .·
568 4224 661 4307 quasi
700 4244 762 4284 non
802 4222 941 4284 habeatis
994 4225 1266 4306 Invitusdenique
1293 4229 1326 4287 et
1352 4230 1481 4288 coactus
1508 4225 1617 4287 Paulas
1642 4224 1752 4285 matris
1780 4244 1817 4287 ac

117 4325 231 4390 Graca
246 4332 275 4386 et
288 4325 406 4387 Latina
421 4322 601 4385 uolumina:
618 4327 674 4383 aut
688 4322 846 4404 quidquid
856 4321 941 4384 illud
994 4322 1158 4387 Hustoebii
1186 4323 1317 4404 virginis
1351 4322 1543 4402 quotidianis
1584 4322 1814 4397 exactionibus,

116 4431 174 4503 est,
202 4423 287 4507 quod
314 4445 332 4484 a
360 4420 451 4484 nobis
479 4421 625 4498 vertitur,
665 4440 726 4480 non
754 4421 862 4481 statim
902 4419 940 4481 ab
995 4421 1223 4503 prophetarum
1252 4429 1318 4484 tam
1345 4419 1516 4499 majorum,
1542 4438 1638 4501 quam
1659 4422 1816 4482 minorum

113 4521 257 4586 omnibus
272 4520 505 4604 conspuendum
533 4519 588 4580 sit.
620 4520 711 4582 Certe
738 4518 771 4579 in
800 4518 939 4580 Ecclesia
953 4521 978 4588 ll
992 4519 1155 4581 volumina
1198 4518 1363 4602 latinitate·
1395 4517 1557 4580 donavit:
1588 4516 1621 4578 id
1650 4518 1732 4579 enim
1766 4537 1821 4578 sx-

112 4620 229 4686 annali
256 4639 320 4681 non
347 4619 408 4681 tuit
435 4625 510 4680 tunc
525 4616 677 4697 temporis
690 4615 738 4677 vir
762 4616 936 4678 Domnione
991 4634 1099 4697 presse
1127 4616 1333 4696 conqueritur
1362 4615 1551 4697 prestatione
1580 4615 1612 4676 in
1634 4615 1819 4691 ieremiam,

113 4718 302 4782 celebratior
328 4716 443 4779 illustri
475 4714 651 4779 sanctitatis
676 4713 782 4789 laude,
826 4717 862 4776 ut
888 4719 934 4774 te·
990 4731 1087 4793 quam
1116 4712 1165 4774 his
1202 4713 1305 4775 verbis
1355 4713 1517 4775 delinitam
1560 4731 1626 4774 esse
1678 4712 1780 4774 voluit
1811 4731 1818 4774 :

113 4822 196 4879 stata
223 4834 272 4878 rea
299 4821 347 4878 est
373 4812 518 4895 pluribus
559 4811 700 4893 epistolis
741 4811 934 4892 Hieronymi,
989 4813 1055 4872 Pro
1071 4810 1123 4873 his
1138 4809 1280 4872 omnibus
1297 4810 1464 4872 maledicta
1479 4809 1517 4871 ab
1543 4808 1666 4870 amalis
1680 4815 1818 4891 praesto-

112 4913 293 4993 Angnstini,
322 4931 359 4975 ac
388 4911 525 4985 Paulini,
554 4929 612 4973 nec
644 4928 708 4973 non
750 4908 866 4983 ltuflni,
904 4913 936 4971 et
989 4908 1102 4988 lantes,
1144 4907 1259 4991 quibus
1295 4929 1342 4989 me
1378 4927 1498 4969 necesse
1523 4912 1569 4967 est
1588 4914 1650 4988 per
1677 4908 1816 4989 singula

111 5012 249 5077 Palladii
284 5008 422 5090 scriptis.
461 5009 656 5089 Rogatianus
694 5013 802 5070 autem
838 5007 936 5069 trater
988 5006 1144 5090 opuscula
1159 5006 1355 5089 respondere.
1371 5005 1415 5068 Et
1429 5003 1487 5066 hoc
1509 5004 1629 5086 patior,
1659 5006 1735 5086 quia
1764 5027 1818 5067 eos

111 5109 250 5172 creditur
276 5107 417 5188 ejusdem
446 5106 632 5168 sanctissimi
659 5105 761 5167 Patris
803 5110 835 5167 et
861 5123 933 5185 pre·
987 5105 1120 5187 cogitis.
1138 5102 1355 5165 Caetcrumad
1376 5102 1589 5184 compendium
1620 5103 1817 5164 molirectius

110 5206 229 5289 sbyteri
268 5205 465 5280 Domnionis,
508 5204 563 5284 qui
596 5203 778 5265 veneranda
819 5203 933 5266 canitie
977 5205 1093 5282 fuerat
1133 5201 1260 5264 modum
1292 5200 1408 5279 furori
1448 5220 1554 5261 eorum
1593 5199 1722 5261 silentio
1753 5222 1818 5262 mco

108 5303 292 5367 Christianis
318 5303 466 5364 omnibus
493 5319 617 5363 summo
646 5301 679 5360 in
703 5300 823 5363 honore
852 5309 930 5376 erat,
987 5309 1110 5383 ponere,
1139 5320 1232 5382 quam
1261 5298 1402 5380 quotidie
1430 5300 1503 5359 noui
1531 5297 1658 5378 aliquid
1682 5299 1815 5380 scribti-

107 5408 203 5482 atque
232 5399 457 5481 hospitalitatis
484 5397 589 5460 oilicio
618 5401 679 5459 Lot
706 5397 753 5458 sui
780 5398 933 5478 temporis
986 5403 1115 5471 tantem,
1141 5397 1320 5459 invidorum
1350 5397 1507 5458 insaniam
1533 5404 1716 5477 prouocare.
1748 5398 1816 5458 Huc

107 5498 261 5580 appellari
290 5497 416 5560 meruit.
446 5495 539 5558 'iales
570 5494 683 5555 habuit
719 5495 931 5577 Hieronymus
986 5495 1131 5577 usquede
1146 5495 1242 5557 tantis
1264 5514 1301 5557 ac
1329 5495 1445 5558 talibus
1473 5492 1672 5556 exactoribus
1701 5493 1816 5557 Hiero·

106 5596 285 5660 hortatores
308 5592 550 5660 translationum
574 5610 703 5656 suarum
732 5612 772 5656 ex
786 5593 929 5659 Hebraeo.
984 5593 1208 5676 nymianarum
1236 5593 1416 5661 versionum
1458 5591 1573 5656 dixism
1600 5590 1751 5669 sufficiet,
1779 5599 1816 5657 ut
