3870 6120
168 318 198 379 tt
708 376 713 383 ,
825 310 1132 374 uttoboootlutts.
1789 310 1831 378 80

168 447 276 508 cultatem
289 442 409 505 solvere
436 443 561 504 voluit:
596 441 693 521 Quod
713 443 752 504 de
780 441 947 503 Pharaone
961 443 987 510 A
1003 449 1050 504 set
1063 465 1129 507 esse
1144 448 1203 509 illa
1227 446 1337 508 multis
1366 445 1399 506 iu
1424 445 1504 507 locis
1527 444 1716 528 planiorem.
1747 443 1830 507 Nam

167 566 218 625 rege
236 542 339 602 lictum
366 540 548 621 intelligere
577 540 746 602 debemus:
784 561 853 601 cum
883 539 947 600 tac
1002 539 1059 603 hac
1074 547 1198 607 nomine
1220 565 1286 606 eam
1310 544 1480 625 aliquoties
1508 543 1622 604 laudat
1649 543 1683 604 iu
1706 549 1831 625 postre-

168 642 260 703 listoria
280 639 348 700 illis
373 638 563 721 temporibus
582 640 759 721 conscripta
787 639 945 718 credatur,
1002 641 1061 702 mis
1085 645 1154 704 siais
1169 642 1265 705 libris
1283 640 1500 720 Quaestionum
1518 641 1551 701 in
1566 638 1828 723 Heptateuchum,

167 739 336 822 quibuserant
349 744 441 820 gesta
466 738 526 800 illa
547 739 692 800 recentia.
728 737 819 816 Quid
846 743 946 798 aretem
1001 743 1060 800 etc,
1104 742 1179 813 Quis
1203 758 1287 803 nune
1316 739 1529 802 contentiosus
1555 738 1694 800 adducto
1717 757 1830 820 super·

168 858 273 918 nagream
292 837 375 917 eligi
379 837 490 919 potuit
513 836 598 918 quod
616 835 802 918 prophetice
826 836 947 896 dicere·
1001 838 1073 899 cilio
1091 839 1294 913 inficiabitur,
1325 836 1564 899 translationem
1591 836 1780 900 Hebraicam
1795 835 1827 899 S.

169 944 211 1014 tur,
232 956 286 996 cum
306 936 472 1018 preterita
517 941 698 1014 narrentur,
728 940 948 1015 taceanturque
1001 938 1187 1020 Hieronymi
1200 940 1239 1002 ab
1261 939 1439 1018 Augustino
1463 935 1624 998 laudatam
1652 936 1760 1009 luisse,
1791 954 1829 1000 ae

167 1032 382 1113 taturauajora,
399 1033 575 1093 etmaxime
603 1032 804 1093 necessaria?
829 1032 944 1092 Proin·
1001 1037 1211 1117 Septuaginta
1251 1034 1480 1116 lnterpretibus
1536 1033 1663 1095 demum
1701 1037 1830 1115 antepo¹¹

166 1129 266 1210 lepotim
302 1128 547 1190 existimandum
586 1134 633 1188 est
659 1128 867 1210 Septuaginta
890 1127 946 1188 ln·
1000 1133 1123 1195 sitam?
1150 1140 1190 1196 At
1228 1135 1268 1197 de
1306 1152 1364 1194 usu
1393 1131 1547 1194 versionis
1574 1130 1829 1211 Hieronymianae

164 1232 278 1308 tapetes,
310 1227 368 1307 qui
395 1227 583 1287 auctoritate
605 1226 788 1309 prophetica
812 1247 848 1286 ex
878 1227 946 1308 ipsa
999 1232 1204 1310 apudAlros,
1220 1251 1257 1294 uc
1278 1232 1318 1294 de
1346 1230 1481 1311 Speculo
1511 1231 1541 1291 S.
1575 1227 1741 1306 Augustini
1767 1228 1828 1291 ite-

162 1324 262 1384 nirabili
294 1325 497 1386 consensione
533 1324 730 1406 interpretati
769 1345 834 1384 esse
872 1332 946 1405 per·
1000 1348 1071 1390 rum
1101 1329 1215 1392 dicturi
1230 1329 1310 1392 nihil
1336 1328 1473 1409 amplius
1488 1328 1527 1388 de
1551 1325 1615 1387 illis
1630 1325 1683 1387 hic
1698 1325 1828 1407 adjicio·
1857 1321 1860 1326 ¹

162 1419 274 1498 hibentur,
290 1420 355 1482 hauc
383 1421 560 1497 addidisse,
578 1443 639 1482 uon
664 1427 811 1502 tauquam
826 1423 945 1496 statana
1000 1447 1080 1490 mus,

159 1521 373 1597 pontinianus,
413 1520 470 1580 sed
511 1520 587 1600 quia
617 1518 675 1580 illo
719 1525 851 1601 tempore
883 1519 946 1601 ipsi
1038 1526 1074 1587 V.
1113 1526 1246 1588 Difficile
1274 1531 1332 1597 est,
1362 1522 1466 1602 inquit
1493 1522 1714 1601 Hieronymus,
1744 1520 1829 1584 senis

159 1620 380 1697 aantqnofacta
409 1637 477 1677 esse
509 1618 716 1678 niemineraut
738 1621 767 1675 et
790 1616 822 1675 in
849 1614 944 1676 libris
999 1629 1122 1686 mutare
1151 1624 1304 1703 linguam,
1330 1630 1361 1684 et
1387 1627 1608 1683 canescentem
1635 1620 1701 1699 jem
1731 1636 1827 1681 mun.

161 1713 299 1794 Regnorum
315 1715 470 1797 legeraut.
497 1716 621 1777 Etenim
638 1715 782 1797 Regnum
793 1716 943 1798 tempori-
998 1721 1073 1782 dum
1102 1723 1142 1785 ad
1182 1723 1273 1784 initia
1302 1720 1464 1783 retrabere
1502 1717 1720 1799 parvulorum.
1750 1716 1826 1787 Quis

161 1809 198 1870 bus
210 1816 392 1890 factumest.
419 1812 516 1892 Quod
544 1816 613 1876 ideo
641 1813 828 1875 credibilius
855 1812 1080 1883 nobisBenim
1120 1823 1232 1885 doctus
1262 1821 1390 1903 pariter,
1422 1819 1472 1881 vel
1501 1819 1660 1892 inductus,
1689 1836 1762 1879 eum
1790 1817 1824 1880 in

159 1909 289 1986 sisenest,
313 1912 460 1993 quoniam
490 1913 681 1994 inspeximus
710 1912 941 1993 interpretatio-
1001 1937 1113 1980 manus
1147 1920 1298 1982 volumen
1325 1919 1562 1998 seripturarum
1606 1914 1824 1994 assumpserit,

160 2015 394 2089 conquaestore
422 2009 568 2086 Hebraeo,
598 2017 626 2072 et
648 2011 705 2072 hoe
733 2010 778 2071 ibi
801 2031 861 2072 non
891 2011 940 2071 in·
999 2016 1188 2092 etasnliva,
1219 2035 1314 2096 quem
1343 2015 1439 2078 semel
1467 2012 1605 2088 imbibit,
1624 2011 1739 2073 viderit
1760 2010 1824 2072 dis·

158 2106 258 2167 caninus
275 2129 281 2168 :
298 2109 550 2170 sicutnecillud
572 2110 656 2190 quod
683 2109 801 2169 dictum
830 2116 876 2169 est
904 2109 943 2170 de
999 2129 1128 2194 crepare
1144 2115 1229 2195 quod
1259 2114 1390 2188 lectitat,
1420 2129 1484 2174 non
1501 2110 1769 2190 statimerumpnt
1789 2107 1823 2170 iu

156 2198 253 2284 iericho,
268 2213 324 2267 etc.
345 2205 435 2268 Ueede
457 2213 584 2289 apparet
610 2229 628 2266 a
654 2207 864 2289 Septuaginta
890 2208 941 2268 in·
998 2228 1119 2285 vocem,
1157 2213 1361 2293 interpretem
1404 2228 1523 2274 notum
1548 2209 1716 2272 classitana
1757 2223 1825 2269 osse

157 2302 311 2380 inpositum,
333 2303 390 2384 qni
423 2309 541 2381 pactum
572 2324 637 2364 esse
678 2309 836 2365 secuerant.
866 2308 943 2366 Pru·
997 2307 1161 2371 falsarium
1179 2317 1210 2370 et
1225 2309 1426 2387 sacrilegum,
1459 2306 1513 2387 qui
1528 2300 1825 2384 audeataliquidio

155 2397 367 2481 dentesquidem
397 2404 572 2465 excusatin
600 2405 809 2484 Septuaginta
835 2405 943 2486 hujus·
996 2407 1155 2467 veteribus
1176 2407 1263 2467 tibris
1292 2406 1411 2478 tollere,
1428 2405 1556 2477 addere,
1580 2407 1714 2474 mutare,
1729 2399 1825 2463 corri-

157 2499 214 2559 ncli
236 2501 492 2582 interpositiones
519 2508 551 2564 et
579 2503 831 2582 perturbationes
855 2518 945 2567 'eone
997 2503 1096 2586 gere?
1122 2503 1380 2590 Adversusohsnc
1407 2502 1558 2563 invidiam
1584 2515 1762 2580 precavere
1788 2514 1823 2562 se

155 2600 228 2658 teitus
246 2601 348 2673 sacri3
378 2599 433 2660 sed
456 2600 592 2679 ingenue
620 2602 738 2663 fatetur
768 2590 874 2665 mutii
901 2590 959 2668 ill.
996 2587 1216 2689 Hi'et‘paynhus'
1237 2589 1511 2664 clamitiacum
1540 2599 1680 2662 odilione
1706 2599 1823 2663 Latin·

156 2692 186 2752 eis
201 2695 279 2758 luisse
308 2698 428 2771 addita,
454 2717 525 2778 quae
540 2701 697 2778 complete
724 2701 869 2785 viderant
882 2721 940 2766 suo
994 2685 1388 2762 sacrorum‘biittbmn³:·'
1404 2682 1436 2760 eh
1452 2717 1491 2760 ne
1507 2699 1640 2759 multum
1668 2714 1688 2759 a
1715 2697 1824 2760 lectio-

156 2795 282 2871 tenpore:
314 2797 371 2856 etsi
413 2796 454 2857 ab
489 2792 717 2877 hagiographis
759 2786 941 2861 asciscitis-'s
996 2799 1189 2884 blt‘leatinie
1200 2796 1429 2859 consuetudine
1453 2796 1636 2872 diseederet,
1665 2794 1711 2857 its
1739 2794 1823 2857 esla-

155 2891 227 2964 pcsits
259 2893 386 2954 minime
428 2895 665 2974 repertircntur.
700 2897 745 2956 Ad
775 2885 942 2960 ebrietatis
995 2890 1047 2959 inb
1071 2881 1334 2976 tempestariis
1365 2893 1411 2981 lit
1432 2895 1663 2981 dilutumque
1694 2909 1821 2955 sensum

154 2983 228 3066 itaque
254 3009 458 3071 quascunque
487 2992 675 3070 quaestiones
702 2993 761 3054 sibi
797 2996 940 3075 proposi·
994 3004 1118 3061 mutare
1142 2997 1338 3070 videbantur,
1365 2979 1524 3067 coireilis,
1553 2992 1677 3072 reliqua
1705 2990 1821 3074 saepius

154 3086 208 3143 tsse
230 3087 311 3148 libris
338 3088 512 3163 canonicis,
546 3089 839 3169 interpretationem
868 3093 939 3154 Hie·
993 3114 1120 3157 manere
1137 3100 1309 3174 pateretur,
1323 3099 1357 3154 ut
1373 3099 1446 3155 ante
1460 3093 1597 3154 fuerant.
1616 3091 1650 3152 ld
1665 3089 1732 3171 ipse
1747 3106 1822 3171 pro·

155 3186 346 3259 onynisnum,
377 3205 448 3267 qnae
483 3192 529 3247 est
570 3205 609 3249 ex
646 3189 790 3263 Hebraeo,
823 3181 976 3269 ubiqusC
996 3194 1103 3255 fitetur
1117 3193 1147 3253 in
1165 3192 1300 3271 epistola
1315 3193 1355 3253 ad
1381 3194 1481 3252 Sunn.
1508 3195 1539 3250 et
1554 3188 1668 3250 Fretel.
1686 3204 1758 3249 cum
1782 3187 1822 3250 de

154 3280 382 3344 tetensdbibet.
408 3288 510 3351 Quare
524 3284 640 3364 saepius
669 3303 739 3345 enm
770 3286 815 3346 sic
843 3287 940 3348 disse·
994 3293 1125 3369 antiquo
1140 3291 1311 3369 interprete
1327 3289 1437 3349 Latino
1453 3302 1631 3348 sermonem
1662 3284 1818 3347 instituit:

154 3381 237 3438 antem
260 3380 388 3441 audias:
405 3379 470 3471 Sed
487 3401 583 3462 neque
610 3381 678 3443 ulla
706 3381 865 3445 Hebraico
888 3405 939 3444 ue·
992 3386 1056 3447 Sed
1095 3386 1268 3465 sciendum,
1312 3386 1425 3467 inquit,
1471 3382 1555 3464 quod
1583 3381 1757 3463 ubicunque
1784 3381 1819 3441 in

154 3472 217 3534 ritate
228 3480 284 3539 ista
299 3479 435 3541 soluitur
449 3482 578 3562 questio
596 3503 603 3542 ε
620 3490 650 3543 et
678 3483 795 3544 ibidem
825 3493 937 3564 quoest.
996 3484 1108 3546 Graeco
1123 3484 1274 3551 scriptum
1289 3488 1346 3559 est,
1364 3481 1549 3562 glorificate,
1567 3480 1702 3542 Latinus
1718 3481 1818 3541 iuter·

156 3568 225 3633 titis
250 3577 422 3638 Genesim:
456 3577 525 3655 Qui
552 3598 656 3639 omnes
689 3579 939 3642 adnaemerantur
983 3592 1071 3664 pres,
1089 3581 1298 3662 magnificate,
1314 3579 1530 3657 transtulerit,
1547 3579 1718 3640 seeundum
1732 3577 1818 3640 illud

153 3674 281 3750 sexaginta
309 3695 363 3735 sex
392 3673 582 3747 hominibus,
612 3697 681 3737 cum
705 3678 819 3758 quibus
843 3679 937 3747 lacob
991 3680 1123 3760 quadiu
1147 3679 1257 3740 Exodo
1285 3679 1429 3740 dieitur:
1465 3677 1638 3739 Cantemus
1664 3675 1816 3758 Domino,

155 3760 359 3853 t'tAEgyptum
378 3774 470 3834 etiam
484 3775 652 3834 secundum
668 3775 858 3838 Hebraicana
886 3799 937 3838 ue·
989 3777 1133 3859 gloriose
1153 3778 1235 3838 enim
1251 3778 1480 3858 magnificatus
1508 3781 1555 3837 est
1577 3775 1694 3857 (Exod.
1710 3794 1761 3850 xv,
1779 3775 1814 3856 Ι).

150 3861 449 3952 calumpniabatur
473 3873 620 3934 intrasse.
638 3875 825 3936 Hebraicam
855 3878 936 3939 veri·
990 3877 1056 3938 Pro
1071 3898 1132 3958 quo
1147 3878 1180 3938 in
1199 3876 1311 3939 Gracc
1329 3876 1492 3957 scribitur,
1521 3876 1717 3956 glorificatus
1743 3880 1814 3936 est:

149 3960 214 4025 tcum
238 3979 325 4030 vocat
357 3990 429 4032 cum
461 3973 653 4053 Hieronymo
682 3973 827 4036 Latinam
857 3976 937 4056 ejus·
989 3973 1092 4034 sedin
1107 3973 1219 4036 Latino
1233 3993 1373 4034 sermone
1388 3972 1418 4034 si
1444 3977 1670 4050 transferatur,
1698 3972 1743 4045 nt
1768 3970 1818 4032 iu·

147 4053 193 4120 len
213 4068 447 4129 translationem
476 4069 518 4130 ad
542 4071 745 4131 Hebraeorum
774 4073 936 4136 volumina
989 4071 1102 4133 decora
1131 4072 1313 4134 translatio.
1342 4071 1387 4134 Et
1427 4091 1484 4131 nos
1513 4070 1712 4130 emendantes
1739 4067 1816 4130 olim

142 4163 342 4223 uicinitatem.
368 4169 405 4226 Et
422 4166 503 4227 bano
519 4173 608 4228 tanta
634 4168 696 4228 tide
719 4169 750 4228 in
775 4188 831 4231 suo
858 4170 935 4253 Spe·
966 4169 1194 4248 ‘Psalterium,
1212 4168 1387 4249 ubicunque
1411 4188 1522 4228 seusus
1551 4167 1633 4228 idem
1653 4171 1711 4247 est,
1736 4171 1816 4227 oete-

137 4255 189 4315 cala
211 4268 397 4325 secutusest
424 4266 629 4344 Augustinus,
648 4273 680 4328 ut
704 4268 783 4330 nihil
807 4288 936 4348 prorsus
988 4287 1058 4328 rum
1088 4267 1292 4349 intrepretum
1319 4265 1575 4327 cousuetudinem
1609 4270 1731 4326 mutare
1757 4285 1816 4326 nc-

133 4350 154 4413 in
175 4357 248 4418 illud
277 4364 470 4440 congesserit
506 4369 620 4443 praeter
652 4365 810 4444 ipsissima
840 4369 934 4431 verba
988 4365 1118 4438 luimus,
1149 4385 1185 4425 ne
1212 4365 1311 4426 nimia
1346 4365 1483 4426 nouitate
1511 4364 1639 4426 lectoris
1672 4363 1815 4426 studium

129 4468 183 4531 que
208 4456 358 4537 leguntur
383 4459 415 4521 in
440 4462 553 4523 Latine
581 4466 783 4527 tnetrumenti
821 4469 934 4529 veteris
988 4469 1184 4524 terreremus.
1202 4465 1237 4525 Et
1261 4463 1345 4527 intre
1360 4465 1398 4526 de
1413 4464 1524 4525 eodem
1540 4462 1635 4526 verbo
1657 4461 1816 4541 honorifi-

124 4549 369 4633 interpretatione
384 4557 424 4617 ab
441 4560 632 4640 Hieronymo
648 4563 732 4622 edita
757 4566 850 4641 y'cxta
876 4568 932 4627 tte·
949 4552 971 4616 Β
986 4560 1080 4634 cabit,
1097 4564 1143 4624 vet
1160 4562 1373 4643 glorificabit,
1402 4563 1486 4624 idem
1516 4579 1644 4642 quoque
1668 4561 1814 4642 replicat,

120 4646 247 4713 brsicam
273 4654 448 4717 veritatem.
473 4657 655 4719 Audiendus
683 4668 730 4721 est
753 4681 848 4742 super
872 4665 933 4726 bac
986 4660 1093 4722 dicens
1110 4678 1117 4720 :
1135 4660 1307 4721 Nolnimus
1321 4680 1399 4741 ergo
1415 4660 1581 4720 immittere
1595 4658 1680 4741 quod
1700 4657 1739 4721 ab
1755 4677 1816 4719 au·

117 4764 144 4808 re
160 4749 298 4811 domnus
313 4751 452 4814 'thomas
479 4753 624 4835 Blempin
652 4755 715 4836 (cui
737 4761 835 4837 gratis
863 4762 930 4822 eni·
986 4756 1086 4837 tiqnis
1102 4757 1277 4838 legebatur,
1298 4759 1374 4840 qnia
1395 4757 1476 4818 idem
1506 4777 1617 4818 sensus
1640 4763 1744 4818 erat...
1760 4757 1816 4818 sed

114 4838 166 4898 mis
205 4847 370 4921 acceptam
410 4843 574 4905 referimus
611 4847 780 4911 editionem
816 4869 930 4912 novum
986 4859 1015 4913 at
1029 4860 1063 4914 iu
1078 4852 1136 4915 hoc
1151 4856 1242 4916 neella
1257 4862 1303 4916 est
1318 4876 1428 4916 seusus
1442 4855 1574 4916 mutatio
1592 4859 1643 4916 :et
1670 4875 1728 4917 nos
1755 4873 1816 4916 an·

109 4952 238 5015 operum
268 4941 302 5000 S.
331 4940 524 5019 Augustini).
553 4942 583 5003 Is
616 4943 700 5005 enim
741 4947 773 5007 in
815 4949 931 5010 librum
986 4951 1106 5032 tiquam
1132 4954 1417 5036 interpretationem
1444 4958 1614 5034 sequentes,
1644 4952 1729 5035 quod
1752 4970 1814 5013 non

106 5029 233 5113 Speculi
256 5033 408 5098 lectorem
430 5039 632 5118 praemonuit,
662 5042 793 5104 dicens:
829 5046 932 5109 Porro
986 5047 1125 5126 nocebat,
1142 5056 1262 5111 atrectare
1277 5051 1460 5112 noluimus:
1484 5050 1658 5113 Diflciliora
1679 5068 1754 5113 vero
1783 5060 1815 5111 et

104 5150 174 5189 cum
190 5130 235 5190 ad
250 5131 345 5212 vulgi
359 5155 449 5195 usum
479 5136 568 5197 istud
585 5138 676 5218 piune
703 5149 780 5222 opus
808 5154 932 5226 canipa·
987 5146 1422 5212 obscuralibriEcelesiastae
1449 5149 1482 5209 in
1498 5148 1626 5211 modum
1657 5164 1815 5212 commen·

104 5227 239 5289 rarctS.
257 5227 390 5311 Doctor,
414 5253 448 5293 eo
474 5233 578 5295 noluit
604 5236 670 5296 nisi
699 5240 864 5312 faciliores
881 5244 933 5303 in·
988 5245 1092 5307 tarioli
1115 5248 1300 5323 edisserens,
1331 5245 1481 5309 novitatis
1509 5246 1605 5310 etium
1635 5247 1739 5308 nimie}
1763 5244 1813 5306 in·
1848 5270 1859 5277 ··

102 5325 230 5387 tellecta
238 5331 462 5411 preceptiones
476 5333 704 5416 comprehendi.
738 5338 812 5416 Quo
839 5341 932 5403 etiam
988 5343 1106 5407 vidium
1136 5346 1294 5409 declinare
1331 5345 1497 5418 sollicitus,
1526 5345 1572 5407 its
1598 5343 1752 5424 prooemio
1781 5343 1814 5406 ln

102 5424 244 5485 concilio
270 5426 442 5489 minctum
469 5431 637 5499 credimus,
668 5440 702 5493 ut
716 5438 855 5498 versione
866 5446 932 5500 ute·
988 5442 1134 5504 eumdem
1158 5443 1429 5507 Commentarium
1453 5442 1577 5503 aiebat:
1593 5437 1815 5501 Hacbreuiter

102 5526 194 5580 retur
209 5542 273 5582 nou
297 5544 333 5585 eu
351 5524 462 5588 Graec
476 5525 577 5603 LXX,
594 5548 685 5608 quam
701 5536 789 5614 sequi
802 5537 930 5629 solebat,
989 5540 1170 5623 admoneus,
1201 5544 1285 5626 quod
1313 5542 1437 5604 nullius
1457 5538 1673 5600 auctoritatem
1687 5543 1813 5601 secutus

102 5617 161 5679 sed
175 5638 215 5678 ex
229 5618 375 5707 Hebraea,
403 5625 588 5709 quodiana
614 5626 736 5692 demum
764 5637 933 5718 comperis·
989 5658 1059 5701 sum
1069 5661 1081 5717 ;
1107 5635 1164 5701 sid
1181 5642 1220 5706 de
1246 5641 1381 5704 Hebroeo
1408 5643 1614 5720 transferens,
1639 5637 1815 5720 magisne
