3870 6120
180 240 252 299 1⁴23
702 243 732 297 8.
752 242 956 301 amberiam
974 244 1102 299 nivirta
1119 240 1367 299 ammoneatis.

214 368 229 423 J
234 370 301 422 uxta
316 368 457 438 praccepta
472 379 590 437 quoque
607 363 695 421 Darid
707 364 879 436 novissima,
895 380 1004 440 eappa·
1017 371 1046 440 Α
1095 364 1342 439 vigesimaprima
1354 360 1471 430 laabin,

178 440 291 496 labitur
306 453 448 492 numerus
464 438 592 493 fitiorum
609 437 675 491 Levi
693 455 709 493 a
728 438 831 510 viginti
861 437 947 495 annis
975 442 1004 494 et
1095 436 1353 511 Vigestnrasecuda
1367 433 1482 501 (iamai,

179 527 279 580 supra.
1094 507 1331 582 vigesimatertia
1347 506 1475 570 Daiaiau,

214 582 249 636 Et
264 583 350 636 erunt
366 579 422 634 sub
438 596 528 636 manu
545 580 671 636 liliorum
683 580 940 637 AaroniucoItum
953 580 1001 637 aa·
1094 581 1362 653 vigesimaquarta
1378 577 1522 634 Maazian.
1602 646 1608 659 ·
1637 645 1646 660 .
1714 646 1722 659 ·

179 668 245 709 mus
260 651 387 718 Domini,
404 654 433 705 in
448 651 613 721 vestibulis,
629 658 658 707 et
673 652 702 707 in
718 653 841 719 exedris,
857 657 886 708 et
897 653 926 707 in
942 650 1004 708 ioco
1095 651 1142 707 iiaa
1159 654 1236 707 vices
1250 666 1350 708 earum
1379 649 1542 707 secundum
1568 649 1745 704 ministeria
1771 663 1836 720 sna,
1860 653 1888 706 ut

179 722 407 796 purificationis,
424 727 452 778 et
477 725 506 777 in
536 724 715 790 sanctuario,
743 730 772 780 et
800 726 829 780 in
859 724 1005 780 universis
1060 719 1886 850 inffiredianturdomumDnraini,etiuxtaritnmanuna

180 795 318 868 operibus
335 794 489 849 ministerii
506 794 607 867 templi
625 795 749 852 Domini.
1060 812 1095 851 su
1132 811 1220 851 manu
1238 796 1332 850 Aaron
1346 799 1438 864 patras
1451 808 1553 849 eorum
1567 795 1671 848 :areat
1685 797 1828 865 praecepit
1839 792 1886 849 Do·

217 865 390 922 Sacerdotes
405 872 513 932 autem,
530 883 618 937 super
653 883 723 922 anes
738 865 955 939 propositionis,
978 868 1008 922 et
1061 866 1161 922 minus
1175 872 1254 922 Deus
1270 865 1370 932 israel,

183 938 218 993 ad
236 936 338 993 similae
354 937 544 1005 saeritlcium,
564 943 592 993 et
606 884 650 993 οἱ
658 939 761 1009 legana
776 955 887 1011 azyma,
903 948 933 993 et
943 954 1008 993 aar·
1097 941 1183 993 Porro
1195 937 1322 993 tiliorum
1337 935 1411 1001 Levi,
1427 933 1479 1005 qui
1494 932 1600 1062 reliqsui
1618 934 1753 1005 ioanni,
1766 934 1816 1018 'de
1827 934 1886 993 liliis

182 1010 323 1081 tagincm,
340 1017 365 1063 et
382 1009 417 1063 ad
432 1009 591 1064 ferraniam
603 1010 731 1065 similam
744 1013 764 1078 ¹,
781 1015 810 1066 et
824 1025 1007 1082 superamus
1060 1010 1180 1073 dmram
1197 1013 1259 1065 erat
1271 1005 1424 1072 Subael,et
1438 1006 1551 1062 dellius
1578 1005 1806 1074 ahasttedau.

182 1081 299 1152 pondus
314 1084 402 1152 atque
418 1097 598 1136 mensuram.
1096 1080 1215 1136 delitiis
1230 1094 1347 1153 quaqua
1362 1077 1477 1134 Roobie
1489 1077 1630 1205 princeps
1645 1078 1758 1134 iosias.

219 1152 323 1207 Levitae
339 1167 416 1222 vero,
434 1156 466 1206 ut
480 1158 559 1208 strat
579 1168 665 1208 mane
689 1153 724 1207 ad
752 1151 950 1209 confitendum
978 1154 1008 1207 et
1096 1153 1186 1208 isaari
1202 1168 1269 1209 varo
1286 1151 1363 1208 lilius
1385 1149 1545 1217 salemoth,
1572 1149 1721 1222 aruaque
1748 1148 1882 1207 Selemath

183 1223 347 1279 canendum
362 1222 504 1279 Domino:
522 1224 716 1295 similiterque
726 1223 762 1279 ad
773 1239 934 1295 vesperam,
946 1228 1007 1278 tam
1061 1222 1147 1280 taath
1161 1241 1168 1280 :

183 1295 213 1350 in
230 1295 378 1352 oblatione
393 1293 631 1351 holocaustorum
650 1296 773 1350 Domini.
791 1311 880 1367 quarn
897 1296 925 1350 in
942 1295 1009 1350 aab·
1099 1294 1249 1367 illiusque
1263 1294 1328 1367 ejus
1342 1292 1453 1362 Jeriau,
1468 1291 1603 1349 amarias
1619 1293 1787 1361 secundus,
1805 1292 1885 1350 tutat

184 1367 260 1421 hatis
271 1371 300 1421 ct
314 1365 458 1432 kalendis,
475 1372 503 1421 et
518 1366 755 1422 solemnitatibus
779 1366 911 1438 reliquis,
923 1366 1009 1437 juxta
1063 1366 1179 1432 tertius,
1194 1370 1332 1422 Jecmaan
1371 1369 1481 1420 uartus.

184 1453 340 1493 numerum
356 1440 384 1491 et
399 1439 586 1494 caeremonias
596 1438 826 1509 uuiuscujusque
836 1438 889 1509 rei,
897 1437 1010 1509 jugiter
1099 1438 1191 1493 Filius
1204 1437 1291 1504 Oziel,
1307 1436 1360 1492 iiie
1385 1452 1421 1492 a:
1438 1434 1518 1491 iilius
1529 1433 1640 1503 bilche,
1650 1434 1764 1492 Samia.

184 1525 283 1565 eoram
301 1509 433 1563 Domino,
1098 1508 1431 1576 nantuadensium:
1447 1506 1588 1578 illiusque
1610 1505 1701 1565 tesia
1730 1507 1884 1565 Zacharias.

218 1580 254 1636 Et
267 1580 436 1636 custodiant
450 1579 667 1637 observationes
682 1579 862 1636 tabernaculi
879 1578 1008 1646 laederis,
1099 1579 1164 1635 i'ilii
1179 1580 1294 1650 Morari,
1310 1578 1396 1636 bineli
1410 1584 1440 1634 et
1454 1577 1541 1634 illusi.

182 1655 212 1709 et
240 1652 329 1707 ritum
359 1652 540 1720 sanctuarii,
565 1659 593 1708 et
621 1653 852 1708 observationem
880 1651 1007 1706 filiorum
1100 1650 1423 1718 Filiustiau,Benno.

187 1731 282 1778 Aaron
304 1724 577 1794 iratrumsaorum,
607 1728 640 1779 ut
669 1724 837 1779 ministrent
862 1723 892 1778 iu
921 1722 1048 1801 dnmoB
1098 1723 1191 1851 iiiitikps
1204 1739 1318 1796 queque
1333 1720 1448 1790 iterari,
1463 1720 1552 1778 Oziau
1568 1724 1599 1777 et
1614 1722 1708 1779 Soem
1723 1725 1755 1778 et
1782 1720 1885 1778 Zachm

185 1793 310 1850 Domini.
1063 1798 1093 1850 et
1132 1795 1205 1851 eri.

221 1865 530 1939 (Cap.Xii1V.)Porro
550 1865 619 1922 filiis
647 1869 740 1923 baron
768 1865 812 1921 haa
840 1864 1012 1938 partitiones
1064 1866 1186 1993 lbPorro
1215 1865 1301 1924 bionii
1327 1864 1404 1923 iilius
1431 1864 1567 1935 Eleazar,
1598 1865 1652 1937 qui
1683 1880 1745 1922 non
1772 1864 1889 1922 habebat

186 1942 293 1993 erant:
1077 1936 1084 1992 i
1108 1954 1183 1994 eros.

223 2008 286 2063 Filii
304 2011 398 2064 Aaron
415 2023 421 2064 :
438 2009 551 2078 Nadab,
567 2013 596 2065 et
609 2009 695 2080 Abin,
711 2014 741 2066 st
753 2008 879 2079 Eleazar,
896 2013 926 2065 et
937 2007 1013 2064 itha·
1100 2008 1193 2065 Filius
1207 2022 1275 2063 vero
1290 2007 1348 2074 Cis,
1364 2004 1518 2064 Jerameel.

187 2096 261 2136 mar.
1100 2081 1164 2137 Filii
1175 2079 1262 2146 hiasi,
1279 2078 1375 2150 bineli,
1393 2079 1465 2135 Edar
1478 2082 1508 2135 et
1520 2076 1685 2136 Jarimoth.

223 2150 329 2207 Mortui
345 2154 416 2206 sunt
431 2157 528 2206 autem
543 2151 645 2206 Nadab
660 2157 688 2208 et
703 2152 778 2207 Abiu
805 2156 872 2208 ante
901 2154 1013 2223 patrem
1101 2152 1151 2208 lati
1167 2151 1220 2207 liiii
1237 2154 1300 2207 Levi
1316 2150 1476 2206 secundum
1489 2150 1596 2207 domas
1615 2149 1805 2209 iamiliarnm
1828 2167 1890 2209 aua·

187 2238 276 2277 suum
298 2222 411 2292 absque
434 2221 545 2290 liberis,
571 2224 793 2295 sacerdotioque
822 2224 940 2279 iunctus
969 2225 1013 2278 ast
1064 2239 1142 2279 rum.

185 2293 314 2358 Eleazar,
330 2298 358 2347 et
372 2293 511 2348 ithamar.
1101 2295 1301 2365 biiseruntqua
1311 2292 1337 2349 ei
1348 2292 1505 2376 ipsisortes
1516 2293 1892 2351 contrairatressuosiilina

222 2364 257 2419 Et
271 2363 371 2418 divisit
386 2380 434 2418 eos
448 2364 550 2430 David,
567 2364 595 2418 id
612 2368 666 2431 est,
684 2365 778 2420 Sation
793 2365 829 2421 de
845 2364 914 2422 filiis
929 2363 1013 2420 Elea·
1064 2366 1169 2436 Aaron,
1186 2381 1284 2421 coram
1299 2364 1388 2421 David
1405 2381 1481 2437 rege,
1496 2370 1526 2421 et
1540 2365 1651 2434 Sados,
1671 2371 1704 2421 et
1731 2366 1891 2423 abimahel

185 2439 290 2503 zar,ei
313 2434 484 2489 ahimelech
513 2436 549 2489 de
578 2435 648 2491 filiis
679 2437 820 2505 ithamar,
850 2437 1012 2492 seeundum
1065 2443 1095 2495 et
1110 2436 1294 2510 principibus
1308 2434 1488 2492 familiarum
1504 2436 1743 2494 sacerdotalium
1756 2438 1891 2495 etheriti·

186 2506 264 2562 vices
280 2523 349 2562 suas
360 2511 389 2561 et
405 2506 615 2573 ministerium,
1065 2525 1180 2574 carum,
1197 2512 1256 2563 tam
1271 2510 1408 2579 majores,
1425 2524 1514 2579 quam
1529 2508 1677 2566 minores.
1701 2509 1813 2566 Omnes
1838 2526 1892 2566 sors

224 2577 393 2648 Inventiqua
404 2581 475 2632 sunt
487 2578 581 2633 nrulto
590 2577 689 2651 plures
700 2577 752 2633 filit
763 2578 881 2635 Eleazar
892 2579 921 2635 in
936 2577 1015 2651 pria·
1064 2581 1218 2680 aqualiter
1232 2578 1390 2642 dividebat.

191 2649 307 2721 cipibus
322 2648 404 2713 viris,
419 2665 509 2721 qaam
522 2649 574 2703 filii
593 2650 731 2705 ithamar.
1101 2653 1178 2724 ,Cap¹
1195 2650 1292 2723 xlta]
1307 2651 1397 2723 Igitur
1422 2649 1513 2706 David
1543 2654 1575 2706 ei
1595 2651 1797 2722 magistratus
1822 2666 1890 2709 exer·

225 2720 330 2776 Divisit
344 2725 441 2775 autem
457 2720 510 2789 eis,
527 2719 580 2776 boc
595 2725 650 2786 esi,
675 2721 745 2777 filiis
773 2721 900 2789 Eleazar,
929 2720 1013 2792 prin·
1066 2723 1143 2781 citus
1158 2726 1387 2795 segregaverunt
1402 2721 1432 2776 ia
1448 2720 1654 2778 ministerium
1665 2722 1891 2795 iilioaAsapb,at

189 2791 335 2873 eipespar
350 2792 477 2847 iamilias
492 2792 616 2848 sedecim
634 2808 641 2847 :
657 2796 686 2848 et
709 2791 777 2849 aliia
807 2792 937 2849 ithamar
964 2807 1016 2864 per
1066 2797 1213 2865 Eman,et
1228 2792 1367 2852 idithun:
1383 2793 1432 2920 qui
1448 2792 1667 2866 prophetarent
1681 2795 1711 2850 in
1727 2794 1888 2860 eitharia,at

189 2863 317 2920 laminas
336 2866 364 2919 et
378 2862 480 2920 domos
491 2880 560 2919 suas
574 2868 648 2919 octo.
1066 2864 1226 2938 psalteriis,
1242 2869 1271 2920 at
1282 2865 1387 2933 cymba
1401 2864 1436 2928 is,
1452 2865 1618 2921 secundum
1633 2881 1799 2923 nnmerum
1812 2880 1888 2922 saum

225 2936 313 2990 Porro
328 2934 429 2990 divisit
444 2938 586 3007 utrasque
602 2935 677 2989 inter
690 2951 721 2991 se
734 2934 860 2990 familias
870 2934 1014 2990 sortibus:
1067 2938 1201 2995 dedicato
1216 2935 1272 2992 sibi
1289 2936 1386 2992 otllnio
1400 2935 1581 2993 servientes:

188 3010 273 3062 erant
287 3005 365 3062 enim
382 3006 530 3077 principes
545 3007 716 3072 sanctuarii,
729 3012 758 3061 et
776 3008 924 3078 principes
953 3005 1015 3075 Dei,
1103 3008 1144 3065 Da
1160 3007 1228 3063 liliis
1241 3005 1338 3089 Asaph
1353 3022 1359 3062 :
1375 3006 1500 3077 Zachur,
1514 3011 1542 3064 at
1557 3004 1683 3080 ioseph,
1698 3010 1730 3064 et
1745 3006 1888 3074 brabanti,

187 3083 248 3133 tana
264 3077 383 3133 delitiis
399 3077 516 3133 Eleazar
542 3094 629 3150 quam
646 3078 681 3132 de
698 3077 765 3132 liliis
781 3077 922 3134 libamen.
1026 3100 1049 3170 c
1067 3083 1097 3138 et
1111 3079 1241 3146 Asarela,
1257 3078 1310 3134 lilia
1325 3077 1442 3151 saaph:
1459 3079 1514 3135 suh
1529 3094 1623 3135 manu
1639 3078 1764 3152 asaph:
1781 3080 1889 3154 propos

224 3148 441 3219 Descripsitque
451 3166 500 3204 eos
513 3121 644 3205 §sareias
657 3147 733 3203 hliua
746 3146 1012 3205 Nathanasiscriba
1067 3151 1157 3209 tantis
1167 3151 1254 3221 juxta
1267 3165 1375 3222 regem.

188 3221 314 3287 Levites,
329 3236 426 3275 coram
444 3237 473 3276 re
497 3226 555 3276 eet
570 3221 763 3293 principibus,
780 3224 807 3276 et
827 3218 942 3276 Sadoeb
967 3236 1014 3276 aa·
1104 3223 1191 3279 Porro
1227 3221 1367 3278 idithun:
1397 3218 1449 3277 lilii
1478 3218 1596 3277 idithun
1642 3219 1886 3292 abbatissam

187 3291 313 3359 cerdota,
331 3296 359 3346 et
374 3238 542 3347 Abimeffeeh
564 3291 623 3346 litio
650 3291 801 3358 abiathar,
832 3291 1016 3363 principibus
1066 3293 1189 3358 Jeseias,
1204 3296 1234 3349 et
1247 3293 1382 3361 laubias,
1398 3296 1426 3348 et
1441 3291 1635 3358 Matbatbias,
1651 3309 1706 3349 sex
1725 3293 1784 3350 sub
1810 3307 1887 3348 mann

188 3377 309 3432 quaque
325 3360 504 3417 tantillarum
522 3362 746 3417 sacerdotalium
763 3369 791 3417 et
809 3362 1014 3418 Leviticarum:
1067 3363 1220 3438 patrissui
1237 3364 1368 3433 idithun,
1383 3363 1434 3435 qui
1449 3363 1562 3419 eithara
1585 3363 1793 3436 prophetabat
1813 3377 1888 3437 anper

189 3433 789 3559 unamdamurn,quaaeaterisEranam,
819 3434 956 3489 Eleazar:
987 3438 1016 3489 et
1068 3436 1280 3493 confitenteset
1294 3436 1448 3492 laudantes
1465 3435 1634 3491 Dominum.

190 3502 311 3558 aiteram
326 3503 460 3571 domum,
475 3520 538 3576 qum
549 3506 603 3560 sub
615 3520 647 3559 se
679 3504 785 3560 abebat
796 3509 925 3573 caeteros,
938 3503 1015 3561 itha·
1103 3508 1194 3563 Eman
1210 3522 1327 3578 qnoque
1342 3522 1349 3562 :
1367 3505 1420 3561 filii
1433 3509 1536 3575 Eman,
1564 3505 1710 3573 Becciau,
1738 3504 1888 3573 Mattiacis,

191 3591 265 3630 rnar.
1067 3578 1156 3646 oziel,
1173 3578 1292 3647 Sabaei,
1303 3580 1332 3634 et
1345 3577 1500 3645 ierimoth,
1514 3576 1661 3646 Ananias,
1687 3576 1794 3636 Anapi
1819 3576 1888 3634 Eira·

227 3644 319 3701 linivit
335 3649 432 3701 satem
446 3662 510 3703 sors
522 3647 617 3718 prima
636 3646 760 3718 iotarib,
1067 3651 1128 3719 tha,
1144 3649 1309 3718 Geddetthi,
1325 3652 1353 3706 et
1377 3647 1620 3717 ttamemtiriazar‚
1651 3652 1681 3706 et
1714 3649 1886 3713 tesbaeassa.

227 3717 361 3772 Secunda
375 3717 493 3784 tedeiae,
1069 3720 1214 3789 Mattatht,
1229 3719 1332 3776 Otbir:
1349 3719 1492 3776 hiazinth:

225 3788 322 3843 Tertia
337 3789 448 3855 liariter,
1103 3792 1212 3849 Omnes
1225 3790 1275 3848 isti
1290 3790 1341 3846 tilii
1353 3792 1445 3847 Eman
1458 3789 1594 3846 Videntls
1609 3789 1737 3864 regiain
1757 3788 1887 3848 sermoni·

226 3862 335 3926 Quarta
345 3861 469 3926 seorim,
1066 3863 1124 3920 bas
1141 3864 1200 3931 Dei,
1218 3869 1249 3919 ut
1262 3861 1403 3920 exaltarat
1416 3878 1506 3918 noran
1519 3878 1527 3918 ι
1542 3860 1692 3934 deditque
1713 3863 1792 3921 Deus
1808 3862 1888 3919 Euaza

224 3932 329 3997 Quinta
348 3931 480 3997 lialohia,
1067 3935 1144 3990 iiiios
1161 3935 1372 4008 quatordecim,
1388 3938 1417 3991 et
1430 3933 1507 3990 illies
1520 3937 1593 3989 tres.

223 4008 308 4058 sexta
324 4004 462 4071 birrimaa,
1103 4005 1236 4062 Universi
1251 4007 1306 4062 sub
1323 4022 1411 4065 manu
1428 4003 1582 4078 patrissui
1599 4005 1637 4060 ad
1662 4004 1845 4062 cantandum
1861 4002 1887 4059 ia

222 4075 353 4145 Septima
368 4080 470 4144 beans,
1065 4079 1175 4151 templo
1191 4076 1307 4133 Domini
1322 4075 1473 4133 distributi
1501 4082 1597 4141 arant,
1628 4075 1660 4131 in
1693 4075 1846 4150 cymbalis.
1865 4080 1888 4131 st

222 4146 329 4202 Daiara
344 4145 426 4211 Abia,
1066 4148 1224 4233 psalteriis,
1242 4152 1271 4203 et
1285 4148 1406 4204 citharis
1422 4149 1451 4204 in
1466 4146 1636 4203 ministeria
1647 4146 1764 4205 domus
1784 4144 1887 4205 Domini

222 4217 406 4273 NonaJesue
1080 4225 1147 4276 uxta
1175 4235 1297 4295 regem:
1322 4219 1420 4292 Asapb
1449 4219 1606 4290 videlicet,
1634 4221 1665 4275 ei
1696 4219 1887 4289 idithun,at

222 4289 339 4371 Decima
355 4262 507 4371 Sachama,
1061 4236 1168 4348 {imam
1860 4361 1866 4372 ι

221 4360 382 4415 Undecima
398 4359 517 4426 Elrasrb,
1102 4362 1167 4419 Fuit
1181 4365 1279 4418 autem
1296 4378 1437 4419 numerus
1451 4376 1552 4418 eorum
1569 4376 1640 4418 eum
1666 4360 1888 4431 emeritanus,

224 4432 399 4514 truotleoima
414 4430 519 4496 danim,
1027 4466 1052 4533 D
1068 4435 1118 4561 gui
1134 4433 1310 4490 erudiebant
1324 4434 1471 4490 canticum
1482 4431 1616 4503 Domini,
1627 4434 1735 4492 naneti
1757 4436 1886 4500 daem.

222 4502 435 4558 Torlradeerma
449 4501 572 4573 Hoppba
1090 4505 1184 4560 taeenti
1196 4504 1345 4578 octoginta
1361 4510 1434 4562 noto.

222 4572 444 4639 Quartodecima
459 4572 573 4643 isbaab,
1098 4577 1301 4648 hiiseruatque
1314 4581 1406 4633 sortes
1421 4592 1473 4648 per
1486 4573 1565 4633 vices
1581 4591 1669 4648 suaa,
1685 4592 1724 4634 ex
1738 4592 1820 4651 aequo
1836 4580 1884 4633 un

222 4644 443 4709 Quintadseima
458 4645 553 4716 Belga,
1061 4649 1157 4718 maj0r
1171 4664 1258 4720 quam
1271 4648 1377 4714 minor,
1400 4647 1504 4704 doetus
1531 4646 1660 4719 pariter,
1691 4654 1726 4706 et
1754 4650 1882 4706 induatur.

219 4717 422 4771 sextadecima
434 4718 561 4785 Emmer,
1095 4721 1279 4792 Egressaque
1293 4724 1337 4777 est
1352 4735 1416 4776 sors
1431 4718 1527 4793 prima
1539 4717 1669 4792 loseph,
1696 4720 1752 4794 qul
1779 4722 1838 4779 erat
1855 4718 1881 4775 da

218 4786 468 4858 Septimadecima
483 4788 556 4854 iizir,
1059 4791 1156 4864 Asaph

218 4859 439 4914 Octavadecima
457 4858 581 4930 Aplrscs,
1094 4863 1228 4919 Secunda
1243 4861 1381 4934 nodatis,
1396 4860 1453 4935 ipsi
1469 4858 1598 4933 attritis,
1614 4865 1646 4919 et
1663 4862 1812 4922 fatribus
1831 4862 1879 4935 qu

216 4929 416 4985 Nonadccima
428 4928 578 4996 Phoibaia,
1060 4934 1226 4990 duodecim.

216 5001 366 5074 vigesima
380 5000 500 5068 iezeccl,
1093 5007 1116 5063 T
1118 5006 1191 5063 ertia
1207 5004 1329 5074 Zacbur,
1345 5004 1414 5062 attia
1429 5007 1458 5061 et
1471 5002 1619 5062 tratribus
1634 5006 1709 5079 ejus
1734 5004 1875 5067 eamean.

216 5220 224 5254 ¹
243 5217 381 5301 Hebraeas
409 5199 542 5277 manha
571 5214 833 5300 aretammarbalettr‚
863 5217 940 5302 quod
968 5219 1005 5275 ad
1058 5221 1139 5288 Quod
1153 5237 1246 5296 genus
1261 5221 1318 5278 cibi
1333 5219 1420 5296 vulgo
1434 5225 1699 5305 qrauaaaaonant.
1716 5214 1871 5296 »subintel
1928 5274 1931 5305 ,

179 5287 1002 5361 torrenduminterpretaturialsusHieronymus‚drcens:
1059 5291 1586 5367 qaoqaaatattmzatnqanusdam
1601 5294 1871 5354 nedinibuslrattettt
1929 5312 1931 5341 ε

180 5362 286 5425 «Quod
299 5362 328 5416 in
345 5361 523 5434 quibusdam
540 5359 834 5423 codicibuababetur,
846 5360 886 5416 act
898 5362 1004 5432 serasa-
1057 5383 1142 5438 saper
1153 5382 1232 5422 omae
1244 5364 1355 5437 poardus
1369 5368 1394 5421 et
1408 5378 1569 5419 messuram
1586 5366 1665 5422 :aad
1677 5366 1712 5423 ia
1734 5360 1869 5425 nahmi

178 5436 232 5487 tem
247 5432 383 5495 similam,
399 5431 467 5489 etin
480 5431 657 5504 quibusdam
670 5430 704 5485 tut
714 5433 1003 5501 [eruentemtantum
1059 5436 1184 5493 hocloco
1198 5436 1303 5509 poardus
1317 5452 1376 5492 non
1392 5434 1528 5503 babetur,
1546 5435 1601 5493 sad
1617 5452 1765 5497 Maura
1784 5438 1867 5495 urta·

179 5504 277 5563 modo.
295 5507 444 5559 errorent.
462 5503 630 5558 ialiabrmo
648 5519 704 5557 non
735 5502 861 5557 habetur
891 5503 918 5557 in
948 5503 1003 5560 boo
1057 5508 1176 5580 gemina
1190 5506 1363 5564 nominatim
1382 5507 1589 5589 posita,rete.
1606 5506 1679 5566 Haec
1694 5510 1809 5595 quidam
1821 5502 1865 5580 ittt3

65 5638 74 5657 .
177 5572 732 5646 locnaiarita,qaiasimitnpaulojam
755 5572 1003 5642 superiusnomi·
1058 5579 1865 5653 noaaerahdemomniammaa.exsmplarroraaaaratt

177 5650 265 5700 nala:
296 5649 345 5702 sart
377 5647 636 5726 adttorrendam,
662 5644 692 5724 in
725 5646 841 5727 Hebraeo
872 5646 1001 5716 punitur,
1057 5650 1500 5724 eatiusessaduxiruua‚quam
1526 5647 1602 5709 huia
1625 5652 1771 5728 scripturi
1794 5647 1865 5707 aar

177 5720 209 5767 ut
221 5717 484 5789 sataaratiasapacas.
495 5717 630 5773 Primitiae
640 5720 1002 5787 enrmsprcarumquando
1057 5739 1129 5781 rere.
1148 5722 1233 5780 hiran

178 5784 393 5862 delerchautur,
409 5789 605 5862 torrebantur,
620 5793 648 5847 et
658 5804 749 5864 grana
760 5786 999 5848 comedebantur.

1916 5408 1930 5685 l

1906 5898 1924 6100 ἱ
