3878 6150
123 181 195 243 iii5
271 212 274 219 ⁴
840 181 964 242 VERBA
981 182 1135 242 DIERUM.
1760 191 1829 250 itte
1881 234 1884 239 .

157 310 393 380 toravemntque
408 303 531 365 Domino
546 322 615 366 voco
631 321 739 382 magna
753 304 781 364 in
794 308 904 380 jubilo,
920 312 949 365 et
962 312 989 380 A
1006 305 1066 365 suit
1080 306 1109 362 io
1124 310 1203 363 terra
1216 304 1304 375 iuda,
1320 308 1348 363 et
1362 305 1391 363 in
1407 306 1576 365 civitatibus
1590 306 1740 385 Ephraim,
1755 331 1829 388 quas

121 381 154 438 ln
169 381 306 454 clangore
320 381 410 448 tube,
422 384 452 436 et
466 381 496 435 in
508 381 606 437 sonitu
623 381 828 450 buccinarum,
846 396 948 437 omnes
1005 395 1057 451 cep
1077 384 1122 434 rat
1136 384 1195 435 Asa
1211 384 1295 450 pater
1308 381 1383 451 ejus.

104 454 174 527 'qui
190 457 274 508 erant
288 452 317 506 in
327 453 405 508 tuda
419 468 486 508 cum
503 451 701 509 exsecratione
715 470 721 507 :
733 454 761 508 in
776 453 856 509 omni
870 452 949 508 enim
1039 456 1059 504 ti
1093 449 1147 505 luit
1171 450 1311 506 Dominus
1326 466 1392 506 cuni
1406 450 1561 525 iosaphat,
1581 451 1652 526 quia
1666 453 1829 516 ambulavit

124 525 212 582 corde
252 538 306 580 suo
344 524 530 596 juraverunt,
566 529 595 579 et
633 525 663 580 in
703 529 764 581 tota
801 524 950 580 voluntate
1002 521 1033 578 in
1048 520 1104 578 viis
1120 521 1312 594 Davidlpatris
1327 522 1374 578 aui
1389 524 1552 595 primistet
1567 529 1829 598 non¹speravltin

128 595 311 670 quaesierunt
337 611 416 662 eum,
438 603 468 651 st
493 596 686 652 invenerunt:
702 596 897 669 praestititque
907 594 950 650 eis
1003 592 1128 661 Baalim,
1144 594 1195 649 sed
1217 593 1245 649 io
1273 595 1329 650 Deo
1346 594 1509 666 patrissui,
1525 599 1739 665 etperrexitin
1756 619 1829 674 pre·

128 666 272 727 Dominus
287 666 419 738 requiem
435 683 487 738 per
500 666 666 723 circuitum.
1003 664 1097 738 ceptis
1113 663 1205 729 iilius,
1220 668 1250 720 et
1264 682 1322 721 non
1334 665 1421 737 juxta
1435 671 1554 739 peccata
1569 668 1669 726 lsrael.

160 738 218 795 Sed
234 746 263 795 et
278 737 397 794 llaacha
414 743 538 794 matrem
553 741 611 794 Asa
625 738 702 811 regis
717 754 752 795 ex
766 741 893 810 augusto
904 737 953 793 de·
1038 735 1287 808 confirmavitque
1305 737 1446 794 Dominus
1462 754 1493 794 re
1515 755 1586 795 num
1602 740 1631 795 in
1648 757 1737 798 manu
1753 743 1829 817 ejus,

124 808 951 940 posuitimperio,eoquodlecissetinlucosimulacrum
1004 754 1657 890 etdoditnomnlsludamuneraiosaphat:
1689 813 1830 888 iactaque
1927 872 1930 877 ,

148 881 241 953 riapi:
258 881 335 952 quod
350 897 438 938 omne
456 880 605 952 contrivit,
620 887 649 938 et
664 882 693 937 in
706 882 814 939 frustra
828 880 951 937 commi·
1004 883 1077 936 sunt
1091 895 1117 934 ei
1134 878 1402 950 immunditiis,
1417 888 1446 936 et
1461 880 1554 937 multa
1566 881 1668 956 gloria.

124 969 222 1011 nuens
237 952 403 1008 combussit
419 953 448 1007 in
463 955 592 1008 torrente
606 952 730 1010 Codron.
1039 954 1171 1022 Cumque
1194 950 1373 1023 sumpsisset
1388 967 1438 1008 cor
1452 953 1477 1025 ej
1486 969 1522 1009 us
1536 955 1691 1011 audaciam
1708 961 1829 1030 propter

160 1022 281 1081 Excelsa
310 1028 409 1080 autem
435 1023 575 1080 derelicta
603 1029 673 1081 sunt
688 1025 717 1080 in
735 1022 845 1082 lsrael:
874 1026 952 1078 alta·
1004 1020 1829 1088 viasDomini,etiamexcelsaetluoosdeludaabstulit.
1863 1070 1867 1079 .

124 1112 192 1153 men
209 1111 259 1152 cor
274 1098 333 1152 dea
351 1099 415 1152 erat
435 1096 595 1168 perlectum
616 1097 732 1153 cunctis
746 1095 851 1152 diebus
875 1095 949 1166 ejus.
1040 1096 1136 1150 'lertio
1154 1097 1253 1149 autam
1280 1109 1357 1150 anno
1373 1095 1456 1168 regni
1471 1095 1528 1164 aui,
1546 1097 1627 1153 misit
1638 1098 1674 1154 de
1690 1100 1783 1171 princi
1807 1101 1832 1157 i-

162 1169 261 1240 llaque
283 1182 347 1239 qum
362 1171 480 1222 voverat
504 1173 685 1238 paterenus,
709 1172 739 1223 et
755 1168 827 1240 ipse,
852 1164 953 1221 intulit
1005 1165 1063 1222 bus
1077 1165 1140 1222 suis
1162 1163 1273 1230 benail,
1288 1169 1317 1220 at
1330 1165 1466 1233 Obdiam,
1488 1172 1517 1224 et
1529 1168 1714 1238 Zachariam,
1730 1177 1759 1227 et
1799 1191 1832 1230 a·

126 1239 159 1297 in
174 1239 298 1295 domum
313 1237 442 1309 Domini,
457 1244 614 1311 argentum
629 1245 953 1307 etaurum,vascrum·
1006 1236 1136 1302 thanacl,
1165 1241 1195 1292 ct
1218 1236 1380 1307 Michaeam,
1399 1238 1585 1296 utdooerent
1606 1240 1637 1296 in
1662 1241 1832 1302 civitatibus

127 1326 188 1384 que
202 1308 349 1366 diversam
366 1307 610 1381 suppellectilem.
1004 1309 1102 1365 Juda:
1869 1353 1880 1361 .

164 1380 278 1439 Bellum
293 1395 360 1440 vero
374 1396 433 1435 non
446 1381 501 1436 luit
514 1397 607 1454 usque
620 1381 657 1437 ad
671 1380 853 1438 tricesimum
869 1377 954 1452 quio·
1042 1380 1076 1435 bt
1091 1394 1158 1434 cum
1175 1378 1218 1435 eis
1232 1378 1358 1451 Levites,
1383 1379 1539 1450 Semelam,
1555 1385 1585 1440 ei
1598 1382 1785 1455 Nathaniam‚
1803 1391 1833 1445 et

127 1457 193 1509 tum
210 1468 321 1509 annum
337 1451 418 1523 regni
432 1456 499 1508 risa.
1007 1451 1176 1518 Zohadiam,
1193 1451 1278 1507 deaei
1294 1467 1409 1524 quoque
1425 1456 1454 1509 et
1474 1453 1685 1524 Semiramotb,
1701 1461 1730 1513 et
1742 1457 1832 1516 Jona-

163 1523 242 1596 [δεμ.
259 1523 347 1586 XVI.)
361 1525 445 1579 Anno
462 1528 560 1580 autem
582 1523 732 1580 tricesimo
759 1528 841 1579 sexto
870 1519 952 1594 regni
1007 1524 1091 1594 than,
1106 1521 1260 1587 Adoninm,
1276 1528 1305 1579 et
1318 1522 1472 1591 Thobiam,
1487 1529 1516 1581 et
1530 1524 1763 1598 Thubadoniam,
1780 1530 1833 1588 Le·

126 1596 203 1666 ejus,
219 1594 351 1652 ascendit
366 1595 458 1651 Daasa
469 1611 517 1652 rex
533 1594 624 1652 lsrael
641 1596 670 1651 in
690 1596 811 1659 ludam,
826 1597 855 1651 et
870 1608 953 1650 muro
1007 1598 1096 1660 vitas,
1113 1598 1223 1649 etcum
1239 1595 1282 1649 eis
1298 1593 1423 1650 illisama
1438 1599 1467 1651 et
1479 1596 1581 1652 loram
1597 1599 1776 1657 sacerdotes.

127 1666 324 1723 circunduhat
346 1669 450 1734 Rama,
471 1672 504 1722 nt
516 1666 618 1724 nullus
631 1675 733 1739 posset
744 1664 914 1738 tuteegredi
924 1668 954 1720 et
971 1691 992 1756 B
1046 1666 1249 1736 Docebaotque
1265 1665 1294 1719 in
1310 1664 1395 1734 luda,
1411 1666 1554 1724 habentes
1565 1667 1671 1727 librum
1686 1668 1760 1745 legis
1777 1674 1831 1729 Do·

127 1739 245 1812 ingredi
259 1739 295 1794 de
311 1752 400 1809 regno
415 1744 484 1794 Asa.
1008 1736 1093 1802 mini,
1117 1743 1147 1792 et
1161 1737 1358 1793 circumibant
1380 1743 1503 1796 cunctas
1530 1740 1618 1796 urbes
1633 1741 1720 1815 lude,
1743 1750 1831 1817 atque

164 1808 290 1867 Protulit
312 1812 453 1881 orgodsa
483 1811 682 1882 argentumet
712 1807 870 1865 aurumde
888 1806 952 1862 the·
1007 1807 1181 1865 erudiebant
1196 1806 1350 1880 populum.

127 1880 227 1938 sauris
242 1881 348 1937 domus
365 1880 489 1950 Domini,
501 1887 531 1937 et
545 1882 581 1936 de
595 1881 743 1937 thesauris
754 1880 842 1952 regis,
860 1877 955 1934 misit·
1044 1881 1145 1951 ltaque
1160 1881 1255 1935 lactus
1269 1887 1311 1935 est
1327 1896 1417 1952 pavor
1434 1882 1548 1937 Domini
1561 1898 1651 1956 super
1668 1884 1769 1941 omnia
1784 1902 1830 1943 re·

96 1953 99 1959 '
126 1969 187 2026 que
202 1952 238 2009 ad
254 1952 388 2008 benadad
404 1968 503 2024 regem
517 1952 617 2023 Syrie,
634 1951 683 2024 qui
695 1949 886 2008 habitabatin
898 1949 954 2006 Da·
1007 1967 1066 2080 gna
1078 1957 1233 2018 terrarum,
1254 1968 1317 2023 qua
1328 1957 1413 2007 erant
1434 1969 1484 2024 per
1494 1970 1598 2027 gyrum
1610 1955 1697 2026 luda,
1714 1972 1766 2015 nec
1777 1973 1830 2016 eu·

128 2040 244 2089 masec,
259 2023 360 2079 dicens
375 2040 382 2080 :
1027 2023 1116 2079 ebant
1130 2021 1240 2078 bellare
1255 2026 1356 2079 contra
1370 2022 1522 2095 iosaphat.

166 2096 272 2152 Foedus
283 2097 361 2151 inter
375 2109 422 2150 mo
436 2097 465 2150 et
481 2096 509 2150 te
524 2097 580 2164 est,
615 2100 677 2150 ater
694 2109 811 2166 quoque
826 2108 910 2150 meus
924 2094 955 2148 et
1043 2094 1099 2150 Sed
1115 2099 1144 2149 et
1167 2092 1326 2149 Philisthaei
1341 2094 1483 2166 iosaphat
1500 2113 1623 2153 monera
1647 2098 1828 2168 deferebant,

126 2171 212 2241 pater
235 2172 305 2249 tuus
329 2166 457 2223 habuero
481 2112 689 2222 concortiiam:
716 2182 805 2237 qoam
831 2165 867 2221 ob
892 2179 953 2220 rein
1008 2171 1037 2223 et
1051 2163 1174 2248 vectigal
1190 2166 1313 2236 argenti,
1329 2166 1437 2222 Arabes
1452 2182 1569 2239 quoque
1584 2169 1769 2227 adducebant
1779 2188 1830 2245 pe·

125 2238 198 2296 misi
223 2238 276 2294 tibi
304 2242 458 2310 argentum
486 2242 515 2292 et
542 2255 660 2304 aurum,
677 2241 709 2293 ut
730 2241 816 2310 rupto
836 2236 953 2305 ioedere,
1008 2253 1086 2305 cora,
1103 2241 1228 2293 arietum
1239 2243 1351 2310 septem
1364 2236 1457 2293 millia
1466 2240 1679 2312 septingentos,
1695 2242 1831 2301 ethirco·

126 2310 207 2384 qood
227 2309 319 2366 habes
333 2324 412 2378 cuin,
429 2309 521 2366 Bsasa
536 2325 604 2382 rege
631 2307 730 2378 lsrael,
748 2308 840 2366 iacias
854 2322 955 2363 eume
1009 2324 1075 2366 rum
1092 2308 1224 2364 totidem.

127 2398 177 2439 me
194 2382 336 2438 recedere.
1043 2380 1140 2436 crevit
1150 2395 1219 2451 ergo
1236 2377 1389 2451 iosaphat,
1403 2385 1432 2436 et
1447 2380 1653 2455 magnillcatus
1667 2388 1712 2440 est
1735 2401 1831 2460 usque

163 2455 227 2518 Quo
242 2456 402 2523 comperto,
416 2449 554 2507 Benadad
579 2451 661 2508 misit
682 2450 831 2523 principes
846 2447 954 2506 exerci·
1008 2450 1039 2508 in
1055 2448 1197 2507 sublima:
1215 2455 1304 2523 atque
1316 2451 1469 2508 edificavit
1483 2453 1514 2508 in
1530 2453 1606 2510 luda
1620 2455 1723 2513 domos
1738 2458 1774 2513 ad
1787 2462 1832 2514 in·

127 2531 214 2581 tuum
240 2539 362 2580 anorum
385 2522 420 2577 ad
438 2524 528 2579 urbes
544 2521 655 2590 lsrael;
673 2522 722 2593 qui
744 2523 955 2595 percusserunt
1009 2527 1073 2580 star
1090 2522 1227 2587 turrium,
1244 2522 1390 2593 urbesque
1406 2529 1547 2580 muratos.
1583 2525 1618 2581 bt
1632 2527 1725 2584 multa
1742 2545 1831 2602 opera

124 2598 203 2653 A³on
232 2599 261 2652 et
293 2595 365 2651 Dan.
396 2593 662 2662 etilbelmaim,et
690 2594 841 2651 universas
867 2592 954 2649 urbes
1011 2592 1403 2667 paravitinurbibusluda.

127 2669 171 2725 Ne
197 2664 288 2722 htbali
302 2669 445 2724 muratae.
1043 2663 1105 2720 Viri
1120 2681 1237 2736 quoque
1253 2663 1418 2732 bellatores,
1434 2669 1462 2719 et
1477 2665 1589 2722 robusti
1606 2672 1690 2723 erant
1704 2669 1734 2724 in
1749 2672 1832 2728 Jeru-

162 2685 246 2803 ifuod
271 2754 337 2794 cum
366 2735 499 2793 audisset
515 2738 616 2807 Baasa,
632 2737 720 2794 desiit
739 2737 883 2794 adificare
898 2737 954 2790 tta·
1008 2735 1111 2802 salem,
1128 2751 1253 2808 quorum
1272 2736 1327 2791 iste
1340 2744 1386 2792 est
1402 2752 1543 2792 numerus
1554 2754 1606 2811 per
1620 2740 1723 2798 domos
1744 2745 1831 2815 atque

124 2827 189 2875 ma,
205 2815 234 2866 et
250 2808 408 2865 intermisit
423 2823 499 2880 opus
515 2824 615 2863 suum.
1009 2808 1137 2864 familias
1152 2807 1349 2880 singulorum.

163 2881 250 2938 Porro
265 2881 323 2937 noa
335 2897 384 2936 rex
394 2879 864 2950 assumpsituniversumludnm,
876 2882 904 2935 et
912 2881 957 2938 to·
1046 2880 1077 2936 ln
1093 2878 1168 2935 iuda
1183 2879 1330 2951 principes
1346 2878 1502 2945 exercitus,
1518 2878 1614 2936 lldnas
1628 2882 1697 2950 dux,
1713 2886 1743 2940 et
1761 2900 1830 2942 cum

124 2951 227 3010 lerunt
241 2950 354 3023 lapides
369 2953 405 3006 de
419 2951 522 3017 Rama,
538 2955 567 3006 et
587 2949 667 3024 ligna
681 2968 746 3024 qua
766 2951 953 3010 aedificationi
1010 2967 1045 3008 eo
1061 2950 1335 3006 robustissimorum
1352 2955 1480 3006 trecenta
1496 2951 1598 3007 millia.

150 3028 342 3149 rspsssroverat
358 3024 461 3088 Dassa,
485 3020 696 3095 aediilcaviique
711 3040 745 3080 ex
759 3023 800 3080 eis
812 3023 912 3081 Gahaa
926 3031 990 3118 etc
1045 3022 1113 3149 fosi
1128 3020 1350 3149 {iunoll'obenan
1367 3022 1512 3095 princeps,
1529 3028 1556 3078 et
1571 3040 1639 3080 cum
1655 3040 1689 3083 eo
1704 3026 1833 3084 ducenta

160 3113 192 3152 as
236 3110 263 3150 a.
1008 3110 1209 3150 ocoinami
1235 3109 1272 3148 m.

165 3113 341 3235 lnptsmpore
355 3161 404 3218 illo
420 3163 501 3218 venit
515 3162 608 3219 hunni
625 3165 767 3238 propheta
781 3166 817 3222 ad
834 3170 893 3222 Asa
907 3184 953 3225 re·
1043 3110 1113 3220 Pogst
1125 3164 1216 3220 istum
1232 3181 1349 3237 quoque
1364 3164 1500 3221 Amasias
1515 3165 1715 3237 liliusZecbri‚
1727 3184 1832 3227 conse·

125 3254 195 3311 gem
210 3237 296 3303 luda,
317 3239 346 3290 et
374 3234 451 3318 dixit
464 3234 489 3290 ei
504 3250 510 3289 :
527 3235 600 3317 Quia
615 3236 743 3293 habuisti
760 3239 898 3321 (idacium
922 3240 953 3296 in
1008 3244 1106 3321 cratus
1124 3237 1255 3306 Domino,
1271 3241 1299 3291 et
1315 3252 1382 3293 cum
1398 3252 1431 3293 eo
1447 3237 1574 3294 ducenta
1597 3237 1690 3296 millia
1704 3240 1832 3299 virorum

124 3310 682 3460 litgilJrYiiaiaeregisnobiliitgiriiiniingiei
692 3311 953 3436 iiii’.¹dw⁰⁰⁰v⁸·
1008 3308 1321 3450 ioffiunqi.oequebatur
1334 3377 1473 3435 robustus
1489 3379 1525 3434 ad
1542 3380 1642 3452 praelia
1666 3382 1778 3455 blinda,
1805 3390 1836 3444 et

165 3452 269 3509 Nonne
291 3448 441 3519 AEthiopes
456 3453 485 3506 ei
509 3449 614 3521 Libyes
637 3450 729 3508 multo
745 3451 845 3523 plures
868 3457 954 3510 erant
1008 3468 1075 3509 cum
1096 3468 1130 3507 eo
1146 3449 1309 3507 tenentium
1325 3467 1426 3507 arcum
1440 3457 1470 3509 et
1484 3450 1752 3524 elypeumducenta
1767 3458 1834 3514 mil·

128 3521 284 3598 quadrigis
298 3527 327 3577 et
341 3520 478 3592 equibus.
494 3521 725 3580 etmultitudine
740 3525 843 3581 nimia:
866 3541 953 3596 quos,
1008 3522 1058 3579 lia.

127 3611 196 3651 cnm
211 3591 335 3650 Domino
349 3592 535 3660 credidisses,
550 3593 672 3648 tradidit
686 3595 716 3650 in
733 3611 821 3652 manu
835 3597 910 3653 tuat
1044 3593 1113 3651 Post
1139 3593 1230 3650 istum
1246 3593 1335 3649 etiam
1349 3593 1490 3661 lozabad,
1518 3597 1547 3650 et
1570 3611 1638 3652 cum
1653 3611 1687 3654 co
1715 3603 1833 3658 centum

164 3665 249 3723 Oculi
260 3662 338 3719 enim
350 3662 465 3720 Domini
473 3662 710 3736 contemplantur
721 3667 887 3724 nniversam
900 3674 954 3725 ter·
1008 3665 1158 3737 octoginta
1174 3662 1266 3720 millia
1279 3664 1481 3736 expeditorum
1498 3665 1638 3722 militum.

127 3754 205 3807 ram,
221 3741 251 3793 et
265 3735 394 3807 prebent
409 3733 612 3791 fortitudinem
629 3736 676 3793 bis
690 3739 741 3810 qui
758 3739 844 3795 corde
860 3741 953 3812 perle-
1046 3737 1078 3791 lli
1094 3751 1197 3792 omnes
1217 3741 1301 3791 erant
1315 3737 1351 3791 ad
1368 3751 1488 3790 manum
1506 3738 1594 3808 regis,
1612 3739 1741 3811 exceptis
1756 3738 1834 3810 aliis,

129 3815 180 3867 cto
194 3809 319 3864 credunt
333 3808 362 3861 in
377 3821 454 3862 euin.
1031 3824 1084 3863 uos
1109 3811 1246 3879 posuerat
1257 3805 1288 3862 in
1313 3807 1437 3862 urbibus
1460 3808 1584 3863 muratis
1600 3815 1629 3864 st
1643 3809 1672 3864 io
1697 3811 1835 3868 universo

164 3879 261 3937 Stulte
282 3876 371 3950 igitur
385 3877 481 3949 egisti,
504 3880 533 3932 ct
554 3882 673 3951 propter
687 3877 742 3936 hoo
762 3897 797 3938 ex
819 3880 955 3953 prasenti
1008 3823 1100 3935 iuda.
1316 3946 1322 3958 ⁶

127 3954 262 4024 tempore
279 3954 383 4004 contra
398 3953 426 4005 te
441 3947 517 4005 bella
532 3955 723 4023 consurgent.
1044 3949 1123 4023 [Cep.
1140 3947 1256 4074 xvmli
1271 3947 1337 4004 Fuit
1351 3947 1561 4019 ergolosaphat
1575 3950 1655 4007 diaes
1666 3955 1694 4008 et
1704 3951 1835 4026 inclytus

166 4024 320 4092 iratosque
348 4021 407 4076 Aea
434 4021 575 4076 adversus
589 4021 755 4093 Videntem,
779 4023 873 4094 jussit
888 4039 955 4081 euin
1010 4022 1148 4086 multum,
1164 4025 1194 4075 et
1207 4021 1239 4075 ai
1260 4020 1350 4075 nitate
1364 4019 1541 4089 conjunctus
1557 4025 1601 4077 est
1617 4022 1708 4079 dhab.

130 4094 209 4152 mitti
224 4094 254 4150 in
268 4107 408 4147 nervom:
1046 4091 1262 4162 Descenditque
1286 4095 1353 4162 post
1365 4108 1458 4147 annos
1473 4091 1508 4146 ad
1525 4107 1593 4148 eum
1615 4092 1645 4148 in
1659 4094 1833 4151 Samariam.

168 4162 377 4247 Valdequippe
391 4177 481 4234 super
495 4160 550 4218 boo
567 4163 661 4221 iuerat
675 4164 866 4236 indignatus:
1048 4164 1089 4220 Ad
1105 4164 1191 4245 cujus
1202 4164 1360 4218 adventum
1373 4163 1512 4245 mactavit
1524 4162 1607 4219 Ahah
1623 4164 1729 4222 arietes
1740 4170 1769 4222 et
1783 4166 1835 4223 bo·

166 4237 203 4292 lit
217 4235 363 4293 interiecit
377 4234 412 4290 de
428 4233 575 4316 populoin
593 4240 722 4320 tempore
735 4237 786 4293 illo
800 4238 955 4310 plurimos.
1011 4252 1061 4294 ves
1074 4233 1231 4318 plurimos,
1246 4237 1275 4289 et
1291 4232 1398 4306 populo
1414 4250 1464 4306 qni
1481 4240 1601 4317 venerat
1615 4252 1679 4293 cum
1696 4253 1751 4293 eo:
1768 4253 1836 4309 per·

167 4307 263 4391 Opera
274 4311 372 4362 autem
388 4310 445 4361 Asa
458 4313 587 4376 primast
599 4309 758 4365 novissima
769 4311 958 4381 scriptasunt
1012 4311 1166 4376 suasitque
1181 4304 1234 4368 illi,
1252 4309 1285 4360 ut
1299 4305 1470 4362 ascenderet
1487 4322 1514 4360 in
1532 4304 1657 4364 iiamotb
1673 4308 1795 4364 Galaad.

131 4377 162 4436 in
180 4378 257 4435 libro
284 4393 386 4459 regum
402 4377 479 4433 iuda
497 4377 637 4442 etlsrael,
974 4420 996 4487 D
1047 4377 1183 4448 Dixitque
1193 4377 1275 4460 Ahnb
1286 4375 1433 4460 rcrlsrael
1444 4377 1478 4432 ad
1488 4376 1631 4450 iosaphat
1642 4395 1738 4453 regem
1749 4377 1836 4437 luda:

167 4454 202 4505 ὢ
224 4450 329 4506 rotavit
342 4453 431 4505 etiam
448 4454 507 4504 Asa
520 4466 597 4505 anno
613 4450 762 4507 tricesimo
783 4468 860 4509 nono
875 4468 906 4508 re
928 4450 958 4507 ni
1014 4449 1082 4509 Veni
1100 4464 1213 4505 mecum
1230 4464 1259 4503 in
1276 4447 1414 4504 limmoth
1438 4446 1557 4503 Dalaad.

130 4521 190 4589 sui,
202 4466 308 4579 {olore
324 4521 432 4593 pedum
444 4519 715 4591 vehementissimo,
727 4526 757 4578 et
771 4539 823 4579 nec
834 4523 864 4579 in
875 4467 959 4579 infir·
1047 4520 1101 4578 cni
1125 4519 1174 4575 ille
1198 4519 1370 4592 respondit:
1396 4519 1431 4576 Ut
1447 4534 1510 4591 ego,
1525 4524 1554 4575 et
1569 4524 1599 4575 tn
1613 4536 1621 4574 ι
1637 4519 1716 4577 sicut
1739 4538 1838 4596 popu·

132 4593 236 4650 mitate
250 4608 305 4649 sua
319 4591 454 4664 quesivit
469 4592 636 4662 Dominum,
648 4594 699 4650 sed
717 4593 850 4667 magiein
867 4594 959 4652 medi·
1012 4593 1060 4651 lus
1075 4597 1157 4657 tuus,
1182 4591 1225 4648 sio
1238 4595 1268 4647 et
1282 4589 1408 4664 populns
1425 4607 1509 4647 meus
1526 4607 1534 4647 ι
1553 4595 1709 4665 tecumque
1723 4594 1838 4653 erimus

131 4679 236 4721 corum
251 4669 314 4721 arte
327 4663 457 4719 conlisus
473 4667 528 4719 est.
1010 4666 1040 4722 in
1060 4662 1148 4720 bello.

168 4734 370 4806 Dormivitqua
385 4751 451 4790 cum
469 4733 603 4806 patribus
618 4734 682 4792 suis
697 4751 705 4790 ε
721 4740 749 4792 et
764 4740 899 4794 mortuus
914 4739 958 4794 cet
1047 4734 1186 4806 Dixitque
1213 4732 1356 4805 iosaphat
1384 4733 1419 4788 ad
1437 4748 1534 4806 regem
1563 4732 1652 4790 lsrael
1671 4750 1678 4791 τ
1699 4734 1836 4811 Consule,

131 4823 211 4864 anno
231 4807 456 4880 quadragesimo
473 4807 567 4879 primo
583 4807 735 4878 regniaci.
1012 4807 1147 4871 obsecro,
1163 4804 1428 4876 impresentiarum
1444 4821 1610 4862 sermonem
1628 4807 1755 4865 Domini.

169 4879 203 4934 bi
218 4879 398 4951 sepelierunt
412 4894 478 4934 eum
492 4880 521 4932 in
533 4877 669 4949 sepulcro
680 4895 744 4950 suo,
754 4881 832 4951 quod
847 4880 959 4937 ioderat
1047 4877 1300 4950 congregavitque
1316 4891 1363 4931 rex
1375 4875 1462 4931 lsrael
1476 4875 1685 4949 prophetarum
1696 4878 1838 4952 quadrin-

132 4949 190 5006 sihi
206 4950 235 5004 in
251 4949 368 5005 civitate
383 4948 472 5005 David
485 4966 492 5016 ;
509 4955 728 5022 posueruntque
743 4966 811 5007 eum
822 4969 912 5023 super
922 4949 960 5008 le·
1013 4954 1117 5077 gentos
1132 4949 1223 5014 viros,
1238 4952 1267 5005 et
1280 4946 1353 5002 dixit
1367 4948 1402 5001 ad
1419 4963 1469 5003 eoa
1481 4952 1527 5004 :ln
1545 4947 1668 5005 itamoth
1680 4949 1788 5006 Galaad
1801 4951 1838 5006 ad

131 5019 248 5080 ciuium
265 5019 488 5093 suum,plenum
501 5020 683 5077 aromatibus
693 5026 722 5076 ct
737 5027 962 5094 unguenttsme·
1034 5021 1183 5077 ellandum
1200 5019 1242 5076 ire
1257 5018 1409 5083 debemus,
1423 5035 1460 5075 an
1476 5021 1626 5090 quiescere
1641 5021 1655 5076 i

132 5091 271 5162 roiricus,
287 5109 353 5165 quae
367 5096 449 5148 crant
461 5092 724 5164 pigmentariorum
740 5102 802 5149 arte
817 5097 960 5165 coniecta,
1050 5096 1087 5147 ht
1101 5090 1155 5156 illi,
1170 5090 1310 5160 Ascende,
1326 5088 1477 5163 inquiunt,
1490 5094 1520 5148 et
1534 5093 1629 5148 tradet
1642 5095 1715 5148 Deus
1731 5091 1760 5147 in
1777 5107 1840 5149 ma·

132 5169 164 5222 et
178 5163 406 5220 combusserunt
425 5179 515 5234 super
528 5179 562 5219 eo
577 5164 735 5221 ambitione
751 5165 852 5223 nimia.
1014 5181 1055 5220 nn
1071 5163 1158 5245 regis.

172 5234 250 5307 [dep.
266 5235 365 5307 illiti]
381 5234 521 5307 Regnavit
535 5239 633 5290 autem
649 5235 790 5309 iosaphat
805 5236 885 5294 silius
896 5237 961 5309 ejus
1051 5234 1186 5306 Dixitque
1200 5231 1358 5305 iosaphat:
1374 5231 1592 5305 Numquidnon
1603 5233 1706 5291 esthic
1717 5233 1840 5306 prophe·

133 5321 189 5379 pro
203 5321 248 5375 eo,
266 5312 295 5362 et
311 5306 432 5362 invaluit
446 5311 548 5362 contre
564 5305 661 5363 lsrael.
1015 5309 1060 5363 tes
1075 5303 1200 5369 Domini,
1217 5308 1249 5359 ut
1264 5305 1300 5359 ab
1315 5302 1366 5360 illo
1382 5305 1470 5360 etiam
1487 5305 1693 5377 requiramus?

170 5377 520 5450 constituitqucmilitum
530 5376 705 5433 numerosin
716 5378 830 5434 cunctis
840 5377 962 5435 urbibus
1051 5379 1085 5434 ht
1100 5379 1140 5434 ait
1156 5391 1204 5431 rex
1219 5375 1308 5430 lsrael
1320 5376 1355 5431 nd
1371 5376 1512 5447 iosaphat
1524 5393 1531 5430 z
1543 5381 1596 5433 list
1606 5376 1650 5431 vir
1662 5391 1739 5431 unus
1754 5392 1839 5448 aquo

132 5447 223 5521 iuda,
239 5465 301 5521 qua
312 5453 396 5506 erant
409 5448 521 5505 vallata
532 5449 633 5505 muris.
650 5449 845 5522 Praesidiaquo
860 5449 962 5523 dispo·
1016 5466 1155 5522 possumu
1168 5462 1315 5519 aquierere
1330 5447 1442 5503 Domini
1458 5448 1649 5516 voluntatem,
1665 5448 1715 5504 sed
1727 5447 1840 5521 egoodi

173 5665 183 5705 ²
201 5662 344 5723 Dicuntur
356 5666 468 5722 veteres
491 5662 609 5739 qnidam
632 5663 728 5722 latini
751 5663 866 5723 codices
890 5664 998 5726 addere
1019 5665 1045 5725 vt
1067 5661 1235 5735 ccviuimia,
1252 5659 1303 5737 qui
1318 5659 1434 5720 videtur
1453 5663 1552 5721 tamen
1567 5659 1732 5723 acribarum
1747 5676 1841 5736 error,

134 5734 175 5801 ob
189 5735 423 5814 subsequentum
438 5743 674 5808 verumetiam,
688 5751 857 5797 murium.
