3870 6120
107 196 177 254 sset
785 195 892 251 urana
911 195 1149 253 aestuosus.
1699 213 1700 217 κ
1745 216 1817 274 ,232
1890 236 1896 243 .

105 320 219 393 (cxli.)
230 319 352 392 (lteplt.)
366 319 473 376 Beatus
488 312 530 374 vir
546 318 597 390 qui
613 319 697 374 timet
712 318 881 391 Dominum,
950 326 977 391 Α
1028 336 1044 374 ε
1059 318 1133 374 lacis
1150 319 1199 376 Dei
1214 321 1316 380 Jacob.

120 395 212 464 Detlt.)
227 394 259 447 tn
276 391 426 446 mandatis
440 391 507 462 ejus
521 392 598 446 volet
614 392 714 457 nimis,
993 391 1046 459 Qui
1062 393 1205 470 convertit
1224 405 1335 465 petram
1352 397 1382 453 io
1400 399 1522 472 paludes
1538 423 1682 482 aquarum
1701 429 1708 470 ς

121 463 253 532 dirimet.)
269 463 376 518 Potens
391 463 420 517 io
437 468 515 518 terra
530 463 585 518 erit
600 479 701 519 semen
716 463 781 533 ejns
798 477 805 518 :
1026 463 1139 517 silicem
1156 465 1184 517 in
1201 466 1295 522 l'ontca
1311 485 1468 540 aquarum.

106 537 238 609 (Deleri.)
253 534 408 591 Generatio
418 535 591 605 justorum¹
612 535 654 607 (h.
671 536 830 607 rectorum)
846 535 937 591 bene·
990 533 1096 605 (CXV.)
1111 533 1174 588 Non
1190 539 1274 592 uobis
1285 539 1306 606 ⁸,
1324 544 1455 612 Dourioe,
1472 566 1531 606 oon
1547 553 1647 623 nobis,

179 609 305 664 dicetur.
1027 605 1077 661 sed
1094 605 1271 664 nominituo
1286 611 1323 666 da
1337 614 1461 682 gloriam
1477 636 1484 675 :

108 679 182 755 (lie.)
199 676 373 735 Substantia
388 681 417 733 et
431 675 537 732 divitie
553 677 583 733 in
600 677 687 733 domo
703 679 780 749 ejus,
1028 683 1145 749 propter
1160 677 1388 739 misericordium
1405 692 1496 758 tnam,
1509 697 1538 749 et
1550 695 1703 755 veritatem
1720 704 1801 758 ruam

106 751 204 824 (Vou.)
218 756 255 807 [tt
268 751 385 821 lustitia
399 749 465 821 ejus
480 765 669 822 perseverans
685 765 810 822 semper.
989 747 1030 804 Ne
1046 749 1087 818 (h.
1104 749 1209 817 Quare)
1224 753 1323 808 dicant
1338 762 1441 826 gentes
1459 779 1465 819 :
1806 740 1814 759 ⁰

107 824 213 897 (Zeto.)
228 821 332 878 Ortum
360 827 406 877 est
433 823 463 876 in
492 821 621 879 tenebris
650 821 750 878 lumen
772 820 865 893 justis
894 820 934 894 (h.
1028 821 1368 880 ubiestDeuaeorum?

182 895 283 959 rectis)
298 909 305 947 :
990 895 1068 946 Deus
1083 897 1179 946 autem
1194 902 1292 951 noster
1307 897 1440 953 incaelo:

106 965 381 1092 (littetltqtllemeos
396 968 425 1019 et
440 961 609 1020 misericors
624 968 652 1020 et
668 964 772 1036 justus
786 965 828 1039 (b.
843 964 934 1039 pius).
1027 963 1163 1018 universa
1174 981 1238 1034 quae
1250 969 1441 1034 voluit‚l'ecrt.

107 1037 209 1141 qistb.)
247 1052 322 1092 onus
337 1035 382 1090 vir
396 1035 524 1091 clensons
539 1040 568 1090 et
583 1036 738 1092 fenerans:
990 1034 1071 1090 Idola
1084 1035 1215 1106 gentium
1230 1039 1270 1107 (h.
1282 1041 1396 1111 eorum)
1412 1047 1566 1116 argentum
1581 1054 1610 1107 at
1625 1069 1749 1110 aurum:

108 1110 191 1183 dod.)
207 1107 396 1180 Dispensabit
410 1107 497 1162 verbu
512 1123 567 1162 sua
580 1108 610 1163 in
622 1108 733 1177 judicio
744 1108 765 1162 ¹.
1026 1122 1042 1162 ο
1067 1123 1101 1160 us
1116 1122 1260 1164 manuum
1274 1110 1440 1168 hominum.

105 1181 220 1254 (capa.)
234 1180 308 1244 Quia
331 1179 362 1234 in
384 1184 525 1234 aetsrnum
539 1179 581 1248 (b.
605 1178 757 1251 seculum)
773 1196 831 1237 non
855 1194 935 1237 com·
990 1181 1028 1233 De
1044 1124 1164 1244 flabant,
1178 1182 1206 1233 et
1221 1197 1278 1236 non
1295 1181 1453 1255 loquentur
1469 1201 1476 1239 ε

183 1253 373 1307 movebitur:
1025 1250 1125 1304 oeulos
1141 1249 1260 1315 habent.
1278 1259 1307 1308 et
1324 1272 1381 1310 non
1398 1257 1548 1314 videbunt.

106 1323 232 1393 tamea.)
249 1323 282 1378 ln
299 1320 441 1378 memoria
456 1319 634 1392 sempiterna
648 1322 704 1378 erit
714 1324 826 1395 justus.
989 1323 1084 1377 bures
1099 1321 1217 1384 babent,
1234 1330 1263 1378 et
1278 1342 1336 1381 oon
1353 1329 1476 1383 audient
1492 1345 1499 1382 ε

117 1396 198 1451 Dum.
227 1397 270 1450 Ab
285 1393 388 1449 auditu
402 1392 479 1448 malo
496 1409 553 1448 non
568 1392 685 1450 timebit
701 1410 708 1448 ε
1027 1409 1127 1448 nasum
1137 1393 1293 1464 babent‚et
1304 1414 1361 1453 oon
1372 1401 1547 1456 odorabunt.

118 1471 195 1524 Nun.
224 1466 360 1521 Paratum
377 1481 426 1519 cor
441 1465 506 1533 ejus
522 1464 673 1521 conlidens
687 1464 718 1520 io
734 1465 867 1525 Domino.
909 1525 913 1531 ,
989 1462 1096 1519 Manus
1112 1464 1229 1529 nubent.
1241 1472 1269 1522 et
1284 1485 1343 1524 oon
1360 1470 1523 1541 palpabunt
1539 1488 1546 1527 :

120 1538 237 1596 Sameclr
252 1540 259 1606 )
275 1537 407 1592 Firmum
423 1552 473 1590 cor
487 1537 551 1606 ejus
567 1536 755 1593 nontimebit
771 1554 778 1593 ι
1026 1536 1113 1605 pedes
1129 1536 1248 1605 habent,
1264 1545 1291 1594 at
1307 1557 1365 1596 nen
1381 1543 1598 1600 ambulabunt:

105 1611 195 1755 qutun.)
210 1609 307 1664 Donec
323 1607 447 1679 aspiciat
461 1606 492 1662 in
508 1607 644 1664 hostibus
660 1609 732 1665 suis.
1025 1623 1082 1662 nun
1099 1606 1153 1669 (Al.
1168 1610 1231 1677 nee)
1242 1613 1390 1666 sonabunt
1402 1614 1431 1668 io
1443 1620 1561 1683 gutture
1577 1633 1641 1673 suo.

120 1683 199 1753 Pte.)
215 1680 365 1752 Dispersit,
381 1679 461 1734 dedit
476 1681 667 1750 pauperibus,
950 1699 974 1765 Β
989 1676 1105 1734 Similes
1121 1678 1180 1735 illis
1196 1683 1266 1735 liant
1281 1685 1332 1754 qni
1347 1686 1518 1756 laniantes,

117 1754 216 1821 Sada.)
230 1753 351 1807 iustitia
366 1751 431 1818 ejus
447 1756 600 1822 permanet
615 1751 645 1806 in
660 1757 801 1807 aeteruum
819 1768 826 1806 :
1025 1755 1053 1805 et
1067 1753 1234 1823 omnesqui
1251 1756 1405 1810 conlidunt
1420 1757 1448 1812 in
1464 1760 1518 1813 eia.

119 1825 216 1896 Copta.)
231 1825 327 1880 Cornu
344 1823 408 1893 ejus
423 1821 601 1877 exaltabitur
615 1823 645 1877 in
660 1823 765 1896 gloria.
989 1820 1078 1878 lsrael
1095 1824 1281 1879 sentientia
1298 1825 1422 1882 Domino
1441 1845 1447 1884 :

120 1896 194 1967 aas.)
212 1894 322 1966 Impius
337 1894 456 1959 videbit,
472 1898 501 1948 et
516 1894 672 1964 irascetur3
1024 1893 1180 1948 auxiliator
1194 1900 1222 1950 ct
1236 1903 1383 1966 protector
1395 1916 1495 1955 aarum
1514 1904 1568 1957 est.

119 1968 191 2039 Sin.)
207 1967 350 2022 Dentibus
366 1967 428 2020 suis
445 1964 567 2031 lreodet,
579 1970 608 2022 et
621 1968 752 2022 tabescet
768 1981 776 2023 τ
987 1962 1099 2020 Domus
1113 1968 1208 2021 Aaron
1225 1969 1346 2024 conlidit
1367 1971 1397 2025 in
1413 1971 1538 2027 Domino
1556 1989 1562 2028 :

106 2039 217 2114 libau.)
232 2036 417 2095 Desiderium
432 2035 592 2110 impiorum
609 2037 725 2110 peribit.
1023 2035 1179 2091 auxiliator
1193 2044 1222 2092 at
1237 2047 1382 2108 protector
1396 2059 1497 2098 eorum
1513 2054 1570 2100 est.

447 2168 595 2209 mmm
987 2106 1307 2234 Timenqestttorqinum
1324 2114 1477 2169 conlidnnt
1492 2114 1521 2169 in
1540 2116 1686 2177 Domino:

105 2253 231 2328 (extu.)
247 2252 388 2320 Lnudate,
405 2248 490 2332 servi,
507 2249 664 2334 Dominum
681 2268 689 2308 e
987 2194 1132 2331 Doqqiqqq
1146 2191 1650 2331 egcdrrfdfflgodoors&Quidvigdicet,

142 2328 262 2382 laudate
279 2339 385 2379 nomen
403 2322 519 2378 Domini
537 2337 543 2378 :
717 2374 719 2378 a
1023 2322 1175 2377 benedicet
1190 2322 1290 2378 domui
1305 2326 1395 2382 isreel
1413 2346 1420 2384 :

107 2398 150 2454 Sit
166 2412 273 2452 nomen
290 2394 407 2450 Domini
423 2393 630 2450 benedictum:
1024 2392 1138 2449 benicet
1151 2394 1254 2449 domui
1269 2403 1378 2454 Aaron.

143 2468 250 2525 amodo
265 2472 294 2522 et
309 2481 403 2537 usque
418 2465 448 2519 in
464 2471 603 2521 aeternum
620 2466 662 2535 (h.
679 2465 842 2528 seculum).
988 2465 1144 2521 Benedicet
1159 2465 1331 2525 timentibus
1346 2469 1503 2527 Dominum
1519 2487 1526 2527 :

107 2541 151 2596 Ab
167 2546 233 2596 ortu
249 2537 321 2593 solis
337 2553 431 2608 usqua
446 2537 482 2591 ad
498 2552 636 2594 occasum
652 2537 716 2608 ejus
733 2553 740 2592 :
1025 2536 1121 2605 parvis
1136 2540 1165 2590 et
1180 2537 1305 2608 magnis.

144 2609 294 2667 laudabile
309 2624 417 2665 nomen
434 2607 558 2680 Domini,
986 2605 1081 2663 Addat
1096 2605 1237 2666 Dominus
1253 2625 1342 2681 super
1358 2626 1430 2666 vos:

108 2684 248 2740 Excelsus
261 2697 351 2752 super
365 2695 469 2736 omnes
480 2687 583 2752 gentes
598 2679 738 2737 Dominus
754 2696 762 2737 ι
995 2709 998 2716 -
1022 2693 1177 2749 supervos
1192 2684 1221 2735 et
1235 2698 1324 2752 super
1339 2680 1415 2738 illios
1428 2691 1549 2757 vestros,

144 2770 235 2827 super
248 2752 336 2812 creles
351 2751 443 2824 gloria
457 2753 533 2822 ejus.
986 2748 1135 2806 Benedicti
1151 2766 1203 2806 vos
1217 2768 1235 2807 a
1249 2751 1372 2808 Domino
1390 2769 1396 2807 :

108 2827 181 2894 Quis
196 2830 229 2881 ut
242 2825 385 2881 Dominus
400 2823 478 2879 Deus
493 2827 610 2883 noster:
836 2860 839 2864 ,
1022 2821 1072 2891 qni
1089 2821 1156 2877 lecit
1170 2824 1275 2878 coelum
1291 2828 1321 2879 et
1335 2830 1454 2880 terram.

145 2898 196 2970 qui
214 2898 242 2951 in
258 2895 381 2951 excelsis
397 2895 545 2954 habitans.
985 2894 1097 2949 caelum
1112 2892 1252 2950 coelorum
1267 2894 1390 2951 Domino
1406 2911 1413 2950 :

108 2967 242 3027 Humilia
257 2965 398 3039 respicit²
1023 2975 1128 3019 terram
1144 2971 1241 3021 autem
1258 2966 1338 3021 dedit
1353 2967 1423 3022 filiis
1440 2966 1605 3032 hominum.

145 3042 176 3097 in
191 3039 264 3096 coelc
280 3045 309 3093 et
325 3040 352 3093 in
370 3046 455 3093 terra.
627 3105 632 3117 Ι
946 3066 968 3135 c
986 3034 1048 3091 Non
1067 3036 1173 3090 mortui
1191 3037 1353 3093 laudabunt
1367 3039 1523 3096 Dominum
1541 3057 1549 3098 τ

106 3112 264 3170 Suscitans
279 3111 315 3166 de
331 3117 409 3165 terra
422 3110 464 3180 (h.
480 3105 609 3180 pulvere)
625 3119 754 3176 inopem,
1024 3122 1076 3162 nec
1091 3109 1259 3181 omnesqui
1274 3109 1488 3166 descenderunt
1502 3114 1533 3168 in
1549 3114 1712 3173 silentium.

144 3188 174 3240 et
187 3183 225 3239 de
238 3187 365 3238 stercore
379 3182 473 3236 elevat
489 3190 659 3251 pauperem,
988 3179 1043 3236 Sed
1061 3194 1114 3233 nos
1130 3180 1330 3236 benedicimus
1346 3181 1470 3238 Domino
1487 3199 1493 3238 :

108 3255 146 3313 Ut
162 3271 231 3310 sum
247 3255 348 3310 sedere
364 3251 453 3308 iaciat
468 3266 536 3306 cum
552 3247 747 3321 principibus,
1023 3251 1129 3305 amodo
1144 3254 1173 3305 et
1189 3268 1282 3323 usqne
1297 3253 1327 3307 io
1342 3257 1496 3309 eternum.
1512 3255 1639 3315 Alleluia
1652 3259 1682 3316 ¹¹.

145 3343 215 3382 cum
229 3324 413 3396 principibus
430 3321 530 3405 populi
547 3320 605 3376 sui.
988 3321 1103 3403 (cxvi.)
1120 3322 1209 3377 Dilexi
1234 3325 1374 3396 qnoniam
1397 3326 1533 3383 exaudiet
1549 3329 1602 3400 (rit.
1619 3331 1729 3404 audiet)
1754 3333 1811 3391 Do·

107 3398 165 3464 Qui
181 3396 304 3454 collocat
318 3394 447 3452 sterilem
464 3411 494 3450 rn
508 3395 605 3462 domo,
1061 3409 1160 3449 minus
1172 3394 1194 3430 ¹¹

148 3474 273 3525 matrem
288 3467 415 3524 tiliorum
430 3466 589 3521 laetaotem.
605 3461 730 3519 Alleluia
740 3463 761 3517 ⁸.
1025 3481 1125 3521 vocem
1141 3465 1356 3537 deprecationis
1373 3483 1455 3524 mee.

111 3539 236 3613 (CXlV.)
252 3540 324 3597 Cum
341 3539 528 3609 egrederetur
544 3533 631 3592 lsrael
648 3534 684 3590 de
699 3533 820 3606 AEgyptc
836 3547 844 3590 ε
989 3536 1133 3603 Quoniam
1149 3537 1301 3593 inclinavit
1314 3555 1413 3595 aurem
1430 3555 1515 3597 suam
1531 3542 1615 3612 mihi,

148 3614 256 3669 domus
269 3611 361 3667 Jacob
374 3612 409 3665 da
424 3608 532 3681 populo
549 3607 672 3663 barbaro
689 3621 696 3661 ε
1025 3613 1055 3664 et
1069 3609 1099 3662 in
1115 3607 1219 3665 diebus
1236 3610 1309 3666 meis
1323 3612 1464 3667 invocabo
1475 3615 1509 3668 ¹³.

113 3684 222 3740 Faetus
236 3688 280 3738 est
293 3683 385 3739 ludas
396 3682 407 3717 ⁸
420 3680 449 3736 in
465 3678 727 3737 sanctificationem
741 3676 806 3748 ejus
821 3693 828 3732 :
990 3679 1215 3736 Circumderunt
1229 3697 1275 3736 me
1296 3682 1380 3737 funes
1396 3685 1509 3752 mortis,

150 3754 242 3813 lsrael
259 3759 386 3836 potestas
401 3752 493 3809 illins.
1026 3755 1055 3806 st
1065 3751 1241 3807 munitiones
1256 3752 1363 3807 interni
1374 3756 1548 3823 invenerunt
1558 3771 1614 3814 me.

112 3831 194 3883 blare
209 3825 293 3891 vidit,
309 3829 338 3880 st
356 3826 431 3896 fugit
447 3840 453 3879 :
990 3822 1166 3893 Angustiam
1181 3827 1209 3876 et
1223 3822 1353 3878 dolorem
1369 3827 1473 3895 reperi.

147 3897 286 3954 Jordaois
300 3912 458 3952 conversus
471 3899 515 3950 est
531 3898 701 3950 retrorsum.
1027 3901 1056 3949 at
1071 3909 1175 3948 nornen
1190 3893 1304 3948 Domini
1318 3897 1457 3951 invocabo
1473 3913 1479 3952 :

113 3970 228 4027 Montes
245 3967 438 4025 subsilierunt
453 3967 537 4039 quasi
553 3967 659 4021 arietes
676 3980 683 4020 :
992 3963 1130 4033 Obsecro,
1146 3965 1279 4025 Domine.
1293 3965 1373 4021 salva
1387 3967 1429 4037 (h.
1445 3967 1535 4041 eripe)
1551 3969 1680 4030 animem
1697 3990 1813 4034 meam:

149 4040 239 4097 colles
254 4042 337 4112 quasi
353 4039 404 4094 lilii
420 4037 517 4111 gregis
533 4037 571 4103 th.
588 4035 707 4107 ovium).
1028 4036 1156 4092 clemens
1172 4036 1324 4105 Dominus,
1341 4045 1369 4093 et
1388 4040 1510 4109 justus:

112 4113 188 4181 Quid
205 4113 256 4168 tibi
272 4116 317 4168 eet
332 4125 421 4179 mare,
438 4110 515 4181 quod
532 4107 655 4180 lugisti?
1029 4112 1058 4162 et
1069 4107 1146 4163 Deus
1162 4114 1262 4162 noster
1276 4109 1443 4165 misericors
1456 4112 1498 4180 (h.
1513 4111 1602 4184 pius),

147 4183 296 4248 iordanis,
312 4197 471 4239 conversus
486 4197 517 4237 es
537 4186 709 4237 retrorsum.
993 4178 1126 4235 Custodit
1146 4178 1282 4251 parvulos
1300 4182 1462 4238 Dominus:

112 4260 238 4322 tientes,
259 4253 473 4310 subsultastisl
488 4254 573 4324 quusi
595 4252 701 4308 arietes
717 4263 725 4306 z
1029 4254 1198 4307 attenuatus
1213 4268 1289 4313 sum,
1306 4257 1334 4306 et
1350 4254 1476 4310 salvabit
1491 4270 1546 4310 mc.

148 4327 249 4389 colles.
266 4327 349 4394 quasi
366 4326 417 4380 filii
434 4325 532 4396 gregis
547 4324 586 4388 (b.
604 4320 725 4391 ovium).
993 4320 1159 4385 Revertens,
1176 4321 1273 4378 anima
1289 4340 1363 4386 mna.
1381 4325 1408 4377 io
1425 4327 1557 4399 requiem
1574 4329 1655 4383 tuam
1672 4343 1679 4381 ι

111 4399 133 4454 A
150 4399 225 4456 lacis
240 4399 356 4455 Domini
372 4397 576 4453 contremiscit
590 4394 687 4452 terral
704 4409 711 4448 τ
955 4440 978 4506 D
1030 4395 1099 4474 quia
1114 4394 1256 4451 Dominus
1272 4397 1373 4452 reddet
1387 4397 1451 4454 tibi.

150 4617 158 4652 ¹
174 4613 294 4671 Scholia
314 4610 485 4681 hujusmodi
510 4608 678 4666 nullatenus
694 4607 857 4680 probantur
872 4604 937 4662 Hie·
992 4625 1049 4681 que
1064 4609 1169 4667 retinet
1191 4609 1288 4666 Canon
1303 4612 1433 4668 Carcass.
1451 4628 1517 4669 cum
1539 4611 1603 4670 suis
1618 4613 1816 4687 pedissequis.
1917 4630 1923 4639 ·

111 4702 247 4760 rcuyuto,
263 4685 312 4757 qui
333 4685 380 4740 bis
399 4689 584 4740 antevertens
599 4681 628 4735 in
645 4680 731 4751 epist.
748 4680 782 4734 sd
799 4683 890 4733 Suno.
909 4681 938 4734 et
992 4681 1086 4737 Mser.

110 4757 219 4814 Fretel.
232 4758 273 4813 ita
288 4757 322 4812 ad
341 4755 413 4825 psal.
429 4770 529 4815 xavru,
544 4769 616 4808 vers.
630 4753 664 4806 15
678 4751 762 4806 docte
777 4749 935 4805 monebat:
1026 4754 1037 4788 ⁸
1053 4756 1233 4809 interserunt
1248 4752 1305 4808 duc
1320 4769 1335 4809 e
1350 4753 1457 4810 nostris
1473 4771 1528 4811 ms.
1543 4757 1629 4826 quia:
1646 4762 1708 4814 turn
1724 4757 1818 4813 exsul·

109 4830 168 4885 Pro
182 4830 275 4892 iustis,
292 4827 388 4892 εύθεῐς,
404 4827 432 4882 id
456 4835 495 4882 ert
510 4834 606 4889 rectos.
623 4825 653 4878 in
675 4822 769 4880 Graeco
792 4837 837 4878 uos
861 4823 936 4876 ioue·
989 4829 1082 4891 stolis,
1098 4840 1149 4893 pro
1163 4825 1337 4880 subsultastis
1351 4825 1463 4898 legunt.

109 4904 187 4957 nisse
201 4899 313 4962 dicitis:
336 4901 384 4956 sest
398 4903 447 4954 noc
460 4901 571 4968 propter
589 4893 722 4970 εὐφωνίαν
739 4894 779 4949 itu
803 4893 833 4948 in
858 4893 937 4949 toti·
1026 4897 1036 4931 ἵ
1053 4896 1168 4967 traginas
1185 4912 1252 4954 ms..
1267 4905 1458 4953 contremescat
1472 4904 1557 4965 terro,

108 4989 179 5028 num
191 4987 301 5028 versum
319 4980 370 5027 est.
387 4971 517 5039 Alioquin
532 4978 558 5023 et
573 4968 603 5021 in
617 4983 647 5021 eo
663 4967 720 5022 toea
736 4964 785 5021 uti
804 4967 938 5037 scriptum
1025 4968 1036 5003 ⁸
1051 4967 1103 5022 Hic
1118 4968 1195 5035 apud
1212 4967 1347 5023 Hebraeos
1364 4970 1467 5040 incipit
1482 4972 1556 5041 psal.
1571 4987 1635 5037 cxv,
1647 4970 1724 5041 apud
1739 4974 1814 5026 Gra·

108 5042 230 5114 tepimus
245 5045 276 5099 iu
297 5042 369 5098 libro
394 5039 499 5107 abacta,
523 5040 662 5109 justorum
686 5037 870 5107 intellipinsus
896 5035 937 5091 n·-
991 5055 1040 5096 ccs
1054 5055 1120 5094 vero
1136 5055 1169 5091 ac
1182 5038 1299 5093 Latinos
1314 5042 1494 5112 conjunctim
1506 5043 1673 5114 descriptus
1685 5047 1730 5097 est
1744 5058 1812 5099 cum
1913 5068 1918 5073 ·

109 5116 193 5173 trum
208 5132 218 5169 :
234 5125 260 5170 et
272 5130 329 5170 non
348 5114 477 5168 mtrmus
491 5110 658 5167 suberbum
682 5109 714 5164 de
739 5113 819 5165 certo
842 5109 937 5190 expri-
990 5109 1175 5193 praecedenti..
1192 5109 1286 5166 Manu.
1349 5183 1354 5194 ⁴

107 5203 196 5312 meris,
213 5191 243 5242 ut
259 5185 472 5314 duuqamsyttabus
487 5182 641 5254 sequimur,
656 5180 804 5253 perdamus
829 5181 936 5236 intelle·
1025 5181 1758 5310 :oclqsqenchqrcqnqqqq‘hqqtthqlarqlnelp'qes'tktffcqfdet.

108 5275 270 5386 oegliiffiri
286 5297 389 5386 omnes
410 5343 483 5382 mss.
499 5322 670 5394 dispensavit
685 5341 695 5379 :
711 5324 815 5381 vitiose
836 5328 936 5380 autem
1026 5328 1048 5363 ¹¹
1065 5295 1245 5406 Postremum
1264 5294 1453 5381 boc'verbum
1469 5296 1682 5381 alleluiaticos
1699 5296 1814 5397 iteginss

106 5398 464 5472 eratanteadupersotit.
989 5413 1058 5461 ms..
1085 5396 1271 5457 cisterciens,
1292 5403 1390 5452 autem
1421 5395 1613 5467 subsequenti
1638 5397 1753 5468 psalmo
1778 5399 1814 5453 ad

144 5475 157 5509 ²
174 5473 205 5527 lo
224 5490 280 5530 ms.
295 5469 490 5533 (isterciensi,
507 5466 646 5540 respiciet.
989 5469 1067 5525 tituli
1085 5468 1179 5524 instar
1190 5469 1274 5535 ,iuxta
1290 5468 1441 5538 Vulgatnm
1456 5468 1588 5541 preligit.

144 5544 280 5601 ‘Vocem
310 5544 397 5609 hanc,
426 5541 556 5608 Alleluia,
584 5538 725 5595 transfert
748 5537 934 5594 Cisterciens.
1026 5543 1130 5596 ssusa.
1157 5543 1216 5594 tres
1234 5583 1240 5602 ,
1258 5538 1350 5594 Dilexi
1374 5539 1506 5608 quonium
1529 5538 1670 5607 exaudies,
1686 5540 1813 5596 Domine.

107 5632 167 5673 me.
198 5611 602 5740 infiubfflquflsstfflmffiflmi
631 5610 819 5683 epigraphem
850 5611 936 5682 juxta
987 5610 1444 5740 zlg'qqqruiqnqqqubarouteosis
1465 5613 1649 5678 emendatus,
1672 5612 1815 5668 excudivit

107 5685 502 5834 eaptsqqqqqtgqgttquglqnt'
521 5724 600 5830 tuctu
623 5757 663 5812 est
682 5754 791 5826 tuden,
807 5757 864 5812 etc.
889 5754 935 5812 Id·
1025 5716 1247 5814 1θῦίεῑέιὲεὶεεε.
1265 5769 1334 5826 ms,
1349 5751 1496 5813 invocari.
