3870 6120
100 252 168 331 'm
819 248 928 322 albiti
945 248 1115 323 morcon.
1764 271 1820 331 σω
1886 252 1890 258 ’

143 392 242 469 portia
256 388 288 450 in
303 390 390 450 unt.
405 388 447 449 D'e
470 385 648 461 vetitaque
662 398 731 443 enm
745 382 940 458 aceepitl’rn·
955 393 982 461 p
1032 390 1115 458 grate
1129 385 1301 461 eneoipitur.
1317 372 1357 446 ‘oe
1371 388 1474 448 latitia
1486 406 1599 460 eorum,
1613 398 1643 451 et
1658 393 1820 455 itineratie

143 484 255 542 dnotne
268 497 284 540 e
299 477 415 539 oaroere'
427 482 461 537 ut
475 478 599 545 luderet,
615 473 759 547 templum
773 486 864 548 euper
887 488 938 531 eoe
1028 472 1199 534 hominibus
1213 475 1314 535 (laban
1335 477 1488 551 Beniamin
1513 480 1634 555 iniquia,
1657 484 1709 557 qui
1723 485 1820 543 virum

147 588 210 630 nna
224 580 328 630 ee'enm
342 569 461 643 deterit.
1029 568 1174 637 appetunt
1188 580 1221 621 uo
1237 564 1399 624 mulierem.
1419 571 1457 625 lte
1472 569 1563 627 abuea
1578 572 1822 642 muliere,etlati·

111 660 188 721 tut.
207 663 246 720 lie
260 661 355 719 lioba
368 663 399 717 et
413 657 494 716 mille
503 660 621 715 eentum
632 651 788 728 argenteis.
806 656 845 710 tte
860 651 938 709 aotrl·
1033 656 1111 725 gata,
1127 658 1156 710 et
1166 654 1294 712 mortua.
1311 657 1350 713 lle
1364 658 1502 715 cadavere
1516 661 1580 731 ejua
1590 661 1685 719 diviao
1701 663 1731 720 in
1746 664 1821 722 duo·

148 748 214 824 ptlli
226 754 257 809 et
269 746 423 808 eonlletili.
438 746 480 804 lle
503 745 561 804 alio
587 742 773 801 adoleeoente
789 741 939 799 Bethlebe·
1030 741 1126 798 danim
1141 747 1251 815 partea,
1266 746 1296 800 et
1310 745 1401 802 misso
1417 762 1469 820 per
1482 747 1638 806 duodecim
1654 752 1821 811 tribue.Pro

148 840 233 911 mita,
248 840 302 913 qni
317 839 467 896 taotneeet
480 835 618 894 eaeerdoa
633 833 663 890 in
678 833 766 890 domo
779 831 885 890 blioba.
898 830 939 887 De
1030 830 1085 888 boo
1101 830 1176 888 laeto
1190 832 1289 889 omnis
1304 835 1432 908 populna
1451 846 1663 911 congregatur:
1679 841 1820 900 adversus

148 926 220 986 utu·
234 932 296 987 Dan
311 925 453 984 euntlbne
468 922 570 982 baebia
585 922 789 980 auferentibus
805 921 940 979 aaoerdo·
1030 921 1141 977 tribum
1156 921 1309 993 Beniamin
1326 921 1435 980 bellum
1449 924 1583 983 indicunt
1599 944 1606 984 ε
1622 929 1713 986 semel
1728 934 1757 987 et
1769 931 1822 989 ite·

151 1023 221 1089 tem,
243 1021 274 1075 et
296 1015 385 1074 idola.
413 1014 455 1072 De
478 1011 638 1083 Jooatban,
665 1010 726 1069 tillo
747 1010 870 1079 deman,
886 1007 940 1065 lilii
1031 1024 1098 1066 rum
1113 1015 1308 1083 superantur:
1322 1012 1709 1074 tertioviotoreaexeietunt.
1725 1020 1821 1078 Pteni-

152 1104 255 1181 troya,
270 1105 422 1163 mmrdote
437 1102 519 1161 idoli.
1031 1097 1124 1155 tentia
1136 1099 1216 1156 danti
1233 1100 1337 1158 llentea
1347 1101 1448 1159 dotent
1463 1119 1553 1159 unam
1562 1105 1685 1178 periieee
1697 1107 1821 1180 tribum,

125 1192 168 1253 lx.
182 1186 940 1267 beleunaootpientouxoremdeuetbtebemtuua,
1031 1203 1066 1244 ex
1082 1203 1141 1260 qua
1156 1189 1301 1246 sexcentis
1325 1189 1395 1247 viria
1420 1193 1641 1251 remanentibue
1663 1196 1821 1256 consilium

158 1300 210 1357 qna
223 1298 342 1342 reveren
353 1283 385 1338 in
399 1282 523 1338 domum
538 1278 641 1354 patrie,
665 1279 711 1334 vir
729 1278 795 1350 etue
820 1281 942 1333 eeoutna
1032 1275 1137 1333 ineunt
1152 1275 1281 1349 qualiter
1294 1278 1391 1336 tribua
1403 1294 1469 1352 qna
1484 1282 1591 1338 oeoidit
1606 1291 1768 1357 reparatur.

736 1587 873 1647 breves
889 1590 899 1628 ¹
913 1586 1012 1647 Lilifll
1029 1586 1199 1646 tubruute.

144 1902 162 1967 l.
172 1909 256 1967 indae
270 1906 393 1983 eligitur
406 1907 466 1964 dux
479 1904 559 1962 belli.
963 1910 988 1979 Β
1036 1900 1161 1976 tempori
1173 1886 1585 1976 Siearae.Seqntturoantlcum
1601 1909 1690 1969 Barao
1703 1915 1734 1970 et
1748 1913 1826 1971 Deb-

144 1996 170 2056 ll.
181 2000 312 2073 lnorepat
327 1994 468 2072 populum
484 1993 628 2054 Dominae
650 2006 703 2066 pro
718 1997 838 2050 e'xoeean
854 1988 947 2047 idolo·
1041 1989 1129 2046 bora.

169 2104 236 2145 rum.
1004 2077 1037 2135 Χ.
1056 2079 1267 2138 Poetexoeeaue
1279 2080 1691 2160 populioonsuetoe,epparuit
1705 2090 1827 2165 angelus

145 2175 181 2235 lll.
194 2182 263 2237 Poet
276 2175 390 2234 obitum
404 2174 494 2231 Joaue
504 2173 636 2231 leoerunt
646 2169 785 2230 israelite
802 2168 950 2227 matnmin
1041 2168 1155 2225 Domini
1169 2170 1295 2239 uadem,
1311 2171 1480 2231 oonlortana
1495 2175 1531 2232 ad
1546 2176 1828 2250 preliandumsub·
1903 2190 1907 2199 '

167 2270 319 2342 eonnpeotu
335 2262 452 2322 bomini
467 2262 479 2300 ¹
496 2278 503 2320 :
520 2278 596 2336 quoe
609 2259 732 2320 tradidit
743 2259 874 2318 iuimioie
888 2258 951 2317 anie
1039 2257 1127 2314 vertit
1135 2257 1223 2315 etiam
1240 2259 1321 2332 baal,
1336 2265 1365 2318 et
1379 2261 1485 2321 obtulit
1500 2265 1678 2325 eaoridoinm
1691 2268 1828 2330 Domino.

166 2356 192 2414 jn
203 2356 344 2431 prmum,
1042 2345 1139 2419 lpeiua
1155 2347 1210 2404 viri
1226 2348 1349 2407 trecenti
1363 2349 1532 2410 lamberunt
1545 2370 1638 2429 aquae
1654 2363 1685 2414 ut
1700 2360 1830 2419 oaueale

142 2442 176 2502 lt.
188 2444 388 2503 iixoitantura
402 2440 529 2499 Domino
539 2439 658 2514 judloee
684 2439 720 2497 ad
745 2436 952 2496 liberationem
1041 2435 1229 2509 postmodum
1241 2437 1367 2495 exoesait
1379 2456 1445 2496 oum
1462 2442 1561 2499 lsrael.

166 2533 273 2604 lerael3
290 2532 471 2606 etiamipeoe
485 2534 676 2604 spreverunt:
693 2527 804 2601 quibua
818 2542 951 2586 renarra·
1006 2524 1054 2580 xt.
1072 2524 1113 2580 Da
1128 2539 1218 2597 regno
1238 2525 1404 2584 ibimelecb
1434 2528 1564 2605 infirmo,
1588 2534 1637 2605 qui
1654 2537 1830 2598 moriturae

165 2624 201 2681 rit
211 2627 327 2698 genter,
342 2627 374 2678 nt
389 2619 420 2677 in
435 2619 510 2693 lpeie
523 2618 691 2691 experiatur
705 2615 804 2675 lerael.
855 2677 857 2682 ,
1041 2612 1205 2685 fragmento
1221 2617 1308 2687 petra
1325 2615 1407 2673 mola
1422 2618 1443 2673 ¹.

139 2710 163 2770 l.
174 2717 223 2771 tia
237 2715 310 2770 eunt
325 2714 438 2784 genter,
455 2724 530 2782 quae
544 2707 689 2765 ltominne
703 2704 861 2778 dereliquit
874 2706 897 2761 ³.
1005 2698 1071 2758 xli.
1087 2701 1220 2774 Regnum
1234 2701 1307 2760 lair.

138 2798 172 2860 ll.
188 2803 242 2859 tro
267 2815 390 2858 exoeren
417 2796 565 2855 idolorum
589 2794 727 2870 captivati
750 2798 821 2853 eunt
844 2810 861 2851 a
884 2807 952 2868 rege
1005 2789 1084 2847 Xlll.
1099 2794 1230 2864 Regnum
1244 2792 1383 2866 Jepbtbe.
1401 2796 1428 2853 le
1449 2798 1558 2855 oooidit
1581 2799 1672 2858 liliam
1688 2819 1785 2876 eoam,
1801 2808 1831 2863 at

163 2891 278 2948 choran
294 2886 523 2962 Mesopotamia.
1042 2878 1110 2938 teolt
1124 2882 1366 2939 ooneuetudinem
1382 2884 1502 2943 malam.
1872 2874 1875 2879 ’

137 2979 184 3039 tu.
200 2982 273 3037 Item
289 2993 342 3052 pro
357 2972 444 3034 malie
464 2975 623 3031 traduntur
646 2972 739 3047 ltglon
764 2971 825 3046 regi
841 2968 924 3030 ldoab
942 2987 949 3027 :
1006 2968 1081 3025 xlv.
1096 2969 1192 3026 ludex
1206 2970 1347 3029 Abesean.

164 3085 251 3143 quem
267 3064 414 3124 interiecit
428 3064 491 3121 Aod
506 3064 536 3121 in
561 3061 711 3121 omnaoulo
726 3076 780 3120 eno
795 3076 862 3118 oum
877 3066 950 3130 arte,
1007 3056 1068 3115 XV.
1082 3058 1176 3116 ludex
1191 3058 1308 3128 Menoe,
1324 3061 1409 3133 onina
1433 3062 1514 3123 illiue
1537 3065 1669 3127 lamoeue
1692 3073 1829 3132 Semeon.

163 3155 325 3216 interientie
338 3155 427 3213 etiam
446 3153 546 3212 decem
567 3151 689 3210 milibue
703 3150 907 3221 Moabitarum,
921 3154 952 3209 et
1005 3147 1078 3205 Xlll.
1095 3148 1239 3205 Exceaeue
1254 3148 1366 3207 ltiobae.

163 3246 276 3321 quievit
288 3245 388 3303 terra*
402 3243 553 3316 ootoginta
567 3243 664 3300 annia.
964 3281 987 3350 c
1005 3236 1095 3294 xvtl.
1111 3236 1152 3294 De
1167 3237 1353 3296 adoleeoente
1368 3240 1465 3298 levita
1479 3243 1579 3317 agnito
1596 3247 1674 3321 apud
1689 3248 1827 3323 lticbam,

133 3333 197 3395 titt.
210 3339 337 3408 samgar
351 3333 402 3408 qui
417 3332 525 3391 oonidit
549 3334 702 3389 noroentoa
721 3328 799 3388 virne
822 3345 946 3387 vomere.
1040 3330 1070 3383 et
1085 3330 1216 3383 revocato
1232 3344 1249 3383 a
1263 3328 1340 3385 tribu
1357 3333 1419 3385 Dan
1435 3330 1466 3389 in
1481 3334 1678 3394 aaoerdotium
1693 3337 1776 3398 idoli.

133 3412 175 3486 11.
190 3423 364 3482 Comtantia
380 3420 513 3480 mulierie
526 3418 622 3489 table,
641 3435 707 3492 qua
721 3419 837 3477 olavum
853 3418 950 3476 infixit
1003 3415 1105 3473 XVlll.
1122 3414 1173 3472 Vir
1188 3416 1299 3475 Lovitee
1313 3418 1361 3474 oni
1376 3421 1501 3494 contigit
1516 3424 1609 3482 netaa.

161 3569 170 3653 1
185 3563 382 3639 Μοαρᾶιιω
395 3564 431 3621 de
446 3565 632 3647 moretroeat
648 3578 655 3618 :
672 3575 824 3644 unumque
839 3559 952 3617 taeitex
1027 3560 1050 3642 ι’
1064 3559 1234 3643 lioontrario
1249 3559 1297 3617 bio
1311 3561 1394 3620 addit
1408 3562 1486 3621 idem
1511 3565 1635 3626 Palatin.
1650 3584 1706 3627 ma.
1723 3580 1755 3630 at
1768 3589 1833 3631 eru·

133 3635 952 3795 nrt‘torruerit{tumultuet
1003 3631 1488 3811 ll‘l‘lttl'stloam
1502 3707 1655 3795 ortuo.

136 3782 471 3940 wmffigmgffl
484 3846 651 3915 verborum,
674 3860 741 3920 quoe
758 3845 877 3903 tradidit
892 3844 950 3903 ini·
1001 3773 1309 3919 {eeifflffloeliritlliirglm
1323 3780 1452 3904 idiensi·
1466 3781 1783 3923 magnarum
1796 3794 1835 3914 :dt

137 3925 205 3983 eeu
217 3941 280 3984 eun
293 3926 325 3981 in
338 3922 475 3997 praedem,
484 3919 609 4008 Palatio.
626 3933 682 3975 me.
698 3917 825 3991 ignorat.
1002 3916 1131 3992 lepbtlre
1148 3917 1287 3990 adquam
1302 3920 1460 3992 pertinent.

755 4221 928 4281 curruum
943 4218 1043 4281 Lliiltl
1056 4219 1226 4280 subrubri.

137 4528 159 4588 l
170 4529 372 4592 tdonlbeaeob
393 4528 510 4605 lugiens
531 4526 764 4601 eompreheneoe
787 4527 843 4594 eet,
869 4523 954 4584 neele
967 4527 992 4595 n
1006 4525 1083 4582 11111.
1101 4523 1217 4581 ltimieit
1227 4523 1318 4583 toene
1328 4527 1513 4601 populum,et
1523 4532 1661 4594 abierunt
1677 4535 1731 4596 tilii
1744 4540 1836 4601 lerael

167 4639 229 4681 enm
244 4620 395 4680 mitatibne
410 4632 552 4675 manuum
564 4616 630 4689 ejua
645 4632 679 4674 aa
693 4616 814 4690 pedum.
1050 4611 1255 4685 unueqnirque
1267 4613 1298 4670 in
1313 4617 1531 4688 poreeeeionem
1546 4637 1642 4680 enam.

145 4706 371 4770 lillabitaturee
386 4706 485 4778 Dabir,
501 4707 587 4779 eujua
600 4721 709 4763 nomen
723 4710 808 4762 vetna
823 4707 888 4762 erat
901 4703 957 4761 (ta-
1013 4699 1060 4758 ut.
1078 4703 1175 4758 lratna
1190 4701 1333 4760 Dominae
1352 4710 1455 4763 contra
1481 4708 1584 4782 lerael,
1607 4714 1729 4774 tradidit
1740 4734 1790 4775 eoa
1806 4719 1837 4777 in

169 4797 381 4873 rioth-Saphar,
396 4796 426 4853 id
440 4799 495 4864 eat,
509 4795 613 4853 oivitaa
627 4793 801 4851 litterarum.
1047 4805 1155 4847 manue
1169 4789 1384 4864 diripientium.

143 4885 182 4948 lli
196 4882 258 4948 rilit
273 4885 365 4946 (linei
378 4883 495 4959 cognati
519 4883 610 4957 Moysi
624 4883 825 4941 emendarunt
851 4881 889 4940 de
903 4879 959 4939 oivl
1010 4876 1045 4937 x.
1061 4878 1156 4936 iratur
1169 4883 1215 4936 eet
1229 4879 1311 4937 luror
1325 4880 1442 4940 Domini
1457 4884 1488 4941 in
1504 4885 1606 4957 lsrael,
1631 4894 1660 4947 et
1682 4893 1723 4949 ait
1738 4909 1745 4949 τ
1761 4893 1836 4962 Quia

166 4985 222 5039 tate
236 4976 408 5036 Palmarnm
418 4989 487 5031 oum
501 4972 572 5029 tillia
585 4973 601 5030 J
606 4971 673 5030 ode.
1046 4966 1163 5024 irritum
1177 4968 1246 5025 teoit
1260 4983 1333 5042 gene
1346 4968 1406 5027 iata
1418 4979 1537 5046 paetum
1548 4993 1719 5050 meum‚non
1729 4981 1833 5039 delebo

140 5061 179 5125 tr.
191 5066 362 5126 Jebneenm
377 5061 573 5121 habitatorem
586 5060 752 5118 tarnealem
767 5076 827 5118 non
842 5058 955 5117 deleve·
1046 5061 1158 5129 pentae.

165 5164 234 5218 rant
247 5155 304 5216 dtu
320 5151 486 5227 Beniamin.
1010 5144 1056 5205 XI.
1073 5145 1193 5205 Dimisit
1207 5145 1350 5208 Dominue
1364 5148 1419 5208 hae
1434 5152 1581 5230 nationes,
1595 5160 1625 5214 at
1643 5156 1700 5215 olto
1715 5157 1836 5216 eubver·

137 5242 165 5309 i.
177 5245 362 5319 locavitque
379 5241 483 5300 urbem
500 5239 617 5312 loram,
644 5254 710 5313 qna
732 5236 774 5296 ita
794 5238 960 5313 appellatur
1047 5238 1109 5291 tere
1124 5231 1230 5292 noluit.

167 5352 261 5411 neqm
275 5334 307 5393 ln
322 5334 495 5409 preeuntem
510 5328 600 5387 diem.
1011 5324 1077 5381 xli.
1093 5322 1142 5380 lle
1157 5326 1228 5382 eunt
1241 5328 1346 5398 genter
1359 5342 1431 5400 quae
1445 5328 1589 5389 Dominae
1614 5331 1782 5406 dereliquit,
1806 5338 1840 5392 nt

136 5422 180 5485 tt
194 5430 269 5487 beer
282 5439 343 5483 non
359 5418 466 5481 delevit
479 5417 661 5477 habitatores
673 5416 781 5477 Aoebo.
1047 5410 1178 5469 erudiret
1192 5411 1222 5468 in
1239 5412 1282 5470 eia
1298 5414 1448 5473 lsraelem.

132 5512 189 5578 m
204 5516 364 5591 inquiente
380 5508 484 5585 angelo
494 5506 612 5567 bomird
623 5506 660 5565 ad
670 5504 748 5566 liltoe
761 5502 960 5580 lartelelera·
1013 5498 1090 5559 Xlll.
1106 5501 1209 5575 ltaque
1222 5500 1278 5560 filli
1292 5503 1639 5566 lereelbabitavernntin
1654 5509 1837 5572 medlocba·

162 5596 698 5667 momenmentum.
1049 5604 1231 5650 aeneorum.
