3870 6120
105 154 175 215 1175
623 158 654 212 s.
675 155 877 211 niaaoiiviii
896 153 1024 209 nivino
1040 124 1288 241 immoratos.
1605 200 1608 205 .
1744 155 1812 213 iiii

141 284 266 350 strages
281 277 311 334 in
327 277 400 334 salic
415 276 541 334 collocat
555 277 584 332 in
602 283 788 351 perpetuam,
944 275 1090 344 Ababler
1104 289 1206 331 omnes
1221 272 1385 350 coelcsipsa
1399 279 1581 347 considerat,

143 359 173 409 et
187 352 342 423 eriguntur
357 351 397 420 (h.
414 365 471 405 non
488 349 584 404 aulert
600 366 616 404 a
631 350 714 421 josto
730 349 832 406 ocules
847 366 929 415 suos,
1022 351 1050 402 et
1063 345 1165 402 lumen
1180 346 1261 404 illias
1276 363 1364 422 saper
1377 352 1521 410 terinlnos
1541 351 1585 425 (li.
1615 349 1810 423 altitudinem)

142 430 171 482 et
184 440 202 479 a
216 422 335 494 regibus
347 437 354 486 ;
370 421 399 475 in
416 420 490 477 solia
505 421 626 477 collocat
639 437 689 478 eos
701 425 729 477 in
743 427 929 494 perpetuam,
1056 422 1149 474 terrie.

141 500 171 553 et
185 494 236 550 alii
250 493 426 565 eriguntur).
985 491 1055 547 Post
1066 505 1134 545 eam
1152 489 1249 561 rugiet
1263 492 1390 559 sonitus,

107 568 142 624 Et
156 566 182 623 si
199 565 307 620 luerint
321 564 351 618 ia
367 564 487 631 catenis,
504 571 531 620 et
546 563 714 621 vinciantur
730 563 929 636 tunibuspaa-
1021 561 1136 617 tonabit
1149 576 1218 617 vocs
1233 564 1447 636 magnitudinis
1462 580 1545 622 sae:

178 636 297 709 perlatis
312 652 319 690 :
1022 637 1051 688 et
1065 649 1123 688 non
1137 631 1371 706 investigabitur,
1383 651 1450 693 cum
1461 637 1563 694 audita
1575 635 1731 694 l'usritvnx
1741 637 1804 709 ejas.

106 707 250 768 iudicabit
267 707 309 763 eis
324 721 412 779 opera
424 722 539 774 eoram,
987 704 1114 760 Tonabit
1127 703 1204 760 Deus
1219 704 1248 760 in
1266 722 1334 763 voce
1349 724 1405 764 sua
1420 708 1610 779 mirabiliter,

143 788 170 837 ei
184 779 296 836 seelera
309 793 422 844 eorum,
440 778 509 849 quia
523 777 643 833 violenti
659 777 778 834 tuerint.
1023 775 1072 860 qui
1089 775 1157 831 iacit
1171 776 1212 848 (b.
1231 778 1351 851 taciens)
1367 786 1518 852 magnast
1532 779 1755 837 inscrutabilia.

107 850 260 909 {involabit
274 866 392 922 queque
403 865 505 905 aurem
520 865 634 917 euroin,
651 854 683 905 ut
696 849 837 922 corripiat
852 867 860 906 :
987 849 1041 914 Qui
1058 847 1189 930 praecipit
1204 848 1273 917 nivi,
1290 854 1322 906 ut
1337 852 1495 909 descendat
1507 851 1537 908 in
1553 856 1681 921 terram,

143 928 172 980 et
187 922 337 993 loquetur,
353 926 385 977 at
402 925 586 976 revertantur
600 925 636 976 ab
650 922 804 992 iniquitate
819 937 827 978 ι
1021 923 1050 974 et
1066 918 1172 974 hiemis
1186 919 1306 991 pluviis,
1323 925 1352 977 et
1366 921 1454 978 imbri
1470 922 1659 980 tortitudinis
1674 939 1745 980 sao.

107 994 137 1051 si
161 993 318 1061 audierint,
345 997 375 1047 et
402 992 628 1062 observaverint,
655 993 844 1066 complebunt
871 993 934 1050 dies
986 990 1040 1058 Qui
1057 990 1086 1045 in
1103 1006 1190 1071 manu
1208 992 1340 1048 cranium
1357 992 1512 1051 liominain
1528 996 1643 1069 signat,

182 1082 253 1123 suas
267 1066 399 1133 inbono,
1024 1066 1057 1117 at
1071 1068 1205 1117 noverint
1220 1063 1331 1137 singuli
1346 1080 1435 1136 opera
1449 1082 1514 1122 sua.

145 1142 175 1194 et
189 1153 283 1193 annos
297 1151 365 1192 euos
379 1134 410 1190 in
425 1134 519 1208 gloria
533 1152 540 1190 :
988 1133 1276 1207 ingredieturbestia
1290 1135 1458 1205 latibulum,

111 1211 142 1268 Si
156 1214 255 1265 satem
272 1223 330 1263 non
346 1207 503 1276 audierint,
519 1207 690 1263 transibunt
704 1223 756 1279 per
771 1207 916 1278 gladium,
1024 1210 1053 1261 et
1069 1205 1098 1260 in
1114 1209 1199 1261 antro
1214 1222 1268 1262 suc
1284 1207 1458 1264 morabitur.

147 1285 176 1337 et
190 1284 401 1337 eonsumeutor
413 1278 442 1333 in
458 1277 593 1335 stultitia.
988 1277 1033 1332 Ab
1049 1276 1418 1351 interioribusegredietur
1429 1281 1640 1353 tempestas,et
1650 1279 1688 1335 ab
1698 1280 1801 1336 Arcturo

111 1352 304 1410 simulatores
319 1358 346 1406 ei
360 1349 458 1406 callidi
475 1354 634 1433 provocant
649 1349 723 1434 iram
740 1349 803 1421 Oai,
1060 1347 1114 1418 (ii.
1133 1350 1247 1421 Austro)
1264 1350 1368 1433 trigue.

114 1421 747 1578 attalittttttttttlltttitt?
991 1419 1533 1550 ”tltttittttittvittis..
1548 1509 1646 1567 ..aa

149 1570 178 1624 et
193 1567 252 1623 vita
266 1581 367 1622 eoram
382 1569 459 1621 inter
472 1565 665 1621 effeminatos.
990 1565 1181 1618 Frumentum
1196 1564 1344 1620 desiderat
1359 1565 1464 1636 nabes,

115 1639 226 1711 Eripiet
239 1638 293 1710 (it.
309 1637 410 1710 eriget)
423 1653 579 1708 pauperem
596 1638 631 1692 de
642 1635 780 1708 angustia
793 1653 859 1706 sua,
955 1652 979 1717 B
1028 1638 1057 1688 et
1068 1634 1161 1690 nubes
1177 1640 1321 1708 spargant
1335 1634 1436 1693 lumen
1451 1652 1552 1693 sauia.

151 1717 181 1765 et
191 1709 329 1767 revelabit
345 1710 374 1764 in
389 1707 609 1766 tribulationem
626 1725 726 1765 aurem
742 1710 817 1781 ejus.
994 1706 1061 1771 Ouae
1076 1706 1201 1762 lustrant
1216 1722 1267 1778 per
1281 1706 1448 1775 circuitum,

119 1781 213 1854 lgitur
227 1779 350 1837 salvabit
366 1784 392 1835 le
406 1780 442 1836 de
457 1796 506 1836 ore
522 1785 658 1852 angusto,
1030 1792 1206 1849 quocunqne
1220 1793 1270 1834 eas
1289 1778 1425 1835 voluntas
1447 1778 1647 1862 gubernantis
1661 1779 1770 1849 duxerit,

151 1852 304 1918 latissime,
319 1856 348 1907 et
364 1868 420 1907 uon
443 1851 582 1909 babhntis
606 1850 648 1924 (ti.
674 1850 811 1921 habente)
833 1850 940 1907 luada-
1028 1848 1065 1903 ad
1080 1864 1164 1904 omne
1178 1853 1253 1918 quod
1269 1851 1439 1923 preceperit
1450 1850 1510 1906 illis

152 1931 284 1981 mentum
300 1924 402 1979 subter
418 1927 470 1979 ee¹
489 1940 496 1978 :
1029 1936 1118 1990 super
1134 1921 1237 1976 taciem
1252 1922 1332 1978 orbis
1345 1926 1504 1979 terrarum.

151 1996 268 2069 requies
284 2000 382 2051 autem
401 2012 506 2050 incnsie
517 1998 574 2050 tua
585 1993 735 2064 eritplenn
749 1993 939 2066 pinguedine.
992 1990 1057 2046 Sive
1073 1992 1102 2046 in
1119 2008 1178 2047 una
1193 1992 1284 2059 tribu,
1300 1993 1361 2051 sive
1376 1993 1406 2049 in
1423 1998 1501 2050 terra
1512 2009 1580 2060 sua,

115 2073 210 2123 Causa
223 2075 275 2123 tua
291 2066 375 2137 quasi
393 2066 474 2138 impii
487 2067 619 2138 iudicata
635 2069 689 2139 est,
1029 2061 1133 2119 sivein
1150 2079 1326 2136 quecunque
1341 2067 1405 2122 leco
1420 2063 1632 2122 misericordiae
1648 2080 1706 2121 sue

153 2155 275 2196 oausam
288 2137 495 2208 iudiciumque
511 2135 645 2207 recipies.
1029 2150 1079 2190 eas
1089 2134 1215 2202 jusserit
1230 2136 1366 2193 inveniri.

116 2210 180 2266 Non
196 2215 223 2265 ta
239 2226 308 2281 ergo
324 2214 444 2281 superet
459 2209 512 2263 ira.
528 2213 560 2264 ut
582 2205 710 2280 aliquem
735 2206 776 2279 (b.
804 2206 940 2279 tametip·
993 2205 1136 2261 Ausculta
1150 2205 1221 2276 hae,
1236 2207 1311 2264 Jcb:

188 2281 267 2351 sam)
282 2281 433 2363 opprimas
450 2295 457 2334 ε
1067 2281 1122 2343 sla,
1137 2282 1166 2333 et
1179 2280 1332 2335 considera
1347 2277 1494 2334 mirabilia
1509 2278 1572 2336 Dei.

154 2368 208 2408 nec
224 2351 382 2407 multitado
398 2351 542 2406 donorum
559 2348 682 2404 inclinet
696 2353 735 2405 te.
994 2347 1143 2420 Numquid
1159 2350 1217 2406 scis
1232 2351 1350 2423 quando
1364 2351 1532 2422 preceperit
1547 2348 1742 2423 Deuspluiiis,

118 2422 235 2496 Depone
247 2422 478 2494 magnitudinem
490 2420 817 2492 (htvrannidemtlaam
828 2420 941 2493 absque
1031 2424 1063 2475 ut
1077 2422 1263 2477 ostenderent
1276 2422 1371 2478 lucem
1388 2421 1511 2478 nubium
1526 2423 1621 2494 ejus?

189 2494 389 2562 tribulatione,
404 2497 433 2549 et
445 2508 547 2549 omnes
562 2493 699 2549 robustas
714 2493 896 2548 tortitudine.
993 2491 1132 2563 Nunqnid
1149 2491 1225 2549 nosti
1239 2493 1361 2550 semitas
1379 2492 1513 2556 nubtum,

115 2566 156 2623 Ne
170 2565 324 2638 protrahas
339 2570 465 2629 noctem,
1031 2579 1153 2636 magnas
1167 2568 1195 2619 et
1210 2566 1353 2637 periectas
1367 2564 1506 2620 scientias
1521 2563 1577 2635 (it.
1593 2561 1740 2635 scientiall

153 2645 186 2693 ut
202 2639 364 2694 ascendant
378 2634 479 2710 populi
496 2649 547 2705 pio
562 2634 615 2690 eis.
994 2637 1097 2691 Nonne
1108 2636 1279 2692 vestimenta
1293 2640 1344 2692 tua
1360 2634 1454 2692 aalide
1467 2639 1553 2701 sunt,

116 2711 190 2766 Cave
207 2726 243 2765 ne
258 2708 386 2765 declines
402 2709 437 2764 ad
454 2705 640 2778 iniquitatem
659 2721 666 2760 ε
1031 2722 1098 2761 cum
1115 2707 1236 2789 perflata
1250 2709 1338 2763 tuerit
1351 2710 1431 2764 teria
1444 2706 1579 2764 Austro?

152 2779 452 2852 hancenimcoepisti
477 2778 560 2862 sequi
589 2778 630 2849 (li.
662 2779 847 2851 prosecutus)
876 2784 942 2852 post
995 2782 1035 2832 Tii
1053 2777 1177 2834 forsitan
1191 2778 1349 2836 fabricatus
1362 2795 1394 2834 es
1409 2795 1476 2835 cum
1493 2794 1527 2835 eo
1543 2776 1634 2833 emina

188 2852 243 2924 (At.
259 2858 314 2908 tae.
332 2852 407 2923 past)
425 2850 585 2906 miseriam.
1031 2849 1080 2919 qui
1098 2848 1270 2907 solidissimi
1281 2850 1366 2922 quasi
1382 2864 1438 2905 cre
1454 2850 1512 2906 lusi
1528 2850 1626 2905 siint‘.t

119 2922 204 2994 Ecce,
222 2924 299 2980 Oeae
314 2923 444 2979 excelsus
460 2923 489 2977 in
507 2920 677 2976 tortitudine
692 2937 746 2976 sua
996 2921 1123 2976 Ostende
1139 2922 1224 2978 nobis
1240 2923 1311 2994 quid
1325 2923 1460 2978 dicamus
1478 2920 1521 2976 illi
1536 2937 1544 2976 z

150 2998 179 3050 et
195 2995 295 3051 nullas
309 2995 335 3051 ei
348 2994 457 3050 sinaitis
472 2993 501 3047 in
517 2990 744 3062 legislatoribus.
956 3013 978 3081 c
1034 3008 1087 3047 noe
1102 2992 1212 3065 quippe
1228 2993 1404 3049 involvimur
1419 2993 1559 3049 tenebris.

114 3065 186 3128 Quis
202 3067 309 3138 peterit
323 3065 448 3121 scrutari
466 3065 542 3119 viam
558 3064 611 3134 (ai.
628 3063 699 3134 iias)
713 3062 801 3143 ejus?
996 3063 1067 3129 Quis
1083 3064 1250 3120 narrabitei
1267 3081 1330 3137 qum
1346 3062 1471 3136 loquor?
1830 3072 1833 3143 q

151 3145 200 3193 aut
216 3136 318 3209 quiesi
334 3137 452 3193 diceret
466 3151 473 3191 :
489 3136 634 3206 Operatur
648 3149 680 3190 es
694 3134 904 3207 iniquitatem?
1031 3134 1117 3190 etiaui
1136 3136 1159 3191 si
1176 3134 1292 3193 locutas
1305 3136 1393 3192 luerit
1408 3135 1506 3203 honio,
1522 3134 1729 3192 devorabitur:
1831 3180 1833 3185 .

115 3207 262 3265 Memento
278 3209 356 3282 quad
374 3208 490 3280 ignores
505 3222 579 3277 opus
595 3206 671 3277 ejus.
1031 3209 1065 3261 At
1079 3223 1157 3262 nunc
1173 3223 1229 3264 noa
1245 3207 1346 3265 vident
1358 3207 1453 3263 lacem
1471 3224 1479 3262 ι
1831 3202 1833 3217 “

151 3280 187 3336 de
202 3295 259 3351 quo
274 3279 442 3337 cecinerunt
456 3278 509 3351 (ii.
525 3277 695 3334 ceciderunt
718 3275 782 3332 viri.
1031 3277 1129 3333 siibitc
1146 3294 1195 3335 aar
1209 3284 1330 3352 cogetur
1345 3280 1373 3335 in
1389 3279 1494 3345 nubes,

117 3350 225 3408 Omnes
240 3352 374 3407 homines
390 3351 490 3406 vident
505 3348 547 3421 (li.
560 3349 693 3405 viderunt
718 3364 797 3414 eum,
1030 3353 1060 3405 et
1073 3354 1176 3406 ventus
1190 3352 1338 3407 transiens
1352 3350 1466 3421 iugabit
1477 3366 1538 3406 eas.

189 3424 398 3495 unusquisque
412 3422 545 3477 intuetur
558 3418 659 3492 procul
672 3420 714 3489 (b.
731 3424 761 3475 et
781 3419 869 3477 bomo
893 3421 938 3477 iu·
994 3422 1038 3476 Ab
1054 3421 1192 3492 aquilone
1205 3439 1310 3478 aarum
1326 3421 1414 3488 venit,

189 3494 322 3550 tuebitur
336 3492 459 3565 procul).
1031 3496 1059 3547 et
1073 3493 1109 3548 ad
1125 3492 1217 3549 Deum
1233 3492 1421 3549 formidolosa
1435 3490 1575 3548 laudatio.

117 3562 201 3633 Ecce,
217 3565 295 3622 Deus
310 3580 437 3638 magnas
451 3562 570 3619 vincens
585 3560 903 3642 scicntiamlnostram:
995 3561 1087 3636 Digne
1100 3579 1166 3619 eom
1184 3565 1314 3621 invenire
1325 3581 1382 3621 ann
1394 3579 1554 3636 passumus
1570 3559 1786 3635 (beniacan.

153 3651 297 3693 numerus
310 3651 455 3693 annorum
471 3634 536 3705 rjus
555 3631 778 3689 inestimabilis.
1066 3634 1151 3705 diana
1165 3635 1294 3693 invenire
1309 3653 1376 3692 eum
1393 3650 1450 3691 non
1463 3635 1620 3701 pereamust
1636 3650 1644 3689 ε

117 3705 171 3772 Oai
186 3709 281 3764 anteri
295 3707 390 3764 stillas
406 3705 519 3778 pluvie,
1032 3722 1157 3778 magnus
1174 3707 1355 3774 tortitudine,
1371 3704 1533 3780 etjudieic,
1550 3710 1579 3762 et
1591 3701 1718 3776 justitia,

153 3782 182 3835 et
196 3779 322 3836 ellandit
335 3779 445 3836 imbres
463 3778 499 3833 ad
514 3776 611 3832 instar
624 3775 785 3848 gurgitum.
1031 3777 1056 3832 ei
1073 3780 1203 3835 enarrari
1219 3795 1277 3835 non
1294 3782 1399 3851 potest.

117 3849 223 3916 Ouidc
252 3849 372 3908 nubilus
400 3850 506 3918 tluant,
537 3851 780 3920 quaprotexunt
806 3847 941 3906 ⁸cancta
996 3847 1391 3916 ldectimebunteumviri,

154 3922 290 3994 desuper.
1030 3925 1058 3976 et
1075 3938 1131 3976 nori
1148 3922 1299 3978 audebunt
1313 3918 1505 3991 contemplari
1521 3935 1627 3975 omncs

117 3995 147 4051 si
161 3994 285 4050 voluerit
298 3994 454 4050 extendere
470 3990 654 4063 niibesquasi
666 3990 825 4047 tentorium
837 4007 937 4060 saum,
1030 3991 1080 4065 qui
1095 3992 1150 4048 sibi
1167 3993 1303 4050 videnlur
1316 3989 1382 4048 es‘se
1396 3990 1547 4063 sapientes
1560 3990 1602 4062 (li.
1618 3997 1648 4047 et
1668 4002 1722 4045 non
1741 3995 1790 4038 con·

117 4068 150 4123 lli
167 4066 207 4122 tul
230 4084 315 4122 arare
329 4067 454 4137 desuper
468 4062 580 4120 tamine
596 4079 661 4128 eac,
1064 4064 1256 4136 temptabitur
1269 4065 1432 4137 omnesqui
1447 4062 1534 4119 corde
1546 4063 1686 4119 videntur
1698 4067 1790 4114 eassu-

152 4082 287 4195 oarfftnes
302 4153 418 4210 quoque
431 4134 521 4192 mavis
532 4133 651 4206 operiet.
1065 4136 1199 4208 pientes).

117 4210 171 4267 Per
186 4210 245 4267 haec
260 4212 300 4283 (li.
317 4211 370 4266 Per
386 4210 467 4279 lia...)
483 4206 561 4262 anim
576 4205 692 4274 judicat
706 4202 841 4276 populos,
1252 4270 1257 4278 ,
1428 4268 1433 4277 ,

153 4287 181 4336 et
196 4283 247 4338 dat
260 4299 343 4338 escas
359 4281 460 4338 multis
477 4277 664 4338 mortalibus.
1037 4266 1206 4308 aeavoauaiis
1225 4269 1312 4307 iivsii
1331 4265 1448 4307 nouivas
1465 4268 1511 4305 ica
1532 4248 1588 4322 (At.
1603 4267 1642 4306 aa
1661 4253 1719 4323 scal
1736 4266 1761 4305 ai

116 4354 147 4408 lii
165 4354 301 4411 manibus
316 4353 355 4415 tli.
369 4353 467 4426 prope)
483 4347 637 4404 abscondit
651 4346 757 4415 lucem,
951 4384 974 4449 D
1099 4419 1105 4429 .
1276 4339 1410 4391 TURW·
1430 4336 1506 4378 ”¹¹¹¹
1521 4338 1530 4376 ³

151 4427 180 4477 et
197 4425 326 4497 praecipit
340 4424 376 4494 ei,
394 4431 424 4479 nt
435 4437 539 4478 rursus
554 4418 702 4476 adveniat.
989 4418 1067 4493 (Cap.
1087 4418 1249 4490 lxxviii.)
1269 4420 1340 4484 Ouis
1359 4425 1404 4476 est
1420 4421 1474 4476 iste
1489 4418 1641 4477 involvens
1657 4418 1792 4478 sententias

115 4493 277 4551 Annuntiat
290 4498 326 4551 ile
340 4513 373 4553 ea
386 4495 481 4551 amico
499 4508 563 4560 suo,
1029 4491 1216 4548 sermnnibus
1228 4491 1396 4563 imperitis?

152 4566 229 4633 quad
243 4568 391 4637 possessio
406 4567 470 4638 ejus
486 4564 535 4635 sit,
551 4567 580 4620 et
592 4561 628 4619 ad
643 4576 708 4618 eam
729 4560 820 4633 possit
834 4578 938 4619 ascen-
991 4563 1118 4635 Accinge
1133 4563 1211 4619 sicut
1239 4563 1284 4619 vir
1297 4561 1416 4618 lumbos
1431 4567 1515 4617 tuos:

154 4634 233 4690 dere.
1028 4634 1213 4709 interrogabo
1227 4639 1266 4700 te,
1282 4640 1311 4690 et
1327 4633 1470 4706 responde
1484 4631 1569 4687 milii.

117 4703 195 4777 (Cap.
211 4707 365 4775 xxxvii.)
377 4711 470 4780 saper
485 4708 539 4764 hoc
555 4707 671 4778 expavit
685 4721 857 4773 cormeum,
993 4704 1046 4761 Ubi
1071 4722 1135 4762 eras
1150 4706 1266 4778 quando
1283 4705 1427 4777 ponebam
1445 4705 1638 4762 fundamenta
1653 4703 1753 4763 terreat

153 4779 181 4832 el
194 4781 323 4833 emotum
339 4784 384 4836 est
397 4780 433 4834 de
449 4779 511 4836 loco
528 4794 591 4833 siio.
1028 4777 1126 4834 indica
1141 4777 1213 4833 mihi
1228 4777 1251 4833 si
1270 4777 1360 4833 babes
1376 4775 1615 4859 intelligentiam.

116 4848 221 4904 Audite
236 4849 415 4906 auditionem
434 4851 461 4905 iii
478 4857 587 4906 terrore
600 4848 680 4905 vocis
695 4848 771 4919 ejus,
993 4848 1064 4913 Quis
1081 4850 1179 4922 posuit
1193 4865 1348 4905 mensuras
1363 4848 1439 4918 ejas,
1454 4864 1478 4903 si
1491 4846 1594 4903 nosti?

188 4925 218 4975 et
233 4920 624 4994 senumtbmcilitationem)
634 4921 668 4976 dc
681 4937 731 4978 cre
746 4920 826 4978 illius
840 4936 939 4994 prece·
1028 4920 1072 4976 vel
1089 4921 1156 4992 qais
1170 4921 1290 4976 tetendit
1306 4936 1396 4992 super
1409 4935 1474 4975 eam
1489 4917 1624 4974 lineam?

190 4992 317 5047 dentem.
994 4991 1089 5065 Super
1104 5009 1161 5065 qun
1177 4992 1263 5048 bases
1277 4991 1358 5048 illius
1373 4991 1504 5048 solidate
1520 4990 1616 5046 sonti

151 5278 324 5336 ¹Canonem
345 5275 649 5332 San-Germanensem
679 5279 939 5337 secutisumusin
992 5279 1085 5337 dicere
1099 5278 1373 5351 potoitsdporotua,
1390 5280 1446 5332 etc.
1464 5274 1573 5330 Varum
1590 5273 1730 5332 Hebraea
1743 5288 1799 5330 nea·

114 5352 170 5408 hac
185 5349 337 5407 divisione.
352 5348 407 5404 Alli
434 5364 508 5403 mss.
523 5347 637 5405 codices
652 5347 678 5404 ts
702 5354 763 5417 unt,
779 5351 812 5407 de
826 5367 872 5407 arc
887 5368 938 5407 aii·
993 5356 1072 5408 troni
1089 5351 1186 5418 habet,
1203 5367 1237 5406 ac
1248 5351 1316 5422 juro
1331 5349 1414 5405 obelo
1430 5348 1551 5403 verbam
1577 5346 1651 5403 illud
1678 5351 1800 5422 prenota-

114 5429 192 5495 piiato
207 5422 353 5490 latiiiiinr,
370 5425 396 5478 ct
410 5437 463 5477 iicii
480 5421 603 5476 linteolis
620 5366 834 5492 μηιάῗυηεηὶιιηι
847 5423 940 5479 salter
993 5429 1057 5479 lain
1073 5427 1126 5479 est.
1533 5489 1538 5498 Ι

114 5512 154 5552 se.
176 5502 266 5552 itinn.
1027 5495 1085 5550 ³ln
1100 5494 1216 5566 Reginis
1246 5510 1302 5548 iiis.
1334 5492 1386 5559 Qui
1409 5490 1443 5546 de
1470 5489 1590 5545 iiiiliitiiis
1617 5491 1797 5563 patriciumque

152 5567 231 5621 ²lita.
250 5566 375 5638 tugiam,
392 5568 456 5638 qais
485 5571 514 5633 2-
542 5571 627 5634 potest
663 5570 689 5629 ζ-
718 5567 820 5626 dicero.
850 5565 938 5621 verbe
991 5570 1156 5637 praelrxiiiit,
1173 5572 1228 5620 etc.
1252 5565 1398 5635 Scriptum
1428 5562 1542 5629 luisset,
1564 5563 1805 5633 qoedeiiati'tia

115 5639 294 5708 putantquod
323 5643 351 5692 nl
375 5638 485 5709 volanti
517 5637 676 5706 punierunt
697 5635 773 5702 libii,
802 5638 837 5692 ad
869 5652 936 5692 eum
991 5646 1057 5700 eta,
1075 5654 1141 5692 nam
1164 5637 1346 5692 silicerniis
1375 5632 1470 5707 pergit
1497 5634 1533 5689 de
1557 5633 1693 5691 nubibas
1715 5636 1807 5698 diaeta,

116 5707 237 5764 modum
255 5709 392 5782 utrinque
402 5710 495 5768 obolis
506 5709 650 5783 jugulate.
667 5708 897 5777 Palatinaeque
908 5710 938 5764 ei
992 5709 1058 5777 Qaoe
1071 5709 1182 5766 stillant
1196 5709 1316 5783 planias,
1332 5712 1387 5762 etc.
