3870 6120
64 264 126 323 313
809 264 919 322 omno
936 264 1058 324 nxom.
1725 276 1779 333 31⁴

62 391 164 449 lietnr
178 390 393 462 sanctuarium,
414 390 585 450 memoriale
602 407 702 448 eoram
730 389 852 448 Domino
868 389 898 445 in
913 390 941 459 Α
957 392 1104 450 unctionis
1120 394 1225 452 inrides
1240 413 1329 471 super
1343 403 1431 472 caput
1449 401 1533 472 ejus:
1550 402 1703 475 atqoeboc
1718 404 1777 460 ritu

65 485 224 538 aternum.
240 486 335 538 Pones
347 484 444 537 autem
461 479 492 537 in
508 481 644 538 rationali
654 480 760 554 ludicii
789 479 900 537 doctri·
954 483 1182 541 consecrabitur.
1199 483 1288 542 Filios
1311 503 1430 561 quoque
1453 488 1533 546 illius
1560 490 1733 564 applicabis,
1750 497 1779 550 et

66 586 137 628 nam
151 574 183 627 et
197 569 361 641 veritatem,
390 585 457 643 qus
484 574 571 627 erunt
586 570 617 626 in
646 574 763 644 pectore
790 570 900 639 Aaron,
953 567 1059 628 indues
1073 573 1182 631 tunicis
1197 573 1295 645 lincis,
1313 576 1472 650 cingesque
1486 578 1593 636 balteo.
1611 582 1707 638 Aaron
1723 581 1781 638 sci·

66 659 192 734 qnando
220 659 404 733 ingredietur
429 675 529 717 coram
561 661 706 717 Domino:
721 663 750 716 at
773 658 901 732 gestabit
953 658 1063 717 licetet
1081 661 1274 735 liberosejus,
1289 669 1318 721 et
1333 665 1467 739 impones
1479 668 1522 724 eis
1540 668 1647 726 mitras
1658 687 1664 725 :
1677 675 1779 728 aront-

64 748 216 819 iudieiom
233 749 362 806 illiorum
386 748 475 806 lsrael
503 749 532 805 in
549 753 665 823 pectore
690 765 755 819 suo,
775 747 805 804 in
829 764 899 805 con·
953 764 1011 822 que
1026 752 1608 829 sacerdotesmihireligioneparpetuat.
1630 757 1674 829 [t.
1689 757 1776 832 Cxll.

65 842 176 910 speetu
190 836 308 895 Domini
324 853 451 912 semper.
483 839 581 896 Facies
604 842 634 895 et
648 838 779 897 tunicam
793 852 900 911 super·
953 837 1111 912 Postquam
1127 840 1280 898 intiaoeris
1309 858 1414 900 manus
1430 860 1542 912 eorum,
1571 844 1733 919 applicabis
1747 852 1777 905 et

66 926 341 985 humeralistotam
365 926 602 1002 hyacinthinam,
628 928 659 984 in
689 929 775 999 cuius
804 925 899 983 medio
952 925 1076 984 vitulum
1093 929 1582 989 ooramtabernaculotestimonii.
1608 936 1776 1007 imponent·

64 1032 162 1089 sopra
175 1015 233 1073 erit
247 1015 400 1089 capitium,
416 1020 446 1074 at
457 1033 507 1075 ora
521 1033 686 1092 pergyrum
698 1016 763 1089 ejus
775 1015 898 1086 textilis,
952 1032 1010 1090 que
1024 1022 1121 1075 Aaron
1136 1023 1165 1076 at
1180 1018 1233 1075 lilii
1248 1021 1313 1092 eius
1328 1035 1434 1077 manus
1448 1037 1538 1094 super
1551 1027 1640 1094 caput
1652 1022 1775 1091 illius,st

64 1105 145 1163 sicut
160 1106 226 1165 ilerl
252 1105 326 1165 solet
340 1107 369 1163 in
385 1107 525 1165 extremis
552 1108 678 1165 vestium
698 1106 842 1182 partibus,
861 1121 898 1162 ne
952 1107 1095 1164 mactabis
1109 1123 1176 1164 sum
1188 1108 1217 1164 in
1234 1115 1392 1182 conspectu
1408 1109 1534 1178 Domini,
1555 1110 1642 1182 juxta
1664 1110 1773 1169 ostium

62 1193 151 1251 facile
163 1203 332 1270 rumpatur.
348 1201 492 1254 Deorsum
504 1213 583 1264 vero,
599 1198 634 1254 ad
650 1198 740 1271 pedes
763 1195 896 1269 ejusdem
950 1195 1133 1252 tabernaculi
1161 1197 1331 1267 testimonii,
1352 1204 1553 1272 sumptunque
1568 1200 1604 1255 de
1632 1199 1776 1273 sanguine

63 1282 186 1349 tunicae,
202 1284 432 1357 percircuitom,
453 1286 538 1358 quasi
566 1284 645 1345 mala
660 1285 768 1360 punice
795 1285 897 1352 iacies,
949 1283 1032 1341 vituli
1048 1301 1139 1358 pones
1155 1303 1245 1359 super
1259 1303 1370 1345 cornua
1397 1287 1499 1345 altaris
1523 1287 1614 1361 digito
1628 1293 1691 1355 tuo,
1706 1288 1776 1347 reli·

61 1386 97 1428 ea
113 1371 289 1446 hyacintho,
304 1379 334 1432 et
348 1391 491 1448 purpura,
500 1379 620 1433 etcocco
627 1374 673 1432 bis
685 1372 896 1446 tincto,mistis
949 1389 1040 1447 quum
1056 1379 1155 1432 autam
1170 1377 1346 1449 sanguinem
1362 1376 1468 1434 londes
1488 1378 1571 1450 juxta
1585 1378 1683 1435 basim
1698 1379 1775 1451 ejus.

61 1459 92 1515 in
109 1461 212 1519 medio
231 1461 454 1534 tintinnabulis,
474 1462 515 1520 ita
536 1469 569 1521 nt
596 1463 829 1522 tintinnabulum
856 1461 896 1518 sit
948 1462 1052 1520 Sumes
1067 1468 1096 1521 et
1110 1466 1228 1537 adipem
1249 1470 1345 1523 totum
1361 1466 1413 1540 qui
1445 1466 1542 1540 operit
1570 1465 1722 1536 intestina,
1747 1472 1777 1525 et

59 1562 186 1605 aereum
201 1554 232 1606 at
250 1549 364 1608 malum
379 1549 533 1624 punicum,
548 1568 727 1625 rursumque
752 1549 893 1607 tintinna·
949 1552 1105 1609 reticulum
1116 1554 1226 1626 jecoris
1240 1555 1255 1611 l
1269 1571 1304 1612 ao
1331 1556 1407 1612 duos
1429 1570 1525 1622 renas,
1539 1561 1569 1614 ot
1582 1556 1700 1630 adipem
1724 1556 1776 1629 qui

59 1633 169 1693 hadom
184 1635 268 1695 aliud
287 1639 725 1715 aureumctmalunapooioom.
738 1641 775 1697 Et
788 1638 893 1696 vestie·
948 1658 1038 1714 super
1065 1644 1497 1701 aosestotolieresinoensum
1536 1660 1627 1718 super
1663 1645 1775 1702 altore:

61 1728 276 1785 tureeAaron
291 1727 433 1787 incilicia
448 1729 618 1801 ministerii,
634 1736 666 1787 ut
682 1729 822 1787 audiatur
844 1742 892 1784 so·
912 1746 1053 1831 Bearnas
1069 1746 1135 1789 vero
1150 1731 1235 1790 vituli
1251 1737 1280 1790 et
1303 1733 1414 1790 corium
1438 1737 1468 1791 et
1489 1733 1593 1790 fimum
1617 1735 1774 1791 combures

60 1815 144 1872 sitos
158 1817 283 1887 quando
297 1818 461 1891 ingreditur
474 1825 504 1876 et
530 1819 680 1893 egreditur
693 1816 896 1876 sanctuarium
954 1818 1112 1878 lorisextra
1130 1825 1236 1893 caetra,
1251 1837 1285 1879 eo
1300 1823 1378 1894 quod
1395 1838 1447 1895 pro
1462 1830 1578 1896 peccato
1597 1824 1691 1895 [vulp.
1707 1838 1773 1895 pec·

62 1902 95 1961 in
110 1912 277 1978 conspeetu
291 1907 423 1980 Domini,
438 1917 467 1966 st
494 1926 552 1966 non
581 1910 736 1967 moriatur.
752 1907 855 1966 Facies
870 1906 900 1963 at
952 1909 1037 1981 catis]
1051 1909 1099 1966 sit.
1116 1910 1212 1967 Unum
1229 1927 1347 1984 quoque
1360 1912 1481 1968 arielem
1492 1928 1697 1986 sumes‚super
1722 1928 1772 1968 ou·

66 1990 219 2052 laminam
239 1996 276 2053 do
291 1998 543 2071 auropurissimo:
560 2000 589 2056 in
609 1996 794 2071 quasoolpas
811 2010 900 2068 opero
948 2000 1000 2072 Jus
1015 2002 1104 2071 caput
1113 2003 1223 2072 ponent
1236 2003 1328 2057 Aaron
1339 2005 1368 2057 et
1388 1999 1517 2072 illiiejus
1545 2017 1661 2058 manos.
1681 2002 1773 2068 Quam

63 2082 224 2155 calatoris,
240 2086 380 2144 Sanctum
400 2087 536 2145 Domino.
560 2087 736 2162 ligabisque
744 2101 809 2143 eam
825 2083 899 2140 vitta
952 2105 1020 2145 oum
1034 2089 1218 2157 mactaveris,
1232 2088 1317 2146 tolles
1333 2089 1369 2147 de
1379 2089 1523 2162 sanguine
1537 2090 1613 2159 eius,
1624 2094 1653 2146 et
1667 2089 1774 2147 fundos

60 2172 267 2247 hyacinthina,
280 2182 311 2235 at
323 2178 379 2234 erit
392 2194 482 2251 super
499 2179 617 2247 tiaram,
628 2177 788 2234 imminens
808 2173 898 2233 tronti
951 2178 1029 2235 cirea
1039 2177 1249 2250 altara.1paum
1258 2182 1356 2235 autem
1368 2177 1489 2235 arietem
1500 2178 1614 2236 secabis
1626 2178 1656 2235 in
1668 2177 1779 2246 frusta,

62 2263 228 2335 pontilicis.
236 2266 426 2340 portabitque
434 2271 530 2324 Aaron
539 2266 710 2340 iniquitates
721 2281 822 2323 eorum
832 2280 897 2337 quae
951 2265 1071 2341 lotaque
1084 2267 1226 2325 intestina
1239 2268 1304 2340 ejus
1314 2285 1348 2325 ao
1363 2268 1451 2342 pedes
1467 2285 1557 2342 ponas
1572 2284 1661 2341 super
1675 2265 1773 2324 conci·

63 2352 240 2412 obtulsrunt
254 2361 283 2413 et
292 2357 551 2414 sanctificaverunt
564 2356 617 2412 lilii
628 2355 728 2422 lsrael,
740 2355 770 2411 in
780 2355 898 2419 cunctis
952 2373 1000 2414 sas
1015 2374 1128 2426 carnes,
1140 2360 1169 2415 al
1182 2374 1272 2431 super
1285 2362 1375 2432 capot
1398 2357 1489 2415 illius.
1506 2358 1540 2414 itt
1558 2357 1663 2414 otiores
1679 2360 1772 2415 totum

61 2445 241 2501 muneribus
264 2450 295 2502 et
307 2446 439 2503 donariis
461 2447 534 2504 suis.
566 2447 631 2502 ltrit
659 2450 758 2502 autem
786 2443 898 2502 lamina
952 2446 1071 2503 arietem
1088 2446 1117 2502 in
1142 2446 1259 2504 ciosum
1274 2463 1365 2520 super
1387 2447 1488 2504 altare.
1505 2446 1547 2520 [C.
1567 2446 1668 2519 cxii]
1682 2445 1773 2503 Obla-

61 2548 180 2606 sempsr
194 2534 228 2590 in
241 2536 335 2592 lronte
350 2537 430 2607 elus,
447 2541 480 2592 ut
494 2534 629 2608 placatus
644 2535 733 2592 elasit
741 2534 894 2593 Dominus.
950 2535 991 2591 tio
1007 2541 1051 2592 est
1065 2534 1187 2592 Domino
1203 2535 1275 2593 odor
1292 2535 1488 2592 suavissimus
1504 2535 1628 2592 victimae
1643 2534 1769 2593 Domini.

62 2615 412 2697 Striogcsqne'tonioam
447 2624 546 2699 bysso,
572 2624 724 2682 ettiaram
745 2625 897 2698 byssinam
950 2622 1045 2681 'l'ollss
1062 2640 1178 2696 quoque
1197 2625 1318 2681 arietem
1335 2623 1770 2698 altarum‚suparcujuaoaput

65 2710 167 2780 heisa,
182 2718 214 2769 st
227 2713 452 2789 balteumopere
459 2714 608 2788 plumarii.
619 2715 709 2771 Porro
716 2713 785 2770 liliis
800 2720 896 2771 Aaron
948 2714 1045 2770 Aaron
1056 2717 1086 2770 et
1096 2712 1149 2768 lilii
1159 2714 1225 2785 ejus
1237 2716 1347 2787 ponant
1357 2715 1571 2780 manusouem
1584 2730 1651 2770 oum
1668 2713 1771 2771 immo·

64 2800 181 2859 malcas
195 2800 292 2861 linsas
306 2803 437 2877 parabis,
452 2808 482 2861 et
497 2803 609 2860 balteos
624 2820 657 2860 ao
672 2803 776 2874 tiaras,
787 2802 816 2859 in
830 2803 894 2877 glo·
947 2801 1064 2871 laveris,
1081 2819 1182 2860 sumes
1193 2803 1228 2860 de
1242 2802 1386 2876 sanguine
1399 2803 1507 2876 ipsius,
1518 2809 1548 2861 at
1564 2819 1655 2876 pones
1680 2812 1777 2876 super'

67 2888 139 2946 riam
155 2896 186 2948 et
210 2892 346 2949 decorem
362 2909 370 2948 ε
394 2892 530 2966 vestique
552 2892 601 2949 his
628 2891 767 2949 omnibus
795 2898 892 2949 Aaron
946 2898 1111 2949 extremum
1125 2891 1381 2949 dextrsaorioulaa
1393 2895 1489 2949 Aaron
1505 2890 1674 2949 altiliorum
1690 2892 1769 2964 slus,

68 2976 183 3036 lratrem
202 2984 290 3038 tuum
307 2984 338 3038 et
349 2979 426 3038 illios
439 2982 505 3054 ejne
520 2997 588 3038 oum
602 2997 647 3038 eo.
661 2985 695 3038 nt
718 2984 891 3038 cunctorum
946 2987 976 3038 et
991 2979 1216 3055 superpellicea
1231 2997 1337 3039 manns
1350 2996 1451 3038 eorum
1461 2981 1577 3053 elpedio
1584 2980 1689 3048 dextri,
1702 2980 1769 3037 lun·

66 3069 251 3128 consecrabis
261 3070 642 3143 menus‚sanotifloablsque
657 3069 735 3137 illos,
753 3075 784 3126 ut
794 3086 891 3127 sacer·
945 3069 1056 3142 desque
1071 3070 1342 3144 sanguinemsuper
1351 3070 1498 3143 altareper
1507 3070 1673 3127 circuitum.
1686 3069 1772 3131 Cum·

71 3158 139 3217 dolio
153 3160 320 3235 lungmtur
330 3162 414 3218 mihi.
436 3161 580 3219 Fecisset
595 3161 745 3219 leminelie
760 3161 847 3231 linea,
860 3173 892 3225 ut
907 3133 930 3204 c
948 3175 1007 3232 que
1020 3157 1122 3217 tuleris
1137 3160 1172 3216 de
1187 3160 1331 3233 sanguine
1345 3160 1396 3233 qui
1410 3165 1456 3218 est
1470 3176 1558 3235 super
1573 3158 1675 3230 altars,
1689 3164 1719 3217 et
1734 3159 1771 3217 de

72 3248 199 3321 operiant
213 3266 334 3307 cunam
348 3250 541 3324 turpitudinis
552 3268 623 3322 sus,
637 3246 783 3308 arenibos
798 3266 892 3322 usque
945 3248 1008 3306 oleo
1024 3247 1183 3317 unctionis,
1198 3264 1336 3323 asperges
1347 3252 1441 3306 Aaron
1452 3252 1481 3306 et
1491 3254 1587 3306 vestes
1601 3250 1677 3321 ejus,
1693 3247 1770 3306 tilios

72 3337 236 3396 attaminat
253 3339 462 3396 stutentureis
478 3346 574 3397 Aaron
590 3345 619 3396 et
634 3339 759 3411 tlliiejus
773 3341 892 3412 quaudo
946 3341 975 3395 at
988 3337 1163 3394 vestimenta
1177 3353 1289 3394 eorum.
1315 3337 1559 3411 consecratisque
1586 3344 1615 3395 et
1639 3337 1724 3412 ipsis,
1739 3341 1770 3394 et

73 3424 269 3500 ingredientur
283 3427 506 3486 tabernaculum
523 3427 696 3496 testimonii,
713 3426 759 3484 vel
775 3430 892 3500 qnando
945 3426 1086 3498 vestibus,
1102 3425 1186 3484 tolles
1200 3427 1316 3500 adipem
1332 3428 1368 3484 de
1383 3427 1482 3497 ariole,
1497 3431 1526 3484 et
1539 3427 1665 3484 ooudam
1680 3430 1710 3484 et
1722 3443 1770 3483 er·

73 3518 302 3591 oppropinqnant
315 3517 352 3574 ad
368 3516 462 3575 altare
477 3521 510 3574 ut
523 3517 693 3574 ministrent
709 3517 739 3573 in
753 3523 893 3575 sanctua-
946 3516 1055 3583 vinam,
1072 3531 1135 3589 quae
1156 3516 1251 3589 operit
1264 3515 1363 3573 vitalia
1377 3533 1411 3573 ao
1439 3516 1596 3574 reticulum
1609 3516 1725 3589 jecoris,
1742 3522 1771 3573 st

73 3606 168 3677 Aque
191 3604 363 3681 iniquitatis
392 3605 434 3663 rei
461 3606 635 3663 moriantur.
653 3606 788 3680 Legitum
818 3623 893 3663 sem·
947 3604 1021 3662 duos
1036 3605 1771 3679 renes‚alqueadipem,quisupereoseet,armum·

75 3694 215 3767 piternnm
236 3695 294 3752 erit
319 3697 427 3766 Aaron,
452 3700 482 3752 et
508 3694 617 3752 semini
631 3696 696 3767 ejus
722 3699 790 3768 post
811 3711 890 3754 sum.
946 3709 1004 3767 que
1020 3693 1153 3751 dextrum
1169 3709 1203 3751 eo
1218 3694 1296 3766 quod
1311 3694 1770 3765 altorissconsacretionum‚tor·

101 3785 142 3857 [D.
157 3783 248 3851 xvii,
265 3787 296 3840 (l.
317 3783 373 3853 CX,
389 3787 459 3856 dap.
483 3783 589 3856 xxti]
603 3785 658 3842 Sed
674 3790 704 3841 et
717 3785 772 3841 boo
791 3784 891 3855 lactes,
945 3788 1097 3854 tamquam
1107 3781 1192 3856 panis
1203 3783 1304 3851 unius,
1315 3781 1480 3840 crustulum
1493 3799 1683 3856 conspersum
1695 3783 1771 3852 oleo,

72 3872 182 3930 etmihi
192 3875 225 3930 in
235 3872 434 3931 sacerdotium
445 3879 663 3931 consecrentur.
674 3873 754 3930 Tolle
769 3872 893 3932 vitulum
945 3871 1087 3946 laganum
1102 3871 1138 3929 ds
1153 3872 1282 3929 canistro
1294 3888 1474 3943 azymorum,
1490 3873 1566 3944 quod
1578 3872 1708 3945 positum
1723 3877 1769 3930 est

68 3962 101 4020 de
112 3969 261 4033 armento,
277 3961 422 4020 atarietes
435 3962 509 4020 duos
519 3961 734 4032 immaculatos,
743 3980 893 4036 panosque
946 3960 976 4017 in
989 3964 1149 4034 conspectu
1162 3960 1276 4018 Domini
1288 3976 1454 4034 :ponesque
1463 3960 1769 4031 omniasupermanus

67 4067 191 4127 menos,
213 4058 244 4109 et
265 4050 399 4109 crustula
421 4051 533 4125 absque
554 4051 705 4121 tormento,
729 4069 793 4124 qus
821 4068 893 4109 coo·
944 4052 1052 4118 Aaron,
1068 4055 1097 4107 et
1110 4048 1367 4122 liliorumejus,et
1381 4048 1638 4106 sanctificabissos
1652 4047 1770 4106 elevans

63 4157 164 4214 aperaa
178 4139 325 4209 sinioleo,
335 4138 844 4215 langanequoquesaymaoleolite:
856 4142 891 4197 de
945 4154 1044 4196 coram
1059 4138 1193 4195 Domino.
1204 4137 1556 4210 Suscipiesqueunivsrsa
1569 4139 1605 4194 de
1620 4137 1769 4208 manibus,

60 4229 161 4287 simila
173 4229 289 4288 triticea
302 4234 409 4287 cuncte
428 4229 527 4287 iacies.
543 4230 578 4287 Et
597 4229 694 4304 posita
707 4231 739 4286 in
762 4229 891 4287 canistro
945 4243 1066 4284 eorum:
1095 4232 1125 4283 et
1140 4226 1280 4283 incendes
1295 4242 1385 4300 super
1398 4227 1490 4284 altare
1503 4226 1534 4282 in
1549 4226 1768 4286 holocaustum.

55 4320 183 4378 edem:
197 4319 326 4376 vitulum
341 4323 440 4376 autem
457 4323 485 4376 at
514 4320 590 4376 duos
615 4319 733 4390 arietes,
749 4323 779 4376 et
793 4324 890 4379 Aaron
943 4316 1063 4373 odorem
1079 4314 1290 4373 suavissimum
1306 4316 1336 4371 in
1369 4320 1527 4388 conspectu
1552 4316 1681 4385 Domini,
1698 4315 1768 4390 quie

56 4424 93 4465 ac
106 4406 264 4478 illioselns
278 4405 487 4480 applicabisad
503 4407 633 4466 hostium
646 4407 828 4467 tabernaculi
844 4414 887 4468 ta·
944 4405 1053 4463 oblatio
1067 4405 1133 4478 ejus
1160 4409 1214 4461 est.
1243 4408 1347 4462 Sumes
1366 4422 1484 4478 quoque
1509 4406 1711 4479 pectusculum
1736 4407 1773 4463 ds

52 4495 200 4555 stimonii.
216 4495 350 4569 Cumque
378 4496 481 4553 laveris
496 4502 608 4570 patrem
624 4513 692 4554 cum
708 4496 777 4554 liliis
797 4500 888 4571 [νειμ.
903 4501 930 4571 1)
944 4496 1033 4553 ariete
1044 4493 1243 4568 quoinitialus
1252 4498 1296 4552 est
1304 4497 1410 4562 Aaron,
1425 4495 1684 4568 sanctificabisque
1694 4494 1769 4552 illud

55 4584 124 4641 add.
142 4584 221 4658 ania]
233 4599 323 4657 aque,
337 4583 444 4641 indues
460 4592 556 4642 Aaron
574 4585 759 4643 vestimentis
773 4587 847 4659 suis,
863 4590 893 4645 id
946 4584 1092 4642 elevatum
1107 4599 1206 4640 coram
1218 4582 1353 4652 Domino,
1373 4588 1404 4641 et
1415 4585 1496 4641 cedet
1509 4584 1539 4641 in
1551 4590 1663 4655 partam
1673 4589 1769 4642 tuam.

51 4680 113 4745 est,
129 4672 211 4731 linea
223 4678 254 4731 et
268 4673 378 4742 tonius,
394 4677 425 4731 et
444 4673 678 4747 superhumerali
693 4678 722 4732 el
746 4675 891 4746 rationali,
946 4670 1206 4745 sanctificabisque
1218 4675 1248 4727 st
1270 4671 1476 4744 pectusculum
1503 4679 1717 4740 consecratum,
1741 4679 1771 4730 et

53 4764 139 4839 qaod
153 4762 339 4837 oonstrlnges
349 4761 456 4821 balteo.
465 4762 500 4820 lit
515 4780 607 4837 pones
620 4763 739 4833 tiaram,
755 4764 892 4838 incapite
946 4778 1063 4820 armum
1078 4778 1164 4834 quem
1186 4761 1222 4818 de
1237 4761 1328 4817 ariete
1343 4761 1565 4834 separastique
1576 4762 1710 4819 initiatus
1723 4766 1770 4819 est

52 4856 138 4928 elna,
153 4857 183 4910 et
194 4851 337 4909 laminam
357 4855 491 4909 amotam
511 4867 600 4926 snper
614 4853 733 4925 tiaram,
752 4856 782 4910 et
795 4853 892 4913 oleum
944 4854 1040 4910 Aaron
1055 4857 1084 4910 et
1098 4852 1152 4910 illii
1164 4854 1240 4926 alus,
1257 4851 1420 4925 cedantque
1440 4850 1470 4907 in
1487 4856 1600 4923 partem
1617 4858 1714 4910 Aaron
1738 4856 1769 4908 at

94 5014 167 5069 ¹lta
179 5010 307 5068 hebetur
330 5009 361 5066 io
379 5026 492 5068 canone
515 5010 604 5069 Hebr.
629 5011 712 5083 verit,
729 5011 758 5068 in
779 5013 890 5072 codici·
943 5029 992 5083 vu,
1007 5012 1118 5070 teser
1135 5014 1331 5085 preterquam
1347 5010 1426 5084 quod
1442 5010 1500 5068 alia
1515 5010 1556 5067 ibi
1576 5028 1631 5070 vox
1646 5012 1767 5070 Hebraea

54 5084 116 5143 bns
140 5099 216 5140 maa.
231 5081 445 5155 antiquoribus.
475 5087 568 5140 llsnr.
943 5090 999 5155 est,
1015 5101 1072 5141 non
1098 5083 1153 5140 hoo
1175 5087 1292 5140 tantum
1317 5087 1346 5140 et
1373 5081 1507 5140 Bocharti
1532 5085 1687 5152 sententia,
1718 5099 1767 5139 re·

91 5186 131 5198 -
151 5153 358 5222 Palatinos,et
389 5153 644 5228 quihusususest
667 5153 888 5214 Martianmss.
942 5157 1217 5228 aliculam,oporteat
1231 5155 1401 5222 rescribere,
1416 5155 1466 5212 sed
1478 5159 1507 5212 et
1521 5155 1591 5212 alibi
1613 5155 1721 5226 sapius
1736 5153 1767 5211 in

54 5225 214 5285 msere
230 5227 298 5282 mei.
942 5228 1059 5285 Levitio.
1071 5244 1112 5296 ru,
1130 5229 1157 5295 l,
1173 5227 1217 5295 10,
1235 5227 1269 5282 15
1279 5244 1290 5290 ‚·
1302 5233 1331 5282 st
1345 5243 1382 5299 iv,
1397 5225 1433 5295 9;
1444 5231 1473 5284 et
1487 5243 1537 5296 vn,
1555 5228 1705 5295 t;etv1n,
1720 5224 1768 5297 to,

92 5297 266 5355 ’Hebraice
278 5300 324 5354 eat
345 5305 429 5358 nint·
437 5295 577 5380 jctleeretl
603 5296 765 5356 bochartus
789 5303 887 5357 auum
940 5300 996 5369 253
1012 5305 1041 5356 et
1055 5317 1093 5367 rx,
1111 5299 1155 5368 10,
1168 5299 1276 5371 quibus
1292 5297 1364 5355 locis
1389 5298 1527 5355 omnibus
1542 5299 1643 5354 eedem
1668 5303 1698 5352 et
1712 5312 1767 5354 vox

55 5386 128 5427 cons
144 5367 220 5425 nibil
229 5370 379 5425 retitorme
391 5367 462 5424 velit
471 5384 537 5426 esse
551 5369 696 5440 injecere,
708 5369 784 5426 bauo
793 5371 887 5444 ipsam
942 5370 1081 5429 hebraica
1094 5374 1140 5428 est
1153 5375 1269 5440 nantel
1290 5369 1552 5444 Latinaeaplicatio
1571 5367 1718 5424 reticulum
1733 5369 1764 5428 in

57 5442 277 5499 emendandam
293 5439 548 5513 lectionemputat,
577 5440 886 5515 etprorele'rulumlegi
940 5443 1066 5516 vulgatis
1082 5458 1164 5516 aqua
1179 5460 1212 5500 ao
1224 5459 1295 5498 mss.
1322 5441 1417 5498 libris.
1432 5442 1563 5497 tectione
1578 5445 1672 5495 autem
1690 5439 1765 5498 nibil

56 5512 223 5570 miculam
236 5528 296 5583 qno
323 5511 444 5585 quidem
458 5511 610 5581 vocabulo,
626 5512 737 5585 quoda
765 5513 842 5582 resti,
858 5521 887 5573 et
941 5516 1105 5585 immutate,
1116 5513 1449 5590 pinguesJ'ecorislibras
1457 5511 1602 5579 denotari,
1608 5513 1766 5589 parmegis

56 5586 194 5643 mahta
208 5583 375 5654 deducitur,
386 5599 458 5642 osus
472 5589 554 5644 ests.
573 5589 678 5644 Dootm
687 5582 795 5642 etiami
813 5585 884 5661 Reg.
939 5593 985 5646 est
999 5588 1127 5645 credere.
