3870 6120
104 300 150 359 eor
761 308 869 365 nram
887 308 1173 369 unornsououu.
1754 304 1808 363 5⁰2
1902 320 1907 329 ·

108 429 174 487 dixit
189 429 226 486 ad
244 445 295 487 eos
310 446 318 487 ε
331 429 435 488 Ponite
450 430 539 488 corda
556 438 654 489 restra
669 430 699 488 in
715 431 814 489 omnia
828 435 928 502 rerba,
942 434 970 503 A
1020 437 1054 492 Et
1068 436 1223 509 Benjemio
1239 434 1280 493 ait
1296 452 1302 492 :
1319 431 1550 492 Amantissimus
1565 430 1683 489 Domini
1693 431 1809 489 habita·

108 536 166 593 que
179 535 235 593 ego
250 518 391 577 testitioor
411 519 495 578 vobis
510 521 596 578 hodie
614 546 621 581 ι
637 525 671 578 ut
689 521 834 579 mandetis
849 539 884 579 ea
899 521 930 578 ti·
986 525 1029 581 hit
1043 526 1223 583 confidenter
1245 526 1276 581 in
1301 540 1345 589 eo,
1362 523 1446 597 quasi
1469 522 1500 577 in
1524 520 1653 578 thelame
1676 525 1738 579 tots
1761 521 1808 581 dle

109 608 148 665 liis
163 608 269 666 vestris
285 609 435 667 custodire
460 614 489 667 et
505 610 610 679 lucore,
636 617 665 667 ot
679 610 802 683 implere
814 610 855 684 [h.
873 627 931 669 non
986 615 1159 686 morabitur,
1176 619 1204 671 et
1219 614 1296 670 inter
1311 613 1451 669 humeros
1468 611 1547 667 illius
1563 611 1733 683 requiescet.

110 698 234 755 habetet
250 697 385 772 implere]
402 699 549 771 universe,
565 716 628 773 que
648 701 759 774 scripta
773 705 843 759 sunt
857 700 931 773 legis
1019 702 1127 775 ioseph
1139 703 1325 776 quoqueait:
1337 699 1588 758 bebenedictione
1601 700 1714 757 Domini
1729 704 1807 757 terre

111 788 189 858 hujus
207 812 215 841 ι
231 788 375 860 quianon
391 788 544 846 incassum
573 794 718 863 precepta
741 795 811 847 sunt
834 791 929 859 vobis,
983 793 1068 863 ejus3
1085 793 1120 849 de
1142 793 1236 863 pomis
1260 790 1334 858 coeli,
1351 796 1379 847 et
1393 806 1467 862 roro,
1479 793 1566 861 atque
1581 790 1688 862 abysso
1703 789 1806 860 subja-

113 876 153 934 ned
167 879 200 932 ut
215 875 327 950 singuli
345 876 375 933 in
391 876 433 934 eis
450 878 601 936 viverent:
617 895 680 951 que
695 879 834 937 iacientes
842 878 929 953 longo
984 880 1121 937 centeDe
1136 881 1232 954 pomis
1247 882 1396 937 tractuum
1412 878 1483 936 solis
1498 895 1532 935 ao
1547 878 1633 935 lune.
1644 878 1684 935 De
1697 878 1805 934 vertice

116 966 293 1041 peneveretis
314 970 446 1038 tempore
471 966 657 1037 interra‚sd
682 984 780 1040 quarn,
804 968 930 1025 iordane
983 970 1173 1042 antiquorum
1190 969 1399 1037 montium‚de
1414 967 1509 1040 pomis
1534 967 1652 1024 collium
1680 970 1805 1024 eterno-

119 1054 291 1126 traosmisso,
308 1054 497 1128 ingredimini
522 1057 728 1129 possidendam
743 1058 785 1129 [T.
800 1058 880 1126 XIX,
897 1058 927 1115 C.
983 1076 1048 1115 rum
1063 1061 1163 1116 :etde
1188 1059 1324 1132 frugibus
1349 1062 1443 1124 terre,
1466 1060 1495 1111 et
1519 1055 1702 1129 plenitudine
1725 1056 1802 1127 ejus.

120 1144 384 1217 tbll].Locutusque
401 1149 447 1202 est
461 1146 604 1203 Dominus
619 1147 654 1202 sd
671 1146 772 1203 Mosen
784 1146 813 1201 in
825 1147 927 1204 eadem
982 1147 1149 1206 Benedictio
1165 1148 1246 1205 illius
1261 1147 1303 1220 [h.
1316 1146 1452 1203 voluntas
1476 1143 1568 1216 illius]
1592 1145 1642 1218 qui
1667 1145 1803 1218 apperuit

123 1233 167 1303 die,
178 1234 279 1291 diceus
297 1251 304 1293 :
322 1234 450 1291 dscende
474 1235 505 1291 in
530 1240 658 1293 montem
684 1235 774 1292 istum
795 1235 925 1305 Abarim,
982 1239 1011 1295 in
1028 1238 1111 1309 rubo,
1128 1238 1225 1294 ueniat
1239 1253 1328 1310 super
1340 1238 1427 1307 caput
1441 1234 1598 1307 Joseph,et
1611 1250 1702 1307 snper
1713 1234 1803 1291 verti-

125 1321 202 1387 idest,
218 1323 388 1392 transitum,
405 1324 435 1380 in
452 1328 582 1381 montem
595 1326 672 1382 Nebo
687 1325 729 1398 [h-
746 1324 837 1381 istum
853 1325 926 1380 lba-
981 1344 1044 1385 cem
1058 1327 1186 1384 Nazaraei
1201 1327 1277 1382 inter
1291 1326 1396 1382 irotres
1420 1339 1501 1380 suos.
1511 1322 1600 1389 Quesi
1616 1323 1804 1398 primogeniti

127 1410 176 1477 rin.
189 1415 315 1469 montem
331 1412 433 1483 Neho],
448 1413 498 1485 qui
515 1417 561 1470 est
583 1414 613 1471 in
629 1419 706 1471 terra
721 1413 805 1471 Moab
825 1417 927 1471 contra
980 1418 1056 1474 tauri
1072 1416 1259 1489 pulchritudo
1273 1416 1350 1488 ejus,
1361 1429 1472 1471 cornua
1486 1412 1679 1470 rhinocerotis
1693 1430 1803 1471 cornus

128 1499 217 1555 iericho
232 1518 240 1557 ι
253 1503 282 1556 et
306 1500 372 1557 ride
387 1506 496 1558 terram
521 1503 671 1572 chanaan,
688 1519 775 1573 quam
800 1516 853 1574 ego
865 1506 926 1558 trn·
980 1506 1077 1563 illius:
1092 1506 1121 1562 in
1138 1505 1210 1578 ipsis
1225 1504 1377 1562 ventilabit
1390 1506 1594 1576 gentesusque
1608 1502 1645 1559 ad
1660 1503 1803 1561 terminos

130 1589 177 1643 dan
190 1588 254 1646 liliis
270 1590 361 1646 lsrael
379 1591 581 1659 obtinendam,
596 1597 625 1648 et
641 1607 753 1648 morere
768 1592 798 1647 in
814 1595 925 1647 monte.
979 1599 1073 1651 terre.
1096 1594 1146 1651 Hae
1174 1597 1245 1650 sunt
1273 1591 1479 1649 multitudines
1506 1591 1645 1663 llphroim
1662 1608 1669 1650 :
1684 1596 1715 1649 et
1743 1593 1803 1650 heo

133 1676 198 1738 Quem
223 1676 422 1733 conscendens
442 1678 579 1750 iungeris
601 1678 719 1752 populis
750 1679 819 1745 tuis,
848 1679 926 1735 sicut
980 1683 1232 1741 millioliauasse.

135 1770 240 1821 nonnus
263 1771 309 1821 est
334 1772 431 1823 Aaron
458 1766 548 1824 irater
570 1772 640 1824 tuus
655 1767 685 1823 in
701 1773 799 1824 monte
813 1767 882 1837 lior,
897 1771 926 1824 et
1015 1773 1050 1828 lit
1064 1772 1194 1828 Zabulon
1219 1770 1260 1827 ait
1277 1787 1283 1825 :
1298 1771 1418 1835 bostare,
1442 1769 1583 1837 Zabulon,
1600 1768 1629 1823 in
1645 1768 1724 1824 exitu
1740 1774 1801 1837 tuo,

134 1853 257 1925 appositus
272 1855 390 1928 populis
406 1857 469 1911 suis
485 1874 493 1909 ε
509 1856 559 1929 qui
582 1856 760 1929 prevaricati
774 1856 846 1913 estis
861 1872 929 1913 con·
981 1865 1010 1918 et
1025 1861 1159 1917 Issachnr
1175 1860 1204 1916 in
1216 1857 1415 1915 tabernaculis
1438 1857 1509 1914 tuis.
1525 1855 1651 1930 Populos
1665 1857 1701 1913 ed
1719 1872 1801 1914 mon·

134 1944 223 2011 treme,
238 1943 266 1998 in
285 1943 380 2000 medio
395 1943 524 2002 dliornm
540 1945 639 2014 lsrael,
653 1946 689 2002 ad
705 1962 797 2019 equus
812 1950 928 2003 contra·
981 1954 1039 2007 tom
1063 1949 1208 2006 vocabunt
1224 1964 1231 2003 :
1247 1948 1288 2005 ibi
1301 1946 1499 2004 immolabunt
1520 1946 1655 2003 victimer
1665 1945 1800 2019 iustitie.

134 2030 245 2088 dictionis
261 2033 289 2088 in
306 2032 398 2090 Codes
413 2034 521 2091 deserti
537 2035 588 2091 Sin
606 2039 656 2097 :et
671 2053 728 2091 non
745 2035 927 2092 sanctilices·
980 2041 1035 2106 Qui
1050 2039 1294 2096 innundationem
1310 2035 1401 2093 marie
1416 2034 1501 2108 quasi
1514 2034 1560 2091 lac
1575 2037 1724 2107 sugent,et
1736 2034 1800 2091 the·

135 2119 165 2175 tis
176 2137 211 2178 me
223 2122 296 2181 inter
312 2124 388 2182 filios
411 2124 510 2184 lsrael.
526 2126 547 2182 D
562 2130 664 2183 contro
685 2125 726 2200 [h.
743 2130 896 2199 Propterea
912 2142 927 2184 e
980 2145 1084 2186 sauros
1099 2126 1287 2184 absconditos
1302 2140 1466 2182 arenarum.
1721 2168 1725 2177 .

134 2212 222 2284 contra]
235 2213 347 2270 videbis
361 2218 483 2284 terram,
499 2220 528 2271 et
543 2232 599 2272 non
615 2214 789 2289 ingredieris
804 2218 834 2273 in
849 2234 926 2287 cnm,
1016 2223 1050 2273 ltt
1077 2219 1137 2274 Gnd
1169 2217 1240 2273 eit:
1271 2215 1447 2272 Benedictus
1473 2214 1504 2270 in
1533 2213 1688 2272 latitudine
1717 2213 1800 2281 Gnd:

133 2313 200 2368 quam
213 2317 261 2374 ego
275 2302 351 2360 dabo
367 2303 435 2360 liliis
451 2304 550 2361 lsrael.
980 2308 1066 2378 quasi
1080 2306 1125 2363 leo
1140 2302 1592 2378 requievit.cepitquebrachium
1608 2308 1637 2359 et
1651 2302 1801 2361 verticem.

163 2388 193 2459 [u.
204 2389 300 2456 cxcii.
317 2391 348 2448 C.
363 2392 455 2459 CLIIt,
472 2392 538 2467 Cap.
554 2393 763 2469 xxxlssffleo
777 2400 821 2451 est
835 2395 927 2453 bene·
980 2396 1014 2450 Et
1028 2394 1097 2451 vidit
1113 2394 1311 2468 principatum
1327 2409 1426 2457 suum,
1441 2393 1519 2464 quod
1534 2392 1565 2448 in
1585 2396 1666 2464 parte
1681 2408 1737 2449 sua
1750 2394 1802 2449 do·
1913 2414 1918 2421 ’

133 2475 210 2545 dictio,
231 2496 287 2552 qua
313 2481 463 2538 benedixit
487 2482 594 2554 Moses,
617 2482 704 2540 homo
728 2484 805 2540 Dei³
825 2484 865 2557 [h.
882 2484 927 2541 vir
979 2488 1041 2539 otor
1066 2489 1144 2540 esset
1168 2481 1337 2555 repositos:
1362 2481 1413 2552 qui
1438 2480 1495 2536 luit
1522 2496 1590 2537 cum
1619 2480 1803 2554 principibus

132 2565 188 2636 bell,
200 2568 260 2625 titiis
276 2569 366 2626 lsrael
382 2575 450 2627 ante
466 2580 587 2628 mortem
606 2577 734 2643 suem‚et
748 2572 788 2629 ait
804 2589 811 2629 :
830 2573 925 2630 Domi·
979 2571 1091 2645 populi,
1107 2575 1136 2627 et
1151 2572 1219 2628 tecit
1233 2570 1365 2642 justitias
1380 2569 1541 2639 Domini,et
1550 2568 1698 2639 judicium
1713 2585 1801 2627 suum

133 2657 213 2713 nunde
226 2658 304 2715 Sinni
318 2659 408 2728 venit,
426 2664 454 2717 et
468 2661 504 2716 de
518 2661 581 2717 Deir
593 2665 675 2718 ortus
696 2665 741 2719 est
754 2662 848 2719 nobie.
864 2671 924 2736 Ap·
980 2678 1048 2718 oum
1065 2660 1164 2717 lsrael.

132 2745 207 2814 paruit
226 2747 260 2804 de
281 2751 383 2806 monte
406 2749 532 2819 Pharsn,
556 2753 586 2807 et
604 2766 672 2807 oum
697 2765 730 2807 eo
753 2755 924 2808 sanctorum
1014 2755 1075 2807 Dan
1092 2765 1208 2823 quoque
1222 2749 1262 2805 ait
1279 2764 1286 2804 :
1302 2748 1364 2805 Dan
1379 2746 1497 2804 catulus
1512 2745 1800 2821 leonis,Duetlargi·

132 2830 211 2890 millia.
225 2837 254 2893 ln
269 2839 386 2895 dextera
408 2839 473 2909 ejus
490 2838 575 2914 ignea
597 2838 653 2897 lex.
669 2838 776 2896 Dilexit
787 2839 923 2914 populos,
978 2844 1025 2898 ter
1038 2840 1074 2897 dc
1089 2841 1194 2896 Besnn.

131 2936 210 2981 omnes
223 2927 315 2983 sancti
330 2927 358 2983 in
371 2944 459 2984 manu
476 2927 648 2985 illiussunt:
661 2933 688 2986 et
703 2929 753 3002 qui
769 2930 925 3003 appropin·
1014 2931 1048 2985 lit
1063 2927 1219 3002 Nepbthali
1243 2926 1315 2983 dicit
1331 2943 1338 2983 ε
1355 2924 1512 3000 Nephthali
1537 2923 1718 2982 abundantia
1733 2940 1798 2998 per·
1907 2947 1911 2955 ·

131 3016 334 3086 anntpedibus
358 3018 433 3089 ejus,
459 3017 604 3090 accipient
617 3018 653 3076 de
679 3017 919 3078 doctrinaillius.
977 3021 1101 3090 lruetur,
1117 3023 1146 3076 et
1169 3018 1273 3091 plenus
1296 3016 1353 3073 erit
1377 3015 1631 3073 benedictionibus
1655 3014 1797 3074 Domini:
1857 3030 1860 3035 ·

130 3098 212 3171 legem
227 3105 363 3178 precepit
386 3105 471 3162 nobis
485 3104 593 3176 Moses,
609 3106 807 3165 hereditatem
822 3105 924 3165 multi·
978 3124 1059 3165 mere
1073 3112 1103 3164 et
1116 3106 1269 3163 meridiem
1284 3104 1454 3178 possidebit.

128 3188 216 3248 tudinis
228 3194 325 3250 iacob.
342 3194 405 3250 ltrit
420 3195 498 3268 apud
514 3195 712 3252 rectissimum
728 3211 787 3264 rex,
803 3176 960 3269 congre-(i
1016 3202 1089 3254 Aser
1111 3211 1228 3269 quoquc
1251 3195 1294 3251 ait
1309 3210 1316 3251 :
1332 3193 1506 3250 benedictus
1529 3193 1560 3249 in
1580 3192 1650 3250 liliis
1663 3194 1746 3267 Aser,
1761 3193 1802 3252 sit

127 3278 186 3348 gatis
198 3281 376 3355 principibus
389 3282 490 3357 populi
505 3300 571 3341 cum
587 3284 834 3342 tribubuslsrael.
979 3286 1099 3360 placens
1123 3285 1262 3341 tratribus
1286 3284 1361 3355 suis,
1381 3287 1412 3340 et
1435 3283 1531 3356 tingat
1554 3281 1584 3338 in
1607 3281 1671 3340 oleo
1695 3283 1799 3356 pedem

155 3369 221 3426 Vivat
235 3372 349 3444 lichen,
364 3374 394 3429 et
408 3388 465 3430 non
488 3372 640 3439 moriatur,
656 3377 686 3430 et
709 3373 748 3429 sit
763 3391 869 3446 parvus
894 3376 924 3432 in
978 3391 1076 3433 suum.
1088 3378 1206 3432 Ferrum
1218 3376 1249 3430 et
1258 3389 1298 3429 ars
1308 3371 1539 3429 calceamentum
1549 3372 1624 3445 ejus.
1640 3371 1722 3429 Siout
1738 3372 1802 3430 dies

126 3471 233 3516 numero.
974 3463 1141 3537 iuventutis
1155 3467 1224 3530 tue,
1240 3461 1281 3519 ita
1296 3465 1325 3518 et
1340 3464 1475 3518 senectus
1489 3464 1551 3518 tue.
1575 3460 1638 3517 Non
1654 3465 1700 3518 eet
1726 3465 1803 3519 Deus

65 3584 69 3589 -
154 3543 203 3602 llec
216 3552 259 3605 est
273 3549 357 3607 tude
372 3550 538 3607 benedictio
554 3567 560 3605 :
579 3551 663 3618 dudi,
678 3550 812 3620 Domine,
823 3568 922 3610 vocem
978 3553 1054 3610 elius
1070 3556 1104 3608 nt
1118 3552 1195 3608 Deus
1214 3550 1384 3618 rectissimi,
1400 3566 1538 3607 ascensor
1560 3548 1625 3606 coeli
1649 3549 1804 3608 auxiliator

59 5742 66 5879 i

125 3631 195 3703 lude,
208 3642 233 3694 et
246 3639 281 3694 ad
298 3637 441 3713 populum
457 3655 545 3696 suum
561 3640 696 3697 introduc
711 3656 778 3697 eum
796 3659 802 3698 :
818 3658 924 3698 manus
977 3648 1057 3700 tuus.
1076 3640 1293 3714 Magnificentie
1306 3640 1371 3709 ejus
1387 3639 1459 3711 [het
1469 3638 1584 3710 Judiois
1597 3638 1674 3711 ejus]
1690 3639 1801 3696 discur·
1911 3646 1914 3651 '

126 3722 926 3801 riuspngnnbuarproeo,etedJ·utoritliuecontraaa·
977 3736 1048 3788 runt
1071 3730 1112 3801 [h.
1140 3746 1197 3786 non
1222 3729 1321 3797 hahet,
1345 3728 1525 3800 discurrunt]
1554 3726 1647 3784 nubes
1670 3727 1800 3798 [hetin
1911 3778 1914 3783 .

127 3817 247 3873 senarios
261 3819 327 3890 ejus
343 3818 408 3874 erit.
978 3818 1194 3894 magnificentia
1210 3819 1274 3888 ejus
1296 3817 1411 3889 nubes]‚
1428 3815 1626 3873 habitaculum
1650 3816 1716 3888 ejus
1730 3833 1799 3873 sur·

155 3901 206 3959 tevi
220 3922 338 3979 quoque
353 3906 417 3968 sit:
438 3906 580 3964 Periectio
594 3910 644 3964 tua
668 3915 695 3964 et
718 3908 852 3964 doctrine
873 3911 925 3965 tua
976 3926 1054 3977 snm,
1070 3913 1099 3964 et
1115 3908 1217 3964 subter
1231 3906 1351 3963 brechio
1364 3905 1544 3978 sempiterne
1560 3922 1566 3962 :
1583 3905 1679 3977 ejiciat
1693 3921 1711 3961 s
1726 3903 1800 3963 lucie

128 3990 174 4046 tiro
185 4000 279 4051 sancto
305 4004 366 4063 tuo,
383 4012 471 4068 quem
497 3997 628 4069 probasti
652 3997 682 4053 in
706 3998 878 4065 tentatione,
895 4001 924 4055 et
976 4003 1029 4055 tua
1043 3997 1208 4065 inimicum,
1225 3996 1360 4068 dicetque
1375 4011 1382 4050 :
1400 3996 1564 4052 conterere.

128 4078 239 4147 judicasti
255 4086 291 4141 ed
308 4101 401 4157 eques
415 4085 666 4142 contradictionis.
691 4086 743 4150 Oui
760 4086 833 4142 dixit
848 4086 924 4158 patri
1012 4084 1160 4144 llabitobit
1175 4084 1263 4141 lsrael
1280 4084 1469 4150 confidenter,
1486 4086 1515 4138 st
1528 4082 1620 4140 solus.
1636 4082 1743 4142 Oculus
1755 4085 1801 4141 le·

129 4180 169 4223 suo
179 4174 203 4225 et
216 4173 300 4229 matri
315 4189 378 4230 suar
393 4191 400 4230 :
416 4175 518 4230 Nescio
533 4190 605 4243 vos;
622 4178 650 4230 et
674 4175 816 4231 tratribus
837 4174 898 4231 suis
915 4190 922 4229 :
977 4178 1031 4235 coh
1046 4177 1088 4249 [b.
1106 4176 1171 4231 lons
1185 4176 1286 4247 iacob]
1300 4175 1330 4230 in
1346 4179 1423 4230 terra
1437 4174 1576 4229 frumenti
1591 4177 1621 4230 et
1636 4173 1706 4245 vini,
1721 4173 1801 4231 cosli·

131 4252 352 4327 inrevoetzet
368 4263 536 4319 nescierunt
546 4262 586 4336 [b.
603 4263 736 4335 nescivit]
752 4263 828 4320 lilios
843 4279 923 4320 suos.
978 4282 1036 4339 que
1051 4265 1092 4335 [h.
1110 4263 1234 4336 coelique
1249 4263 1323 4333 ejus}
1349 4261 1519 4335 caligabunt
1541 4277 1615 4319 rore.
1635 4262 1742 4319 Beatus
1756 4264 1802 4332 tu,

131 4343 357 4408 flionstodieront
370 4350 517 4424 eloquium
540 4355 636 4417 tuum,
653 4356 682 4408 et
697 4355 816 4424 pactum
839 4355 925 4408 tuum
979 4354 1066 4412 lsrael
1085 4372 1091 4409 :
1107 4354 1175 4426 quis
1190 4352 1298 4410 similis
1313 4352 1488 4423 tni,popnle,
1500 4350 1551 4424 qui
1566 4350 1688 4408 salveris
1702 4352 1732 4408 in
1747 4352 1804 4409 Do·

131 4444 300 4507 sueverunt,
311 4441 425 4514 judicia
452 4444 513 4506 tua,
529 4442 657 4509 0Jacob‚
674 4446 703 4498 et
727 4441 818 4515 legem
833 4444 925 4510 tuam,
980 4443 1084 4500 mino?
1100 4446 1217 4500 scutum
1244 4439 1413 4511 annihilari,
1430 4444 1458 4497 et
1472 4439 1589 4513 gladius
1608 4438 1708 4512 glorie
1721 4444 1779 4496 tue
1795 4455 1804 4500 ε

132 4524 225 4587 limet
241 4530 282 4605 [h.
298 4530 466 4588 illuminent
478 4531 592 4603 judicio
613 4536 663 4588 tua
678 4531 707 4586 in
723 4531 825 4598 iacob,
842 4536 871 4588 et
885 4530 925 4587 le·
942 4546 966 4613 ῃ
981 4533 1131 4607 negabunt
1155 4535 1183 4589 te
1206 4529 1319 4587 inimici
1343 4529 1398 4599 tui,
1415 4532 1444 4585 et
1466 4532 1498 4585 tu
1517 4544 1619 4586 eorum
1644 4529 1719 4587 colla
1742 4526 1804 4587 cel·

133 4624 179 4681 μω
191 4621 265 4677 tuam
280 4620 311 4676 in
328 4620 429 4692 lsrael]
446 4637 453 4676 :
471 4623 580 4692 ponent
594 4619 755 4694 thymiama
776 4621 806 4676 in
831 4621 928 4677 lurore
982 4621 1073 4679 cabis.

133 4702 178 4772 tro,
189 4711 214 4762 et
234 4707 439 4765 holocaustum
462 4724 550 4781 super
565 4709 656 4766 altare
682 4713 776 4766 tuum.
792 4708 927 4779 Benedic,
1017 4714 1095 4785 [top.
1110 4710 1248 4779 xxxlvl.
1263 4710 1403 4767 Ascendit
1416 4724 1485 4783 ergo
1510 4709 1605 4767 Moses
1620 4712 1657 4767 de
1671 4728 1805 4789 campes-

134 4783 238 4862 Domine.
253 4797 418 4854 tortitudini
443 4798 519 4868 ojus,
534 4802 562 4854 et
577 4814 664 4870 opera
688 4796 928 4855 munuumillius
981 4803 1077 4859 tribus
1102 4801 1187 4858 bloab
1211 4815 1301 4870 super
1331 4802 1460 4854 montem
1489 4797 1580 4871 Nebo,
1609 4800 1639 4856 ln
1667 4802 1804 4861 verticem

133 4883 232 4955 ttscips.
257 4888 381 4943 Percute
402 4886 490 4943 dorsa
513 4885 701 4944 inimicorum
726 4889 800 4960 ejus,
826 4890 855 4944 et
878 4885 928 4959 qui
982 4890 1119 4963 Phaegha
1133 4892 1235 4946 contra
1255 4886 1391 4945 Jerioho:
1408 4887 1596 4961 ostenditque
1620 4889 1647 4946 el
1661 4888 1805 4950 Dominus

134 4964 230 5030 linunt
243 4990 323 5046 eum,
341 4990 399 5031 non
410 4978 600 5047 consurgant.
982 4995 1099 5037 omnem
1116 4981 1223 5034 terram
1239 4976 1347 5034 Galaad
1365 4992 1460 5047 usque
1476 4980 1535 5033 Dan
1550 4977 1570 5033 ⁸.
1587 4978 1622 5035 ut
1634 4979 1805 5037 universum

133 5178 137 5186 ¹
156 5114 359 5200 ¹llieronymus
374 5116 403 5172 in
417 5116 592 5200 epistoleed
608 5117 779 5199 Cypriorum
794 5116 928 5201 scholion
984 5121 1062 5193 apud
1079 5118 1246 5176 Chaldeum
1271 5135 1350 5203 uero,
1361 5118 1505 5201 ¹propbeta
1528 5120 1586 5176 Dei.
1615 5120 1647 5175 ln
1671 5120 1807 5204 versione

131 5184 188 5241 Diod
202 5189 356 5246 manifeste
375 5189 503 5261 probat:
526 5192 566 5245 rhr
592 5205 673 5272 enlm
696 5190 803 5262 penlmt
828 5206 927 5272 nxxrrx
983 5193 1101 5274 Syriaca
1125 5207 1221 5247 cnunc
1241 5191 1301 5257 Det,
1316 5196 1345 5248 ct
1359 5208 1388 5247 rn
1405 5191 1527 5248 Arabico
1540 5190 1683 5265 apostotus
1698 5192 1747 5249 Der
1761 5193 1807 5249 di-

130 5256 338 5337 opt-ontionem
363 5276 530 5333 eggressus,
557 5259 618 5317 haeo
647 5266 689 5316 ort
715 5275 722 5316 :
748 5284 762 5311 a
794 5265 927 5317 Primum
984 5268 1178 5321 crturhloses.
1196 5263 1289 5319 Musa.

129 5332 268 5401 mendum,
284 5332 363 5403 quod
387 5330 492 5405 psalmi
509 5331 595 5387 istius
617 5332 703 5403 juxta
718 5332 928 5389 liebraicorum
1020 5345 1031 5379 ¹
1046 5343 1185 5400 Undecim
1200 5360 1270 5399 mss.
1290 5342 1383 5399 nostri
1407 5341 1522 5398 codices
1538 5339 1650 5411 legunt,
1663 5340 1759 5411 ignoro
1774 5343 1811 5400 tt.

59 5424 62 5435 '
130 5395 212 5459 ”illm
225 5403 374 5473 'filiorm
390 5403 457 5461 Μ
472 5404 528 5460 υῑΐῑ
544 5403 593 5460 Μ
605 5421 615 5458 .·
626 5405 712 5475 iulia
726 5404 928 5478 Sflifflssinilr
986 5418 1025 5473 too
1041 5433 1050 5470 :
1067 5417 1213 5472 editorum
1240 5413 1433 5471 nihilominus
1458 5412 1542 5469 lectio
1558 5412 1739 5483 preference
1753 5420 1809 5490 est,

129 5484 205 5549 italio
218 5492 309 5565 lepti
323 5492 445 5551 bominis
459 5494 537 5550 Dei.»
553 5492 585 5548 lu
601 5491 720 5549 Hebraeo
735 5477 929 5563 orphet-unae,
985 5487 1057 5560 quia
1073 5487 1162 5544 textui
1180 5486 1320 5544 llehrniro
1336 5487 1487 5542 consonat.
1504 5483 1598 5538 Mass.

128 5557 286 5648 beusteten
309 5564 447 5657 legimus!
461 5566 539 5639 quod
565 5565 646 5650 apud
668 5565 740 5650 bill
764 5567 851 5621 etiem
876 5564 931 5649 boc
1022 5566 1144 5622 ³Gonou
1160 5567 1260 5631 hahet.
1276 5566 1315 5651 de·
1331 5564 1433 5621 Gutood
1447 5577 1534 5689 ¹¹⁸3!ae
1546 5561 1617 5628 Dru,
1640 5564 1718 5636 quod
1734 5565 1808 5625 sutis

127 5628 408 5712 hellesponton,
433 5647 577 5715 ανθρωπος
599 5655 648 5690 του
672 5641 739 5691 oeno
760 5640 840 5694 tomo
859 5637 930 5695 Der:
987 5639 1241 5698 accommodatum
1255 5638 1413 5710 Scripturas
1427 5633 1477 5692 red
1499 5636 1523 5690 rt
1535 5649 1669 5694 sensum.
1682 5635 1776 5695 Maur.
