3870 6120
108 178 182 253 rosi

108 325 186 381 Pone
201 337 316 393 quoque
332 337 395 378 eam
411 339 501 396 super
515 339 626 395 prunas
641 340 778 398 vacuam,

145 399 177 451 ut
191 393 358 460 incalescat,
371 397 400 450 et
412 393 545 467 liquefiat
560 413 599 453 aes
614 398 679 470 ejus
695 413 703 453 t

108 467 144 523 nt
157 465 299 524 confletur
314 465 343 520 in
359 466 455 522 medio
470 468 535 538 ejus
549 468 607 539 (ΑΙ.
623 475 698 527 tacet
712 469 788 544 ejus)
799 468 932 544 inquina-

179 542 312 592 mentum
328 538 403 607 ejus,

143 614 173 664 et
187 612 377 664 consumatur
391 608 494 682 rubigo
507 611 571 684 ejus
588 628 595 668 :

106 680 196 735 tdulto
213 680 312 734 labore
327 681 467 736 sudatum
483 689 539 753 eat,

144 757 172 807 et
185 767 242 806 non
258 750 346 806 exivit
356 752 396 833 ‘ds
411 753 503 810 nimia
518 754 623 830 rubigo
638 756 713 827 ejus,

107 839 569 953 Immireraqdliliffiarigenrresngerabilis
587 914 593 952 :

144 966 373 1092 qugabmundare
388 971 416 1023 te
431 967 519 1035 volui,
532 973 560 1025 et
575 985 633 1025 non
647 987 679 1027 es
694 971 836 1027 mundata
846 988 863 1027 a
873 988 933 1028 sor·

201 1037 208 1091 i
232 1054 266 1093 us
281 1037 341 1093 tuis
357 1055 364 1093 :

106 1109 161 1165 Sed
176 1125 229 1164 nec
248 1109 441 1167 mundaberis
454 1110 548 1183 prius,

144 1181 931 1257 donesquiescerelaciamindignaticnommeaminte.

106 1251 166 1324 ttgo
181 1254 325 1307 Dominus
341 1253 456 1310 locutus
472 1271 539 1311 sum
557 1273 564 1312 :

108 1323 205 1394 Venit,
220 1328 249 1378 et
265 1323 369 1380 faciam
387 1342 394 1381 ι

142 1411 201 1449 ιιοιι
216 1399 375 1464 transeam,
388 1413 441 1453 neo
456 1414 586 1471 parcam,
598 1415 650 1456 neo
665 1398 802 1471 placabor
817 1420 825 1459 t

106 1467 262 1523 luxtavins
271 1471 348 1535 tuas,
360 1473 389 1523 et
395 1469 481 1539 juata
489 1470 707 1527 adinventiones
717 1477 785 1530 tuas
790 1473 931 1546 judicabo

180 1539 234 1610 [st.
246 1539 390 1611 judicavi]
406 1546 444 1612 te,
459 1542 532 1598 dicit
548 1543 699 1600 Dominus.

107 1610 268 1737 {tllactum
284 1615 329 1666 est
345 1613 463 1668 verbnm
479 1613 596 1672 Domini
611 1616 646 1672 ad
663 1630 710 1672 me
724 1616 841 1674 dicens:

121 1681 141 1736 'i
156 1681 164 1735 i
183 1682 318 1750 bominis,

143 1769 208 1835 ecce
222 1770 275 1881 ego
290 1753 386 1811 tollca
398 1759 426 1812 te
435 1756 631 1815 desiderabile
645 1759 797 1817 oculorum
812 1765 932 1816 tuorum

178 1843 207 1880 ιιι
224 1843 241 1898 p
255 1843 271 1880 a

142 1901 171 1952 et
185 1913 242 1952 non
258 1842 391 1969 pisingas,
409 1916 503 1973 neque
513 1899 654 1974 plorabis,
665 1906 694 1959 et
708 1921 766 1961 non
783 1903 874 1960 duent
889 1901 932 1960 la·

178 1985 280 2041 crymm
295 1974 361 2024 tuae.

107 2042 269 2111 ingemisce
284 2045 397 2106 tacens,

143 2117 326 2166 mortuorum
342 2112 454 2168 luctum
472 2132 529 2171 narn
547 2115 660 2172 iacies:

108 2181 220 2239 Corona
235 2188 288 2238 tua
302 2184 505 2257 circumligata
520 2188 560 2243 eit
574 2187 638 2251 tibi,

144 2256 172 2308 et
187 2252 384 2310 calceamenta
399 2260 451 2312 tua
466 2264 552 2313 erunt
567 2259 598 2314 in
615 2257 738 2331 pedibus
752 2259 823 2329 tuis,

143 2339 196 2380 nec
212 2326 319 2381 amictu
337 2343 388 2382 ora
402 2326 521 2399 velabis,

143 2410 196 2452 nec
212 2397 292 2452 cibos
308 2396 473 2469 lugentium
486 2401 632 2457 comedes.

108 2465 235 2524 Locutus
250 2484 316 2524 sum
333 2484 401 2542 ergo
418 2472 453 2526 ad
471 2472 613 2545 populum
629 2489 727 2540 mane,
777 2498 785 2513 ·

143 2543 172 2594 et
188 2544 304 2596 mortua
317 2546 363 2596 est
375 2557 446 2597 uxor
461 2560 526 2600 mea
540 2561 659 2613 vespere
676 2561 684 2602 :

143 2610 270 2683 lecitque
280 2611 335 2683 (st.
347 2613 471 2686 fecique)
482 2631 569 2672 mane
578 2616 656 2673 sicut
665 2617 931 2690 praeeperatmihi.

109 2682 144 2737 Et
159 2680 230 2738 dicit
245 2684 281 2738 ad
298 2700 345 2739 me
360 2685 508 2757 populus:

143 2752 239 2817 Quare
254 2771 311 2810 non
327 2755 442 2814 indicas
458 2759 553 2830 nobis,
569 2759 640 2832 quid
669 2759 726 2816 ista
754 2759 932 2834 significent,

107 2826 366 2955 aalltlllaslll?

141 2966 244 3024 Sermo
257 2942 368 3026 domini
385 2971 481 3029 lactus
495 2979 539 3031 est
553 2975 589 3031 ad
607 2991 654 3032 me
665 2975 766 3033 dicens
781 2990 789 3032 ε

105 3043 235 3109 Loquere
251 3040 352 3097 domui
368 3043 456 3098 lsrael
473 3062 480 3100 :

106 3115 173 3166 Haeo
189 3109 259 3166 dicit
274 3111 418 3169 Dominus
433 3118 509 3170 Dens
527 3132 534 3172 :

107 3183 179 3237 Dece
195 3197 248 3253 ego
265 3182 394 3254 polluam
411 3187 614 3244 sanctuarinm
636 3203 746 3257 mcum,
762 3187 933 3261 superbiam

181 3251 298 3324 imperii
310 3255 410 3323 vestri,
420 3262 448 3313 et
458 3258 650 3315 desiderabile
660 3259 812 3316 oculorum
821 3265 933 3317 vestro·

145 3339 278 3477 etrsplrggr
292 3412 350 3468 quo
365 3402 452 3469 pavet
465 3399 563 3457 anima
577 3405 683 3472 vestra,

145 3469 173 3520 et
184 3466 235 3520 tllit
248 3467 346 3536 vestri,
358 3474 386 3524 et
396 3469 462 3526 filias
472 3477 589 3543 vestra,
600 3488 673 3544 quas
686 3473 859 3547 reliquistis,
869 3472 934 3547 gla-

182 3537 231 3594 dio
247 3539 361 3594 cadant.

109 3608 144 3663 Et
159 3606 270 3664 iacietis
285 3609 362 3666 sicut
378 3611 430 3667 leci
447 3628 454 3667 :

26 3716 31 3729 .
109 3679 164 3734 Ora
181 3680 291 3736 amictu
307 3699 365 3738 non
380 3681 524 3753 velabitis,

145 3754 173 3806 et
190 3751 270 3809 cibos
285 3752 451 3826 lugentium
467 3772 525 3812 non
542 3758 713 3816 comedetis.

109 3819 237 3879 Coronas
251 3823 397 3882 habebitis
413 3825 443 3882 in
459 3842 492 3883 aa
514 3828 605 3886 itibus
620 3831 739 3900 vestris,

145 3896 175 3950 et
188 3894 386 3954 calceamenta
400 3897 430 3952 in
446 3914 482 3970 pe
505 3900 572 3957 ibus
587 3918 595 3957 :

109 3963 177 4021 Non
193 3965 339 4041 plangetis
354 3985 448 4041 neque
463 3970 582 4040 Dabitis,

144 4038 196 4093 sed
212 4042 241 4094 et
254 4040 410 4097 tabescetis
426 4040 456 4096 in
472 4041 680 4116 iniquitatibus
696 4045 809 4119 vestris,

145 4113 173 4165 et
188 4112 391 4183 unusquisque
407 4118 505 4183 gemet
519 4115 555 4171 cd
570 4116 691 4172 fratrem
709 4134 809 4174 suum.

110 4180 231 4252 Dritqus
245 4182 375 4239 Ezechiel
392 4185 475 4241 vobis
490 4184 519 4242 in
537 4192 704 4259 portentum
723 4206 730 4247 :

143 4253 226 4322 iuxta
241 4255 413 4327 omniaque
425 4256 504 4326 lecit,
517 4259 630 4316 facietis
641 4276 708 4317 cum
718 4259 832 4318 venerit
842 4259 933 4318 istud:

146 4326 176 4378 et
189 4324 289 4380 scietis
305 4326 375 4398 quia
390 4343 441 4399 ego
457 4328 600 4389 Dominus
614 4331 703 4389 Deus.

110 4393 200 4461 litto,
217 4394 259 4450 uti
274 4395 413 4456 hominis.

145 4480 216 4594 secet?³
226 4466 256 4522 in
272 4468 330 4537 die,
346 4486 405 4542 qua
421 4471 521 4529 tollam
537 4474 573 4530 ab
589 4475 631 4531 ais
646 4474 847 4533 tortitudinem

220 4555 297 4609 rum,

146 4612 175 4664 et
189 4611 331 4681 gandium
347 4611 510 4688 dignitatis,
527 4621 555 4673 et
577 4616 756 4674 desiderium
785 4617 937 4675 oculorum

145 4696 306 4837 supoeiuaffr'c
320 4754 511 4858 requiescunt
525 4756 629 4813 anima
644 4772 757 4826 eorum,

64 4968 67 4975 Ι
112 4821 273 4980 Infidigsilig
285 4827 483 4955 gimsveeorigrxrll
497 4869 613 4971 lugiens
629 4897 665 4954 ad
680 4902 720 4967 ts,
735 4904 769 4958 ut
782 4903 937 4961 annuntiet

111 5036 142 5092 ln
158 4967 365 5121 ditelfflnquam,
381 5038 433 5096 illa
447 5039 594 5113 aperietur
608 5058 642 5098 os
657 5045 741 5101 tuum
756 5060 821 5103 curn
836 5061 870 5103 so
885 5046 935 5119 qul

145 5109 328 5253 etiggltsteiis,
345 5184 375 5238 et
390 5198 448 5239 non
463 5181 566 5241 silebis
582 5184 659 5241 ultra
675 5203 682 5243 :

109 5249 286 5338 Drisqueeis
302 5253 331 5310 in
346 5260 539 5340 portentum,-

145 5325 174 5378 et
188 5332 290 5382 scretis
325 5342 373 5383 ura
388 5341 439 5398 ego
454 5330 611 5384 Dominus.

109 5392 192 5467 (Cap.
204 5396 300 5469 XXV.)
336 5397 451 5455 tfactus
462 5402 507 5456 est
517 5415 614 5457 sermo
643 5398 760 5458 Domial
774 5403 811 5460 ad
826 5414 874 5458 me
889 5399 936 5458 di-

109 5533 163 5590 Fili
179 5483 319 5613 liglnasinis,

144 5623 220 5677 pone
249 5613 351 5670 taciem
366 5616 449 5670 tuam
465 5617 568 5673 eontra
582 5613 658 5671 lilios
670 5616 809 5686 Ammon,
825 5615 854 5669 et
868 5628 935 5685 pro·

182 5679 316 5763 phetabis
329 5685 365 5742 de
379 5684 433 5742 eia.

109 5745 146 5802 nt
160 5747 242 5809 dices
257 5754 326 5810 liliis
341 5762 467 5814 ammon
485 5773 493 5813 ι

624 203 655 255 S.
675 198 880 256 utaxotvtttss
897 197 1026 253 n1v1tta
1043 196 1292 253 ulnutoruttcs.

944 336 972 402 Α
1022 319 1122 376 audite
1135 322 1256 378 verbum
1270 319 1386 377 Domini
1401 319 1453 379 Dei
1470 339 1478 379 :

986 395 1054 448 Hac
1068 390 1140 447 dicit
1153 392 1297 449 Dominus
1312 392 1389 450 Deus
1405 409 1413 449 ι

987 467 1043 521 Pro
1058 479 1091 519 co
1104 465 1180 534 quod
1197 464 1297 522 dixisti
1314 480 1321 521 :

987 535 1075 608 Euge,
1092 550 1166 607 ange
1181 553 1270 611 super
1284 538 1485 596 sanctuarium
1502 555 1615 609 mcum,
1633 539 1706 613 quie
1720 538 1810 612 pollu-

1059 612 1123 663 tum
1137 612 1183 663 est

1023 682 1053 734 et
1066 694 1155 750 super
1169 650 1277 736 terram
1295 681 1395 748 lsrael,
1409 682 1549 754 quoniam
1580 679 1720 739 desolata
1747 690 1809 741 est:

1022 753 1052 805 et
1067 751 1291 834 superudomum
1307 753 1396 821 duda,
1420 755 1562 826 quoniam
1587 754 1673 811 ducti
1698 764 1767 811 suut
1785 758 1811 812 in

986 827 1294 1019 monpeaipgrgvgttartffiffi
1311 900 1338 952 te
1353 895 1422 954 otiis
1437 896 1637 954 orientalibus
1654 898 1684 954 in
1701 898 1813 955 haredi-

1074 980 1162 1030 nem,

1058 1040 1087 1092 et
1101 1036 1288 1094 collocabunt
1301 1039 1401 1096 caulas
1412 1057 1481 1098 scas
1496 1040 1526 1097 in
1541 1048 1580 1113 te,

1058 1113 1086 1162 et
1101 1114 1211 1180 ponent
1226 1109 1255 1165 in
1268 1115 1296 1166 te
1311 1112 1437 1168 tentoria
1452 1129 1517 1170 sua.

988 1179 1045 1252 lpsi
1061 1180 1216 1236 comedent
1231 1181 1330 1254 fruges
1345 1188 1412 1240 tuas
1427 1200 1435 1238 ι

1021 1255 1050 1306 et
1065 1251 1120 1322 ipsi
1134 1250 1235 1307 hibent
1249 1251 1295 1309 lac
1311 1259 1393 1310 tuum
1409 1254 1461 1327 (tt.
1474 1260 1541 1314 tacet
1557 1259 1668 1328 tuum).

986 1326 1125 1393 Daboque
1140 1324 1271 1379 {tabbath
1287 1327 1318 1380 in
1334 1325 1533 1384 babitaculum
1552 1328 1747 1400 camelorum,

1021 1398 1050 1449 et
1066 1394 1142 1449 tilios
1156 1400 1282 1451 Ammon
1297 1395 1328 1453 in
1344 1397 1439 1453 cubile
1452 1416 1590 1470 pecorum
1610 1417 1618 1457 :

1021 1468 1051 1520 et
1065 1464 1164 1521 scietis
1179 1468 1249 1538 quia
1264 1483 1317 1540 ego
1333 1469 1477 1527 Dominus
1493 1488 1499 1526 :

986 1536 1059 1601 Quin
1075 1536 1134 1592 hac
1149 1537 1221 1593 dicit
1235 1538 1378 1596 Dominus
1396 1542 1490 1598 Deus:

985 1613 1040 1665 Pro
1056 1624 1089 1664 eo
1105 1609 1183 1679 quod
1195 1608 1331 1681 plausisti
1344 1629 1429 1668 mane
1444 1618 1473 1670 et
1487 1614 1665 1686 percussisti
1680 1615 1762 1688 pede,
1835 1638 1839 1647 ·

1022 1685 1051 1736 et
1065 1680 1166 1751 gavisa
1179 1696 1211 1737 es
1223 1697 1257 1737 ex
1274 1688 1332 1740 toto
1348 1683 1451 1741 ellectu
1466 1691 1684 1758 superterram
1704 1686 1806 1743 lsrael:

987 1751 1097 1809 idcirco
1112 1766 1179 1808 ecce
1192 1767 1246 1824 ego
1260 1756 1414 1811 extendam
1430 1773 1551 1814 manum
1569 1774 1670 1814 meam
1680 1765 1804 1832 superte,

1022 1830 1051 1880 et
1062 1824 1177 1878 tradam
1193 1829 1221 1880 te
1235 1824 1263 1880 in
1281 1826 1474 1900 direptionem
1489 1828 1637 1900 gentium,

1021 1903 1050 1953 et
1065 1895 1239 1952 intartlciam
1256 1905 1282 1953 te
1295 1898 1330 1954 de
1346 1899 1511 1971 populis‚st
1525 1902 1652 1973 perdam
1668 1901 1705 1957 de
1719 1904 1800 1968 terris,

1056 1971 1085 2022 et
1101 1971 1251 2023 conteram
1268 1984 1275 2023 :

1019 2037 1135 2095 etacies
1171 2039 1457 2114 niasgoDominus,

984 2111 1050 2166 Hac
1066 2109 1138 2165 dicit
1182 2111 1300 2167 ominus
1316 2114 1401 2169 Deus.

984 2189 1038 2238 Pro
1054 2198 1087 2237 eo
1103 2182 1180 2253 quod
1196 2183 1334 2240 dixerunt
1350 2184 1434 2242 Moab
1449 2189 1479 2241 et
1492 2185 1556 2242 Seir
1573 2204 1580 2242 ε

1020 2255 1093 2310 Ecce
1109 2253 1185 2309 sicut
1201 2271 1303 2312 omnes
1315 2262 1427 2328 gentes,
1441 2257 1549 2314 domus
1563 2258 1645 2315 Juda
1662 2275 1669 2314 :

984 2326 1094 2407 Idcirco
1109 2340 1175 2381 ecoe
1189 2340 1243 2398 ego
1259 2328 1388 2400 aperiam
1406 2328 1560 2385 humerum
1574 2329 1791 2386 Moabdecivitc

1022 2398 1250 2536 detloliilistetibua
1267 2469 1400 2541 inquam,
1416 2473 1491 2543 ejus,
1509 2477 1538 2528 et
1555 2470 1591 2528 de
1607 2471 1717 2528 linibus
1734 2473 1790 2544 ejas.

1020 2539 1129 2622 inclyta
1141 2544 1224 2621 terre
1240 2541 1472 2599 Beth-lesimctb
1488 2550 1517 2600 et
1532 2543 1703 2601 Deci-Mean
1718 2547 1790 2600 etca-

984 2611 1283 2739 anatlillalll'sum
1299 2683 1367 2740 otta
1383 2687 1518 2757 samon,

1021 2759 1050 2810 et
1063 2753 1137 2810 dabo
1152 2771 1216 2809 eam
1233 2755 1262 2809 in
1280 2754 1478 2813 hereditatem
1496 2772 1503 2812 :

1021 2829 1054 2881 ut
1066 2842 1123 2952 ιιὲιιι
1141 2826 1180 2880 sit
1196 2826 1564 2885 ultramemoriatlliorum
1572 2828 1788 2900 Ammoningc·

1058 2906 1077 2952 ιι
1101 2914 1146 2952 us.

987 2968 1020 3024 ut
1035 2969 1064 3024 in
1078 2969 1162 3023 Moab
1178 2967 1284 3023 lucium
1295 2970 1408 3040 J'udicie
1424 2988 1431 3028 :

1024 3044 1053 3096 et
1067 3040 1161 3095 scient
1185 3039 1255 3122 quia
1270 3056 1321 3112 ego
1336 3040 1490 3100 Dominus.

946 3074 969 3144 c
988 3111 1053 3167 Haec
1068 3111 1140 3166 dicit
1155 3109 1297 3168 Dominus
1312 3111 1415 3170 Deus:

987 3183 1041 3240 Pro
1050 3183 1166 3309 eoqufd
1183 3182 1250 3309 [ἳοίὲ
1265 3183 1393 3242 idumaea
1407 3184 1598 3254 ultionem,ut
1610 3203 1643 3244 ee
1653 3186 1786 3243 vindicaret

1058 3256 1094 3310 de
1109 3255 1127 3310 li
1140 3253 1177 3309 iis
1209 3271 1226 3309 u
1251 3270 1268 3309 a

988 3325 1176 3453 peccavitque
1190 3296 1373 3398 delinguans,
1389 3332 1418 3384 ct
1433 3328 1596 3387 vindictam
1611 3329 1742 3403 expetivit

1080 3413 1095 3453 e
1109 3414 1162 3468 ers,

988 3469 1099 3526 ideirco
1114 3469 1177 3524 brec
1191 3467 1264 3524 dicit
1278 3468 1422 3527 Dominus
1438 3470 1515 3529 Deus
1531 3488 1537 3527 ε

988 3541 1149 3597 Ειιιοοοιιιι
1165 3556 1286 3596 manum
1302 3557 1398 3597 meam
1414 3559 1504 3615 super
1519 3543 1688 3615 idumaeam,

1024 3618 1053 3670 et
1068 3611 1198 3668 aulercm
1214 3613 1250 3667 de
1263 3628 1297 3667 ea
1314 3612 1460 3669 bominem
1477 3619 1506 3670 et
1517 3616 1699 3687 jumentum,

1024 3684 1173 3741 etfaciam
1189 3699 1252 3739 eam
1268 3684 1413 3740 desertam
1427 3686 1463 3741 ab
1478 3692 1581 3743 austro
1599 3703 1606 3742 :

1023 3761 1052 3812 et
1067 3755 1116 3827 qui
1133 3760 1203 3811 sunt
1217 3754 1271 3827 (lt.
1286 3756 1394 3812 desunt
1407 3758 1437 3811 in
1456 3757 1566 3828 Dedan,
1579 3758 1678 3830 gladio
1693 3756 1785 3812 cadent.

989 3826 1022 3882 ut
1032 3826 1257 3909 daboultionem
1267 3828 1628 3900 mearnsuperldurnream
1639 3840 1786 3902 permanan

1023 3897 1369 4041 etpsggirgtgtrffirln1¹sarcalsatffl
1381 3970 1410 4025 in
1422 3970 1512 4027 Edam
1519 3971 1607 4043 juxta
1616 3971 1690 4029 iram
1702 3985 1786 4036 mean,

1023 4046 1053 4097 et
1066 4041 1195 4096 furorem
1210 4055 1310 4096 meum
1328 4056 1335 4096 :

1023 4116 1053 4168 at
1066 4111 1161 4167 scient
1189 4110 1345 4167 vindictam
1361 4112 1413 4182 (At.
1430 4111 1678 4188 indignationem)
1703 4126 1787 4175 mean.

1059 4182 1131 4238 dicit
1146 4182 1286 4238 Dominus
1304 4181 1391 4240 Deus.

990 4255 1053 4310 llaec
1067 4253 1139 4310 dicit
1153 4253 1296 4309 Dominus
1311 4253 1388 4311 Deus
1404 4272 1411 4313 ι

988 4332 1043 4383 Pro
1058 4342 1091 4383 eo
1107 4325 1184 4397 quod
1198 4324 1332 4382 lecerunt
1343 4324 1492 4382 Palaestini
1506 4327 1537 4384 in
1552 4327 1722 4399 vindictam,
1749 4395 1755 4409 .

1024 4404 1051 4455 et
1065 4395 1118 4452 ulti
1133 4412 1165 4452 se
1180 4399 1250 4452 sunt
1278 4400 1339 4452 toto
1366 4397 1477 4465 animo,
1490 4397 1700 4458 interficientes
1712 4402 1738 4455 et
1749 4410 1791 4451 vu·

1060 4468 1174 4541 plantes
1189 4467 1359 4524 inimicitias
1372 4472 1485 4525 veteres
1500 4487 1507 4524 :

988 4541 1145 4613 Propterea
1160 4539 1220 4594 baec
1234 4538 1305 4595 dicit
1319 4538 1461 4595 Dominus
1480 4539 1560 4596 Deus
1577 4558 1584 4598 ι

989 4613 1123 4685 Dcoaego
1133 4610 1289 4668 extendam
1299 4626 1422 4666 manum
1429 4625 1622 4685 meamsuper
1633 4611 1793 4676 Palestinae,

1058 4686 1088 4739 et
1101 4680 1276 4738 interficiam
1292 4681 1504 4747 interfectores,

1023 4759 1053 4811 et
1068 4755 1187 4828 perdam
1203 4751 1344 4825 reliquias
1360 4752 1512 4810 maritima
1527 4754 1660 4827 regionis
1675 4772 1684 4811 t

987 4825 1163 4898 Faciamque
1174 4822 1205 4879 in
1216 4822 1794 4896 sisuttianasmagnasargasastataros:

1022 4900 1051 4955 et
1065 4896 1157 4953 scient
1171 4893 1239 4966 quia
1250 4910 1304 4967 ego
1319 4894 1474 4966 Dominus,

1022 4983 1088 5025 cum
1104 4967 1212 5024 dedero
1226 4964 1388 5022 vindictam
1403 4981 1499 5022 meam
1515 4981 1607 5050 super
1621 4982 1682 5024 eos.
1749 5035 1755 5046 ι

986 5040 1063 5114 (Cap.
1076 5037 1184 5107 xxvt.)
1194 5035 1229 5092 ut
1239 5036 1351 5094 lactum
1362 5039 1408 5093 est
1417 5036 1448 5092 in
1457 5037 1617 5120 undecimo
1627 5053 1707 5095 anna
1716 5046 1795 5119 prinu

1058 5108 1180 5174 mensis,
1195 5108 1291 5165 laetus
1301 5111 1346 5165 est
1355 5122 1453 5164 sermo
1464 5108 1630 5165 Domrnvad
1639 5107 1795 5175 medicans:

986 5181 1041 5239 Pili
1057 5179 1199 5248 hominis,

986 5270 1039 5325 pro
1052 5269 1086 5310 eo
1102 5250 1180 5324 quod
1196 5248 1270 5305 dixit
1285 5249 1380 5320 Tyrus
1395 5249 1432 5305 de
1443 5248 1611 5305 tarantum
1629 5266 1637 5307 ε

986 5329 1077 5397 Euge,
1093 5321 1247 5379 confracte
1263 5325 1334 5377 sunt
1347 5323 1438 5394 porte
1452 5317 1647 5392 populorum,

1023 5409 1165 5452 conversa
1178 5395 1225 5447 est
1236 5391 1273 5447 ad
1288 5406 1336 5448 me
1353 5407 1360 5446 ε

1022 5463 1178 5536 implebor,
1193 5462 1310 5519 deserta
1320 5465 1376 5519 cst.

987 5536 1144 5610 Propterea
1159 5532 1221 5588 hec
1235 5532 1310 5589 dicit
1324 5531 1467 5589 Dominus
1483 5531 1583 5590 Deus:

987 5607 1061 5665 Doce
1074 5621 1127 5679 ega
1142 5620 1233 5677 super
1246 5606 1283 5667 te,
1301 5604 1386 5677 Pyre,

1023 5675 1217 5735 etascenders
1228 5673 1334 5731 tesiam
1345 5672 1546 5745 adtitscpsr)
1556 5675 1585 5730 te
1595 5668 1800 5747 genteunultes

1022 5748 1101 5808 sieut
1114 5744 1248 5804 ascendit
1262 5759 1343 5803 mare
1357 5745 1516 5802 fluctuans.
