3870 6120
69 204 141 262 ltus

105 333 136 387 et
149 345 218 388 ossa
232 346 298 389 msa
312 331 398 407 quasi
413 332 487 392 irixa
502 337 727 397 recubuerunt.

742 217 849 273 liuta
868 220 1101 280 esstuoault.

1710 224 1781 280 ltro

912 345 1065 416 Aiissixit
1077 345 1107 403 in
1122 346 1168 405 via
1183 347 1386 405 fortitudinem
1402 363 1497 405 meam
1515 365 1523 405 τ

70 406 249 460 Percussum
265 409 311 461 sst
333 406 418 480 quusi
442 409 539 465 tenum
564 416 593 467 et
615 412 775 469 ereiaotum
791 418 837 471 est
849 430 899 473 cor
991 418 1170 476 abbreviavit
1182 420 1246 477 dias
1261 437 1353 477 meos.

142 491 241 532 meum
257 492 264 531 :

106 547 178 619 quia
191 546 302 604 oblitus
318 563 385 604 sum
400 551 554 607 comedere
570 569 674 624 panem
691 571 798 614 meum.

71 620 180 676 avone
195 619 325 691 gemitus
340 620 409 691 mei,

108 689 288 747 adheritus
304 707 404 746 meum
420 691 500 748 carni
516 709 596 749 mee.

67 760 261 819 Assimilatus
274 778 341 818 sum
361 761 496 835 pelicano
512 764 620 821 deserti
639 783 646 824 :

104 832 202 890 iaetus
217 849 284 890 sum
296 834 382 906 quasi
398 835 476 891 bubo
489 835 683 895 solitudinum
698 839 718 895 ¹.

953 488 1065 558 Dicam,
1081 492 1159 548 Deus
1174 508 1258 549 meus
1270 493 1329 560 ⁸,ne
1345 490 1443 565 rapias
1454 506 1501 548 me
1511 492 1541 548 in
1555 491 1650 549 medio
1660 491 1775 550 dieram

988 579 1218 706 iargggffiioae
1233 633 1456 706 generationum
1474 635 1543 691 anui
1558 635 1613 690 tui.

952 706 1134 779 iiprinoipio
1150 712 1256 762 terram
1273 706 1415 774 fundasti,

988 784 1104 849 etopus
1120 794 1264 834 manuum
1279 782 1396 834 tuarum
1413 777 1489 834 coeii.

952 847 1012 923 ipsi
1028 849 1178 920 peribunt,
1193 853 1334 905 tuentem
1351 850 1454 915 stabis,

68 902 206 977 vigilavi,
222 910 251 962 et
265 905 308 961 lui
328 905 406 962 aient
430 907 492 962 avis
516 908 650 965 solitaria
672 927 763 983 super
786 916 896 972 tectum
986 924 1016 976 et
1030 936 1131 977 oiiines
1147 921 1232 992 quasi
1247 921 1456 977 vestimentum
1472 923 1646 990 atterentur,

67 976 142 1033 'iota
157 976 205 1033 dia
220 977 437 1050 exprobrabant
452 978 524 1034 mibi
540 979 655 1038 inimici
671 983 728 1039 mei
744 1002 752 1043 ι

103 1047 286 1105 exsultantes
300 1047 523 1133 (binsultantes
534 1051 617 1121 niihil
630 1069 682 1126 per
692 1056 895 1129 mejumbaut.

68 1118 143 1184 Ouia
155 1120 284 1176 cinerem
300 1124 378 1177 sicut
392 1136 498 1193 panem
513 1124 639 1195 comedi,

103 1196 134 1247 at
148 1197 251 1263 potum
267 1207 366 1248 meum
381 1208 449 1248 cum
465 1193 533 1250 lietu
550 1195 667 1253 miscui.

70 1266 96 1317 Δ
114 1262 189 1319 lacis
202 1262 417 1336 indignationis
431 1268 488 1321 tun
503 1270 532 1321 et
546 1265 594 1323 ire
609 1273 665 1324 tusi
682 1286 689 1325 ε

141 1335 212 1406 quia
226 1334 328 1391 levasti
345 1335 399 1407 (lt.
418 1335 552 1411 elevasti)
566 1354 623 1410 me,
640 1344 668 1397 et
682 1341 801 1400 allisisti
816 1358 875 1402 me.

68 1404 139 1462 Dies
152 1407 209 1462 mei
224 1407 309 1480 quasi
325 1407 429 1464 umbra
444 1407 576 1466 inclinati
591 1417 663 1469 sunt
676 1413 698 1485 ¹,

104 1482 132 1533 et
147 1493 199 1550 ego
215 1478 300 1550 quasi
315 1479 417 1535 ionum
432 1480 507 1536 arui.

65 1548 110 1604 'i'u
125 1555 236 1616 eutem,
252 1549 387 1619 Domine,
403 1550 433 1607 in
448 1555 589 1609 aternum
606 1569 772 1626 permanes,

101 1626 132 1677 et
146 1620 317 1679 memoriale
328 1626 413 1679 tuum
424 1622 454 1678 in
466 1625 891 1699 generationeetgeneretioas.

65 1695 109 1749 'ru
122 1694 272 1750 suscitans
287 1694 328 1765 (u.
346 1698 485 1766 surgens)
500 1696 685 1755 misereberis
701 1700 770 1756 Sion
788 1718 795 1755 ε

102 1763 173 1837 quia
186 1768 304 1837 tempus
318 1774 349 1822 ut
363 1765 417 1837 (lt.
433 1767 496 1823 cdd.
511 1769 567 1842 est)
584 1769 751 1828 miserearis
763 1771 838 1843 ejnr,

136 1836 275 1908 quoniam
292 1838 371 1893 venit
383 1842 500 1911 tempus
514 1839 555 1909 (ii.
571 1841 752 1913 condictum)
767 1844 788 1897 ⁸.

101 1908 242 1979 quoniam
259 1908 384 1980 placitos
394 1910 527 1966 ieoarunt
540 1913 614 1967 servi
630 1913 672 1968 tui
687 1914 800 1985 lapides
815 1916 890 1986 ejus,

100 1983 130 2034 et
146 1979 296 2051 pulverem
309 1982 375 2052 ejus
391 1981 587 2039 miserabilem
604 1986 614 2019 ⁴
630 1984 682 2055 (lt.
704 1985 890 2051 mirabilem).

64 2048 100 2106 iit
115 2052 263 2108 timebunt
277 2058 380 2125 gentes
395 2069 501 2109 nomen
518 2055 644 2124 Domini,

99 2127 129 2178 st
144 2122 271 2180 universi
286 2141 316 2180 re
338 2140 369 2180 es
384 2127 466 2181 terrie
481 2125 603 2194 gloriam
618 2132 707 2185 tuum.

63 2192 140 2260 Quis
153 2195 306 2278 sdiiicavit
318 2140 461 2279 geminus
475 2197 543 2255 Sion
560 2213 567 2255 :

63 2267 526 2423 Rezgggir?iitdldrgltidlnzmuiiacui
542 2339 583 2410 (b.
599 2341 720 2415 eilossi),

98 2413 127 2464 et
138 2425 196 2465 non
212 2410 345 2483 despexit
357 2416 521 2467 orationem
536 2427 649 2469 eorum.

61 2479 215 2536 Scribetur
228 2481 283 2538 boc
299 2482 329 2538 iu
344 2482 545 2555 generatione,
562 2482 736 2555 novissima,

98 2558 126 2608 et
140 2553 268 2624 populus
284 2553 334 2627 qui
350 2554 499 2611 creabitur
514 2553 650 2611 laudabit
664 2554 834 2615 Dominum.

63 2623 209 2690 Quoniam
225 2625 376 2699 prospexit
389 2626 425 2682 de
440 2624 554 2683 excelso
569 2628 738 2686 sanctuario
752 2645 806 2687 suo
824 2647 831 2687 :

99 2693 246 2753 Dominus
261 2697 297 2754 de
312 2697 383 2755 coelo
394 2702 501 2754 terram
518 2699 735 2772 contemplatus
751 2705 806 2758 est.

61 2764 98 2823 Ut
113 2767 230 2823 audiret
242 2768 385 2852 gemitum
400 2769 500 2853 vincti,

63 2838 499 2995 Utussggievtauiraqnutsiiooanqgffiiesfi
515 2911 644 2983 Domini,

99 2985 129 3038 et
143 2982 273 3041 laudatio
287 2985 352 3055 eiua
367 2983 397 3040 in
411 2984 588 3042 Jerusalem.

64 3055 140 3110 Cum
155 3056 323 3129 cougregati
334 3055 444 3113 luerint
459 3055 559 3130 populi
573 3054 673 3126 simul,

98 3129 128 3181 st
142 3142 235 3200 regua
246 3132 280 3184 ut
294 3128 423 3186 serment
437 3127 566 3186 Domino.

102 3271 111 3306 ¹
129 3268 226 3327 Aliter
240 3270 320 3328 bunc
332 3286 451 3328 versum
467 3268 650 3397 interpretari
663 3269 776 3327 videtur
789 3271 889 3330 Hiero·

67 3356 180 3413 aymus
194 3342 225 3398 in
241 3344 326 3417 epist.
342 3342 378 3399 ad
395 3343 488 3398 Sunn.
504 3346 532 3398 et
556 3341 663 3408 ‘reiel.,
679 3342 728 3397 ubi
744 3343 786 3399 ait
801 3359 808 3398 :
825 3366 840 3394 «
856 3348 889 3400 ln

65 3413 182 3471 liebrauo
204 3431 253 3485 pro
276 3417 448 3486 nycticorace
474 3414 655 3469 vertumnus
678 3415 889 3487 scriptumest:

63 3485 136 3556 quod
147 3486 260 3557 Aquila,
275 3496 302 3543 et
317 3486 544 3555 Septuuqi'nte,rt
559 3484 768 3552 Tiicodoti'on,et
783 3487 892 3551 Quinta

61 3557 382 3630 editio,uycticoracam
393 3555 575 3629 interpretati
589 3560 660 3612 sunt
670 3559 889 3630 38ymmacbus,

61 3645 197 3700 upupam
212 3646 220 3697 ;
235 3633 315 3684 sexta
330 3629 663 3698 sditio,noctuem‚quod
678 3635 709 3685 et
724 3647 778 3686 nos
794 3632 891 3702 magis

902 3083 926 3152 ρ
980 3085 1073 3139 neque
1093 3085 1183 3127 secun

986 991 1072 1065 quasi
1088 990 1210 1063 pallium
1227 993 1267 1065 ih.
1283 994 1506 1062 vestimentum)
1522 991 1654 1049 mutabis
1668 1004 1730 1058 eos,
1747 991 1777 1047 st

1022 1065 1227 1120 mutabuntur.

949 1134 994 1191 'ru
1009 1140 1106 1191 eutem
1120 1136 1184 1206 ipso
1197 1136 1251 1206 (rit.
1267 1134 1330 1191 edd.
1346 1135 1400 1206 es),

984 1211 1014 1263 st
1027 1208 1097 1264 anni
1112 1209 1154 1264 tui
1171 1223 1228 1263 uon
1245 1207 1391 1263 deliniant.

949 1278 1015 1334 Filii
1031 1294 1179 1335 servorum
1195 1284 1311 1335 tuorum
1328 1278 1513 1345 habitabunt,

983 1355 1014 1407 et
1028 1366 1129 1407 semen
1144 1366 1246 1407 eorum
1269 1354 1337 1407 ante
1360 1350 1463 1408 taciem
1493 1355 1574 1407 tuam
1591 1349 1646 1422 (it.
1662 1344 1775 1418 eorum)

1018 1423 1217 1494 perseverabit
1231 1422 1272 1494 (b.
1289 1421 1453 1530 dirigetunr).

1296 1511 1380 1550 nsvin
1409 1537 1417 1551 .

947 1563 1045 1636 (Cili.)
1062 1564 1196 1634 benedic,
1212 1565 1313 1621 anima
1324 1565 1378 1622 tlt.
1395 1565 1459 1621 edd.
1477 1564 1565 1636 mea),
1580 1561 1718 1629 Domino,

984 1641 1013 1690 et
1026 1636 1125 1692 omnia
1136 1637 1250 1693 viscera
1264 1653 1328 1693 mea
1343 1637 1456 1694 nomini
1472 1644 1575 1692 sancto
1589 1637 1665 1707 ejus.

906 1712 931 1779 Β
946 1706 1081 1776 Denedic,
1097 1709 1196 1765 anima
1213 1725 1289 1777 mea,
1303 1710 1440 1773 Domino,

982 1784 1012 1834 et
1027 1778 1088 1834 noli
1103 1779 1234 1836 oblivisci
1249 1781 1382 1837 omnium
1400 1779 1627 1836 retributionum
1643 1776 1718 1849 ejus.

945 1847 1000 1913 Oui
1016 1851 1193 1934 propitiatur
1207 1852 1217 1885 ²
1232 1851 1346 1934 cunctis
1362 1852 1572 1937 iniquitatibus
1589 1851 1660 1923 tuis,

944 1928 1134 2058 ..utut
1148 1924 1643 2076 tttttitttitttitittn„
1688 2063 1694 2075 ‚

980 2064 1030 2148 qui
1047 2072 1167 2123 coronat
1181 2067 1249 2123 taio
1263 2066 1504 2124 misericordiaet
1514 2064 1765 2123 miserationibus.

943 2136 999 2202 Qui
1014 2137 1106 2210 replet
1120 2137 1163 2209 (h.
1183 2136 1281 2210 satiat)
1296 2139 1382 2196 bouis
1396 2141 1602 2196 ornamentum
1616 2144 1703 2193 tuum
1719 2150 1728 2193 t

979 2209 1168 2266 innovabitur
1181 2209 1258 2266 sicut
1272 2210 1376 2293 aquila
1388 2212 1530 2283 juventus
1545 2214 1607 2279 tua,

943 2280 1064 2337 Deciens
1076 2281 1208 2351 justitias
1222 2280 1377 2351 Dominus,

979 2356 1008 2409 et
1018 2352 1132 2424 judicia
1146 2353 1260 2411 cunctis
1275 2355 1326 2426 qui
1342 2352 1521 2410 calumniam
1534 2352 1694 2410 sustinent.

943 2424 1033 2481 Notas
1049 2424 1118 2480 iecit
1132 2424 1194 2481 vies
1209 2442 1280 2483 suas
1295 2425 1369 2483 Mosi
1386 2443 1393 2481 :

980 2495 1049 2578 tiliis
1065 2496 1154 2554 isreel
1173 2496 1363 2568 cogitationes
1378 2496 1419 2582 (b.
1436 2496 1671 2567 adinventiones)
1686 2509 1768 2552 suas.

942 2568 1109 2626 Misericors
1124 2575 1151 2624 et
1165 2567 1293 2625 clemens
1309 2574 1449 2625 Dominus
1466 2584 1473 2623 :

979 2637 1093 2723 patiens
1108 2639 1149 2712 (li.
1165 2640 1268 2698 tardus
1283 2641 1319 2697 sd
1335 2640 1475 2711 iurarem)
1489 2643 1519 2695 et
1530 2637 1631 2695 multe
1646 2637 1768 2695 misera·

1028 2729 1033 2763 i
1106 2751 1113 2764 .

942 2715 1280 2855 Noniignsiesmpstemm
1292 2780 1440 2853 iudicabit
1452 2782 1495 2909 ξ).
1511 2780 1660 2852 litigabit).

979 2870 1074 2926 neque
1082 2854 1118 2982 liin
1130 2859 1272 2911 aternum
1288 2854 1455 2926 irascetur(
1481 2894 1488 2909 .
1505 2851 1535 2909 in
1550 2851 1689 2909 seculum
1704 2866 1769 2924 per·

1014 2942 1080 2982 vera
1103 2925 1147 2982 it.

941 2995 1001 3053 Non
1016 2926 1313 3126 secundjnmfeccata
1329 3000 1430 3053 nostra
1446 2995 1514 3052 iecit
1527 2993 1612 3051 nobis
1630 3009 1637 3050 :
1694 3062 1700 3076 .
1746 3063 1752 3074 ·

1055 3140 1082 3197 b·
1208 3086 1258 3126 um
1288 3069 1460 3143 iniquitates
1488 3072 1604 3125 nostras
1633 3062 1768 3123 retribuit

1015 3157 1052 3199 no
1075 3158 1111 3197 is.

943 3272 1024 3329 nium
1038 3274 1116 3330 uenit
1129 3277 1253 3345 paetum.
1269 3272 1383 3339 Quibus
1398 3287 1464 3329 cum
1480 3270 1554 3327 nibil
1578 3268 1618 3327 sit
1632 3269 1709 3341 quod
1724 3283 1767 3324 re·

943 3345 1087 3418 spondeat
1102 3344 1163 3401 sive
1177 3345 1207 3400 in
1223 3344 1420 3413 Hebraeo‚sive
1434 3343 1512 3416 apud
1529 3342 1666 3413 antiquos
1682 3341 1771 3396 intor-

943 3420 1051 3489 pretes,
1067 3432 1191 3500 pronum
1208 3420 1254 3471 eat
1267 3416 1528 3488 opinari‚eJusdem
1545 3414 1573 3469 in
1590 3418 1769 3495 sacretcxtu

944 3492 1099 3545 sententia
1117 3487 1273 3558 glossema,
1299 3489 1359 3544 sive
1383 3487 1470 3543 aliam
1498 3486 1574 3541 inter
1596 3488 1769 3540 rotationem

943 3560 1020 3618 banc
1033 3575 1098 3616 esse
1126 3561 1160 3616 ut
1173 3577 1241 3617 vero
1253 3569 1334 3626 nstin
1350 3574 1466 3626 nomeu,
1479 3559 1556 3629 quod
1576 3503 1771 3628 Riemuymus

946 3632 1035 3688 vertit
1049 3636 1167 3716 tempus,
1180 3633 1278 3689 nescio
1289 3646 1375 3704 quem
1394 3630 1509 3704 proprie
1523 3635 1610 3685 sonat
1624 3644 1769 3683 annorum

61 3701 231 3772 sequimur.
249 3700 380 3773 Denique
395 3701 446 3757 ubi
470 3700 548 3772 apud
578 3705 706 3768 nostros,
731 3707 758 3756 et
774 3702 890 3760 Grecos
944 3704 1068 3769 iluxum,
1084 3719 1144 3759 sivo
1159 3711 1266 3760 cartam
1289 3703 1441 3775 periodum
1467 3718 1518 3771 per
1541 3701 1675 3755 condicta
1696 3704 1769 3754 toui-

60 3769 175 3843 iegitur
191 3787 198 3826 :
217 3772 321 3828 Factus
336 3789 401 3828 aum
417 3773 495 3828 sicut
512 3768 678 3843 nycticorax
689 3771 719 3827 in
730 3773 890 3842 domicilio,
943 3779 1062 3847 porn,ut
1076 3791 1112 3830 ex
1131 3775 1250 3831 Daniele
1265 3791 1323 3830 nou
1335 3790 1394 3830 uno
1410 3775 1440 3829 in
1457 3771 1519 3828 ioco
1531 3769 1769 3842 colligimus.Qui

61 3844 142 3914 spui
158 3841 293 3899 Hebraeos
309 3843 419 3900 dicitur
436 3861 443 3898 ε
461 3844 565 3899 Factus
576 3858 641 3900 sum
653 3844 730 3899 sicut
742 3847 889 3902 noctuain
944 3849 1017 3904 adeo
1030 3850 1139 3919 pactam
1162 3847 1208 3902 hie
1233 3847 1328 3911 vertit,
1355 3861 1411 3901 non
1436 3843 1536 3916 initui,
1560 3849 1588 3897 et
1603 3842 1680 3912 quod
1697 3852 1769 3901 rii-q:

63 3914 210 3972 ruinosis.
225 3914 359 3986 Plerique
375 3915 522 3971 bubonem
538 3913 718 3971 contentiosa
732 3917 889 3985 siguitlcuri
944 3919 975 3976 iii
998 3918 1140 3975 Hebraico
1153 3918 1304 3986 sonat‚eed
1318 3924 1436 3988 pactum
1452 3912 1644 3986 tempus,sive
1658 3912 1769 3967 consti-

63 3990 185 4058 putant.
213 4006 226 4038 s
252 3986 422 4043 Notandum
447 4003 514 4043 vero
530 4002 581 4058 pro
602 3985 746 4044 hodierno
770 3988 890 4046 Hebreo
945 3995 1041 4048 totuin
1057 3990 1140 4047 innui
1157 3989 1368 4045 voluitNotum
1385 3987 1495 4069 qnippe
1510 3989 1566 4054 est,
1580 3985 1641 4039 bno
1657 3983 1767 4041 Psalmi

63 4068 134 4120 Dino
164 4056 257 4128 deiros,
294 4058 505 4131 Hieronymum
545 4057 652 4130 legisse
688 4068 768 4128 bis),
799 4060 890 4130 cetos,
944 4062 1082 4118 verbaed
1100 4061 1321 4131 praedictarum
1341 4064 1518 4125 ieremias.
1541 4072 1597 4112 xxv
1624 4055 1771 4127 ii,iitque

62 4128 249 4198 sivecbsbos,
268 4130 401 4186 utiidem
429 4129 515 4186 nobis
544 4128 657 4185 iaciunt
683 4146 786 4187 omnes
817 4149 889 4190 mss.
945 4133 1015 4192 aiibi
1031 4149 1176 4189 annorum
1192 4135 1342 4204 periodum
1359 4130 1471 4196 rcl'arri,
1492 4146 1550 4201 quo
1575 4131 1765 4184 exactutcin·

62 4201 183 4258 codices
196 4200 325 4272 epistole
335 4201 397 4273 jam
413 4200 497 4257 dicte
513 4201 549 4256 ad
564 4202 658 4257 Sunii.
681 4208 710 4258 et
727 4203 844 4272 lieret,
860 4206 890 4261 in
944 4205 1024 4280 poris
1040 4204 1186 4275 spatione
1201 4203 1397 4261 instauranda
1410 4203 1478 4259 Sion
1495 4202 1616 4269 urbo,ec
1627 4198 1768 4280 solvenda

63 4289 126 4344 qua
138 4276 169 4328 8.
188 4272 291 4330 Doctor
304 4273 401 4344 vertit,
416 4272 487 4329 iiiiut
501 4276 601 4329 noctua
615 4274 645 4327 in
660 4275 795 4345 ruinosis,
812 4277 890 4349 quod
945 4276 1115 4349 captivitate
1127 4277 1306 4349 promissum
1317 4274 1402 4332 aDeo
1418 4276 1511 4330 iuerat
1521 4276 1549 4328 et
1563 4275 1769 4328 constitutum.

61 4343 112 4400 iiic
128 4342 159 4400 iu
179 4344 320 4401 Pselterio
344 4345 566 4416 interpretatur,
590 4344 661 4400 sicut
682 4345 750 4402 bubo
765 4347 892 4405 solitudi·
945 4348 1085 4406 Hebraeus
1098 4364 1214 4420 quoque
1229 4347 1404 4404 scholiastes
1425 4363 1459 4402 au
1485 4362 1516 4401 ra
1538 4344 1574 4401 ad
1589 4341 1667 4399 Psal.
1685 4358 1769 4409 cxiv,

66 4432 149 4472 sum.
167 4415 254 4473 Plura
268 4417 303 4473 de
318 4419 369 4473 llos
383 4421 413 4473 et
428 4417 495 4472 diros
512 4416 541 4471 in
567 4417 807 4476 adnotationibus
820 4427 889 4477 Pro·
947 4439 973 4476 v.
989 4424 1015 4483 2,
1031 4421 1186 4476 condictum
1201 4418 1386 4490 interpretari
1400 4362 1594 4474 iliuifnomen
1614 4414 1716 4471 voluit.
1747 4485 1753 4497 1

65 4487 165 4545 dromi
181 4489 317 4546 curiosus
332 4489 423 4545 lector
442 4488 579 4543 inveniet.
594 4488 684 4544 ilias.
705 4521 739 4528 —
757 4491 787 4546 ln
803 4493 890 4564 epist.
908 4459 930 4522 D
983 4492 1041 4548 ‘in
1056 4497 1172 4548 Curione
1193 4490 1432 4556 Carcuaeoncnsi,
1457 4489 1547 4570 inque
1571 4487 1688 4543 duobus
1703 4485 1772 4543 aliis

63 4576 158 4632 queiii
171 4564 200 4617 st
215 4560 350 4618 liertiae.
366 4560 479 4626 laudat,
494 4560 529 4615 ad
545 4560 688 4615 sunniam
703 4566 733 4615 et
748 4562 891 4621 Freteium
949 4582 1034 4629 mss,
1060 4565 1201 4619 Vaticano
1225 4568 1254 4618 et
1276 4570 1304 4617 tt.
1331 4559 1493 4628 Michaelis,
1517 4576 1592 4630 quos
1615 4566 1770 4615 Carcasso·

64 4632 211 4702 probasse
229 4632 343 4689 videtur
365 4631 470 4703 magis,
494 4633 564 4687 sicut
586 4636 687 4688 vinctim
703 4635 731 4689 in
759 4638 892 4692 nutrioris.
950 4636 1050 4691 nensis
1066 4635 1258 4707 pedissequos
1271 4632 1528 4697 uoiiiiuanius,boc
1544 4630 1629 4687 inodo
1645 4629 1770 4703 legitur:

64 4700 265 4761 Nibiioaeoius
280 4720 403 4778 arguere
416 4720 451 4759 ux
465 4703 567 4760 eadem
587 4702 665 4772 licet,
691 4705 832 4763 maluisse
848 4709 894 4765 iiio
948 4711 1089 4780 Quoniam
1102 4708 1266 4778 placuerant
1280 4709 1365 4762 seruis
1381 4706 1437 4760 titii
1454 4702 1558 4773 lapidei
1581 4704 1649 4767 e'us,
1665 4705 1690 4758 et
1704 4704 1770 4774 pui-

66 4775 99 4833 S.
116 4779 313 4847 interpretem
333 4781 453 4847 recepta
474 4774 585 4847 passim
600 4775 730 4846 opinioni
746 4779 893 4849 assentiri,
948 4779 1011 4837 ueri
1024 4780 1083 4849 ejas
1107 4778 1318 4834 miserebantur.
1345 4780 1442 4831 Canon
1467 4780 1566 4832 tamen
1591 4720 1673 4848 legit,
1687 4778 1772 4831 seruis

67 4845 221 4915 siquidem
236 4847 329 4917 addit,
346 4846 473 4918 Plerique
486 4846 622 4902 bubonem
636 4849 896 4922 contentioieaiqni·
944 4851 1013 4924 jair,
1029 4866 1082 4921 pro
1096 4852 1167 4906 scrut
1180 4852 1231 4905 tvi.
1253 4849 1348 4905 Mser.

65 4920 154 4990 decri
165 4924 278 4990 putant.
299 4918 382 4989 Vide,
398 4919 423 4974 si
450 4918 532 4975 libet.
558 4933 622 4989 qua
646 4918 683 4973 ad
705 4935 772 4975 euin
797 4921 894 4979 iocum
984 4922 1126 4991 'Reginis
1144 4937 1214 4978 mss.
1234 4938 1240 4975 :
1259 4922 1367 4982 Dicam,
1385 4918 1500 4974 Domine
1515 4918 1586 4972 oeni
1600 4933 1688 4977 meus.
1703 4919 1772 4984 ote,

66 4991 272 5048 observamus.
950 4998 979 5051 et
994 4993 1176 5049 cisterciens.
1194 5008 1201 5049 :
1217 4995 1247 5047 in
1261 4991 1376 5048 dimidio
1390 4988 1498 5045 dierum
1510 5006 1642 5051 meorum,
1659 4994 1713 5043 otc.

103 5062 204 5119 ¹'ires
215 5079 298 5131 msa,
313 5059 551 5125 Carcassonenai,
566 5058 738 5131 Vaticanus,
753 5066 782 5117 at
796 5065 823 5116 8.
841 5062 896 5120 iii·
986 5067 997 5101 ⁸
1014 5065 1066 5122 tis.
1082 5064 1268 5131 Cisteroiens,
1284 5065 1341 5135 ipsi
1356 5061 1465 5118 Dauid:
1481 5066 1543 5117 tum
1561 5060 1655 5132 primo
1670 5057 1773 5115 atatim

67 5133 193 5199 abaelis,
209 5134 393 5190 smatumbrc
410 5133 555 5188 inclinato.
571 5135 663 5188 Mser.
950 5136 1039 5193 verbo
1055 5138 1219 5194 benedicam
1235 5153 1286 5208 pro
1303 5133 1427 5191 itenedic.
1666 5200 1672 5211 .
1771 5202 1776 5211 Ι

103 5204 443 5262 ⁸(lenouidemmienus
466 5220 533 5259 cum
557 5203 647 5273 Regio
671 5220 703 5258 ac
729 5204 896 5261 Corbeiansi
986 5208 1092 5263 'idem
1109 5226 1163 5264 ins.
1187 5207 1486 5280 propitiiibitur:tum
1515 5218 1566 5273 pro
1591 5201 1712 5257 relativo
1728 5216 1775 5271 qm

68 5277 295 5349 manuscriptis,
311 5280 442 5349 quoniam
455 5275 530 5331 uenit
544 5282 660 5346 tempas,
677 5279 808 5347 quonium
822 5281 898 5335 venir
953 5279 1162 5352 subsequentis
1178 5297 1210 5337 ac
1225 5280 1305 5337 tertii
1331 5280 1367 5335 ab
1383 5277 1437 5333 hoc
1460 5290 1561 5330 versus
1586 5281 1613 5330 st
1638 5272 1775 5345 copulam

66 5354 195 5423 pactum.
220 5350 260 5406 ita
286 5364 403 5421 quoque
427 5347 571 5419 scriptum
595 5352 657 5402 eret
672 5347 700 5401 in
723 5347 898 5407 carnutensi
953 5353 1047 5425 ponit.
1755 5414 1761 5427 ι

70 5426 139 5478 ente
155 5422 221 5493 ejus
236 5421 482 5477 emendationem.
495 5422 526 5475 ln
541 5418 660 5474 liebrieo
675 5418 749 5476 niiiil
763 5424 897 5493 estquod
987 5426 998 5457 ⁸
1014 5422 1087 5478 liele
1103 5421 1354 5483 Carcaseonensie,
1373 5418 1580 5485 dictaminum,
1593 5420 1683 5486 itque
1699 5413 1781 5471 Vati-

68 5497 168 5550 iaseat
182 5491 252 5548 huic
263 5490 479 5566 geminationi:
499 5490 575 5545 uude
591 5494 732 5557 taniiuaiii
749 5498 899 5563 superiliia
953 5513 1045 5551 canna
1071 5512 1142 5550 insa.
1174 5494 1299 5549 retinent
1321 5506 1478 5565 proiioineii
1507 5488 1608 5569 primae
1635 5504 1778 5556 persuum,

68 5563 239 5635 abjicientis
249 5570 316 5630 est,
332 5568 361 5619 st
373 5564 429 5620 nisi
447 5560 529 5617 fallat
545 5578 598 5617 nos
613 5560 839 5635 opinio.dupiex
852 5568 898 5622 bic
953 5572 1080 5623 inuentus
1094 5583 1153 5621 ineo
1170 5584 1178 5619 :
1195 5566 1250 5621 nisi
1280 5566 1474 5629 iiieruiipinus
1496 5560 1599 5638 legerit
1614 5557 1686 5613 iorto
1701 5568 1779 5623 titus

68 5635 302 5709 edmtejmuem
314 5640 412 5692 textus
427 5632 770 5704 Hebraiciiuterpretatio
784 5639 897 5695 Lutiiin.
954 5640 1054 5693 narii-iii
1070 5655 1121 5709 pro
1138 5637 1397 5697 testinnonium:
1423 5632 1581 5699 irini-nati,
1599 5631 1675 5713 quud
1694 5630 1782 5687 babet

68 5709 170 5765 Hiar.
183 5738 219 5749 -
235 5707 363 5765 iiterum
380 5707 468 5763 hoece
480 5705 699 5761 hemistichium
712 5723 777 5762 curii
795 5710 898 5780 nostri,
955 5712 1073 5766 uiiixuiii
1085 5711 1219 5764 secunda
1232 5725 1361 5777 personna
1373 5704 1520 5760 taminiam
1535 5700 1653 5759 ouiniod
1673 5717 1782 5775 perago

71 5786 139 5839 tum
154 5776 270 5853 aliquot
282 5795 372 5853 penes
388 5778 526 5837 bientiae.
544 5792 628 5847 mss,
645 5776 693 5834 bic
709 5778 901 5856 adduntque·
954 5783 1030 5856 gico,
1048 5785 1080 5838 ut
1094 5780 1162 5839 aiibi
1179 5784 1208 5837 in
1227 5780 1362 5848 Psalmis,
1379 5790 1463 5836 more
1476 5778 1626 5849 Syrorum.
1643 5775 1736 5833 Mser.
