3870 6120
105 234 164 291 357
411 292 414 299 ,
818 238 925 292 tinea
943 238 1110 295 navim.
1762 194 1815 296 358
1908 254 1911 261 ·

105 377 227 437 quoqne
242 361 279 419 de
293 361 436 433 sanguine
449 358 546 428 vituli,
563 364 592 416 et
604 364 740 433 asperget
761 375 851 431 super
874 376 939 431 pro·
953 364 979 428 Α
994 361 1817 437 vobisboclegitimumsempiternum.(G.XXlllll.llcnse
1916 400 1922 407 -

104 452 295 524 pitiatorium
323 450 359 507 ad
388 450 558 518 Orientem,
577 454 606 506 et
620 465 720 507 coram
735 448 939 521 propitiatorio
997 450 1817 527 septimo,decimadiemensis,alssigetisanimasvestras

104 544 246 613 asperget
260 540 381 613 septies)
397 542 498 595 eontra
518 536 762 610 propitiatorium
785 537 820 593 ad
842 536 940 592 Orien·
996 538 1169 609 nullumque
1181 540 1292 595 iacietis
1307 556 1392 612 opus,
1403 542 1617 614 sireindigenn,
1629 542 1817 613 siveadvcne,

108 634 183 685 tem.
200 629 333 700 Cumque
347 628 521 684 mactaverit
536 627 651 683 bircum
678 642 730 697 pro
754 630 873 697 peccato
892 641 942 696 po·
997 628 1047 698 qui
1063 629 1266 700 peregrinatur
1280 626 1358 686 inter
1369 648 1431 689 ros.
1450 632 1482 687 ln
1497 631 1552 688 bac
1563 633 1750 705 discxpiatio
1764 632 1820 689 erit
1926 667 1933 685 r

111 715 592 790 puli,inierretsanguinemejus
621 714 699 794 intra
726 713 835 783 velum,
865 715 944 770 sicut
996 717 1096 787 vestri,
1113 723 1202 789 atque
1217 718 1369 774 mundatio
1381 720 1418 775 ab
1429 721 1568 776 omnibus
1579 721 1819 792 peccatisnostris

111 811 293 879 preceptum
308 811 354 861 est
373 805 410 861 dc
433 803 578 877 sanguine
603 802 699 869 vituli,
724 807 756 859 ut
779 806 944 876 aspergate
997 820 1105 860 eoram·
1124 805 1245 863 Domino
1269 807 1279 841 ¹
1301 807 1528 865 mundabimini.
1553 809 1715 865 Sabbatum
1739 808 1818 866 enim

112 896 234 968 regium
248 892 361 951 oraculi
377 892 418 964 pb.
431 898 463 947 ut
475 896 612 965 aspergat
626 907 660 947 eo
673 908 762 964 super
776 891 944 964 propitiato·
998 893 1428 967 requietionisest,etallligetis
1439 896 1824 970 animassestruereligione

113 984 337 1040 riumeteoram
350 980 576 1053 propitiatorio),
589 985 618 1037 et
628 980 724 1052 expiet
741 980 943 1037 sanemarium
999 986 1156 1055 perpetus.
1182 983 1318 1056 llxpiabit
1341 988 1440 1040 autern
1464 985 1613 1055 sacerdos,
1637 985 1689 1057 qui
1713 990 1823 1042 unctus

112 1067 944 1139 sbimmunditiisflliorumlsrael,etprevaricationibus
999 1069 1379 1142 luerit,etcnjusinitiats
1396 1088 1515 1144 manus,
1531 1078 1564 1130 ut
1577 1073 1740 1130 sacerdotio
1752 1074 1821 1130 lun·
1913 1068 1916 1073 ’

113 1176 231 1227 sorum,
247 1159 421 1230 cunctisque
438 1157 576 1231 peccatis.
591 1158 680 1214 Juxta
694 1158 773 1213 bunc
796 1155 884 1212 ritum
900 1157 944 1211 la·
999 1163 1086 1231 gutur
1110 1176 1162 1232 pro
1191 1165 1362 1234 patrssuo:
1388 1162 1586 1234 indueturque
1614 1160 1821 1218 stolalineset
1911 1152 1915 1163 '

112 1248 171 1306 cist
185 1248 380 1305 tabernaculo
393 1250 402 1284 ¹
418 1247 591 1312 testimonii,
607 1246 686 1317 quod
701 1246 791 1301 tirum
809 1250 854 1301 est
868 1244 945 1301 inter
999 1249 1131 1306 vestibus
1146 1248 1268 1318 sanctis,
1284 1253 1313 1305 et
1328 1250 1457 1322 expiabit
1472 1250 1676 1307 sanctuarium
1691 1252 1825 1308 sttsbsr-

116 1353 169 1394 eos
180 1337 212 1393 in
229 1337 325 1394 medio
340 1337 473 1393 sordium
489 1335 681 1392 habitationis
700 1351 812 1391 eorum.
841 1333 946 1403 Nullus
1000 1337 1307 1393 naculumtestimonii
1318 1337 1826 1411 atquealtars,sacerdotesquoque

113 1426 274 1484 bominum
291 1426 331 1482 sit
345 1426 375 1481 in
390 1424 582 1481 tabernaculo
606 1423 769 1480 testimonii
784 1423 805 1489 ²,
829 1422 946 1495 quando
1001 1429 1030 1480 et
1044 1424 1214 1481 universnm
1230 1425 1384 1498 populum.
1414 1426 1534 1499 llritque
1548 1426 1602 1484 boc
1629 1427 1715 1483 robis
1729 1426 1826 1498 legiti-

117 1515 252 1588 pontiiex
266 1513 433 1585 ingreditur
445 1513 476 1569 in
491 1512 707 1579 sanctuarium,
733 1516 766 1567 ut
795 1515 877 1584 roget
895 1526 948 1583 pro
1001 1529 1083 1569 mum
1099 1513 1324 1586 sempiternum,
1347 1518 1380 1570 ut
1399 1514 1829 1588 oretisprofiliislsrael,stpro

117 1620 152 1660 se
166 1608 196 1660 st
211 1619 264 1675 pro
279 1603 367 1659 domo
382 1618 447 1669 sua,
463 1605 492 1659 et
506 1618 558 1674 pro
585 1601 720 1658 universo
745 1606 821 1657 costa
846 1598 946 1666 lsrael,
1002 1598 1117 1656 cunctis
1136 1600 1262 1671 peccatis
1277 1617 1379 1658 sorum
1396 1601 1487 1659 semel
1502 1602 1533 1658 ia
1548 1618 1636 1660 anno.
1649 1603 1728 1661 Fecit
1738 1603 1830 1675 igitur

119 1693 215 1750 donec
230 1692 410 1765 egrediatur.
435 1694 508 1748 cum
534 1700 632 1747 autem
659 1690 760 1746 exierit
784 1688 819 1745 ud
845 1687 946 1755 altare,
964 1731 988 1796 B
1005 1689 1083 1744 sicut
1108 1692 1284 1761 praeeperat
1299 1689 1442 1746 Dominus
1458 1690 1543 1747 illusi.

122 1782 319 1855 quoduoram
336 1778 949 1852 bomincest,oretprose⁸,etsumptum
1041 1776 1082 1848 (T.
1099 1775 1133 1844 X,
1149 1776 1179 1833 C.
1195 1777 1300 1849 xxix,
1316 1778 1381 1850 Cap.
1399 1777 1497 1850 XVll.)
1511 1778 1546 1835 bt
1567 1778 1683 1837 locutus
1706 1788 1750 1837 est
1771 1784 1830 1836 Do·
1893 1842 1897 1851 ,

123 1870 303 1942 sanguinem
318 1868 405 1924 vituli
420 1873 507 1941 utque
523 1867 596 1924 hirei
613 1866 717 1923 fundat
732 1882 822 1939 super
843 1882 953 1922 cornus
1005 1866 1154 1922 minusad
1171 1866 1281 1935 Mosen,
1298 1866 1419 1922 dicans:
1436 1866 1569 1938 Loquere
1592 1870 1688 1924 Aaron
1708 1871 1738 1924 et
1760 1866 1830 1925 filiis

127 1961 192 2030 ejus
219 1973 272 2029 per
298 1972 426 2030 gyrum:
454 1960 650 2029 aspergatque
675 1954 766 2028 digito
791 1954 911 2027 septies,
927 1957 956 2009 et
1004 1955 1080 2026 ejus,
1096 1958 1125 2010 st
1140 1954 1254 2010 cunctis
1269 1953 1339 2011 liliis
1355 1955 1457 2025 lsrael,
1473 1961 1503 2010 et
1526 1955 1607 2012 dices
1631 1959 1667 2012 ad
1690 1970 1750 2014 eos:
1773 1958 1830 2013 late

125 2047 301 2119 purillcetet
315 2043 557 2101 sanctificetillud
572 2044 608 2100 ab
618 2043 816 2100 immunditiis
825 2042 953 2098 liliorum
1006 2051 1050 2099 est
1062 2058 1170 2114 sermo,
1186 2059 1273 2114 quam
1290 2043 1443 2099 mundavit
1465 2043 1619 2115 Dominus,
1631 2043 1731 2102 dicens
1746 2063 1754 2102 r
1772 2044 1831 2101 llo·

128 2135 230 2193 lsrael.
247 2137 410 2205 Postquam
426 2132 630 2189 emundaverit
643 2132 857 2201 sanctuarium,
869 2135 898 2187 et
909 2135 956 2187 ta·
1006 2146 1054 2187 mo
1070 2130 1194 2204 quilibet
1208 2132 1243 2187 de
1259 2130 1455 2202 domolsrael,
1472 2131 1496 2187 si
1507 2131 1646 2188 occiderit
1656 2133 1769 2201 bovem,
1781 2137 1833 2190 aut

130 2222 337 2292 lernaenlum,
353 2226 384 2278 et
399 2221 577 2288 altare‚tnnc
592 2221 695 2277 ollerat
715 2219 832 2276 hircum
855 2219 954 2275 viven-
1007 2235 1099 2288 ovem,
1125 2221 1185 2275 sire
1201 2235 1333 2292 capram,
1351 2219 1380 2275 in
1396 2221 1514 2288 castris,
1529 2220 1574 2276 vsl
1590 2224 1672 2278 extra
1694 2226 1835 2290 castrs,et

131 2318 202 2379 tem,
217 2317 247 2368 et
263 2312 360 2385 posits
375 2310 957 2383 utraquemanusupercaputejuspon·
1008 2324 1066 2363 nou
1084 2306 1224 2364 obtulerit
1247 2308 1283 2365 sd
1304 2308 1415 2366 ostium
1440 2308 1625 2366 tabernaculi
1653 2309 1833 2367 oblationem

131 2397 958 2470 bteaturemnesiniquitatcsllliorumlsrael,etuoiversa
1009 2396 1145 2464 Domino,
1162 2396 1318 2468 sanguinis
1334 2414 1402 2453 reus
1415 2397 1480 2453 erit:
1497 2398 1584 2471 quasi
1598 2400 1776 2471 sanguinem
1792 2399 1835 2454 lu·

132 2491 239 2547 delicta
254 2494 345 2559 atque
357 2494 475 2560 paccata
490 2504 601 2544 eorum:
618 2504 681 2559 qua
692 2487 860 2559 imprecans
871 2484 958 2557 capiti
1010 2486 1095 2554 derit,
1111 2484 1153 2541 sic
1168 2485 1275 2558 peribit
1289 2486 1325 2541 de
1342 2486 1436 2543 medic
1453 2485 1552 2559 populi
1564 2486 1621 2543 sui.
1650 2488 1718 2544 ldeo
1731 2488 1835 2545 cllerrc

134 2580 208 2651 ejus,
220 2577 338 2635 emittet
351 2576 436 2632 illum
453 2592 505 2649 per
519 2575 669 2632 bominem
690 2579 836 2646 paratum,
861 2572 890 2628 in
907 2573 958 2628 de·
1010 2573 1119 2628 debent
1134 2571 1279 2629 secerdoti
1293 2571 1346 2629 lilii
1362 2574 1451 2629 lsrael
1467 2574 1580 2631 hostias
1595 2591 1753 2647 suas,quas
1764 2576 1836 2633 occi·

137 2663 699 2737 sertum.Cumqusportaverithircus
722 2679 825 2723 omnes
849 2660 960 2733 iniqui·
1011 2660 1086 2717 dunt
1116 2660 1145 2716 in
1174 2676 1255 2734 agro,
1280 2665 1313 2716 ut
1341 2660 1565 2719 sanctificentur
1592 2664 1743 2721 Domino⁸
1767 2670 1836 2722 ante

139 2761 320 2812 istessorum
332 2753 362 2808 in
374 2758 483 2809 terram
496 2751 669 2823 solitariam,
682 2751 863 2807 etdimissos
873 2748 961 2807 suerit
1012 2750 1122 2807 ostium
1137 2748 1322 2806 tabernaculi
1336 2750 1511 2820 testimonii,
1526 2750 1718 2816 stimmolent
1728 2767 1778 2808 eas
1787 2752 1839 2809 ho·

139 2845 166 2901 in
181 2846 311 2911 deserto,
329 2845 489 2899 revertetur
505 2845 600 2899 Aaron
616 2838 647 2896 in
670 2838 893 2896 tabernaculum
914 2840 960 2894 te·
1012 2839 1085 2897 stiae
1096 2839 1835 2914 psciflcssDomino.l'undatquesacerdossangui-

139 2932 284 3002 stimonii,
295 2935 324 2987 st
338 2928 828 3003 depositisvestibusqnibusprius
839 2927 962 2984 indutus
1014 2944 1081 2985 nem
1097 2943 1186 3001 super
1201 2927 1292 2985 altare
1306 2928 1422 2986 Domini
1449 2930 1485 2985 ad
1516 2930 1625 2987 ostium
1650 2930 1834 2987 tabernaculi

139 3028 198 3080 erat
216 3037 286 3078 cum
302 3020 427 3077 intraret
441 3019 654 3087 sanctuarium,
668 3017 834 3090 relictisque
858 3017 899 3072 ibi
919 3015 961 3072 la·
1013 3017 1187 3084 testimonii,
1202 3021 1231 3074 et
1245 3016 1373 3074 adolebit
1388 3017 1504 3091 adipem
1517 3018 1548 3074 in
1562 3018 1682 3076 odorem
1703 3020 1834 3077 suavita·

138 3113 215 3171 rabit
228 3127 350 3169 cunam
366 3126 451 3168 suam
467 3110 498 3166 in
513 3108 697 3180 locosancto,
708 3108 906 3181 indueturque
916 3095 997 3164 vel}
1016 3107 1056 3164 tis
1066 3106 1203 3163 Domino:
1218 3111 1247 3162 et
1260 3122 1449 3179 nequaquam
1463 3105 1541 3164 altra
1561 3106 1759 3165 immolabunt
1783 3109 1835 3167 bo·

140 3201 269 3260 sumenti
303 3199 376 3256 suis.
392 3199 428 3255 ut
441 3202 598 3272 postquem
614 3213 752 3271 egressus
763 3194 962 3254 obtuleritbo·
1015 3196 1089 3252 etiae
1103 3211 1172 3253 suas
1188 3195 1382 3266 demonibus,
1397 3211 1466 3252 cum
1476 3195 1586 3267 quibus
1605 3196 1740 3254 fornicati
1750 3202 1831 3258 sunt.

141 3294 301 3349 locsustun
333 3304 406 3345 uum
420 3302 454 3344 ac
464 3286 760 3360 plebis,rogabittam
770 3302 822 3359 pro
831 3301 862 3342 se
873 3301 962 3356 quam
1018 3285 1838 3360 Legitimumsempiternumeritillisetposteriasorum,
1925 3332 1928 3337 .

144 3397 189 3455 pro
203 3374 963 3453 populo:etsdipem,quioblatosestpropeccstis,
1018 3375 1102 3433 Etad
1119 3375 1200 3448 ipsos
1215 3375 1315 3431 dices:
1332 3374 1424 3433 Homo
1439 3376 1576 3433 dedomo
1592 3374 1718 3433 lsraelet
1732 3378 1768 3434 de
1787 3378 1839 3434 sd·
1931 3442 1934 3451 ¹

144 3469 270 3527 adolebit
284 3462 539 3539 superaltsre.llle
549 3480 615 3520 vero
627 3464 678 3535 qui
688 3462 833 3519 dimiserit
843 3478 965 3535 caprum
1018 3463 1100 3521 venis
1124 3464 1176 3536 qui
1192 3463 1415 3538 peregrinantur
1438 3465 1517 3537 apud
1540 3481 1602 3534 vos,
1628 3464 1679 3537 qui
1703 3465 1842 3524 obtulerit

146 3555 334 3616 emissarium
351 3553 392 3621 lin
411 3553 511 3610 Latino
530 3552 632 3621 babet,
656 3552 838 3609 emissarius:
866 3551 895 3606 in
911 3551 966 3607 lle·
1020 3550 1662 3621 holocaustumsivevictimam,etadostium
1671 3555 1842 3612 tabernacu-

147 3650 219 3704 brao
234 3646 338 3711 babet,
353 3643 390 3699 ed
405 3640 505 3698 tumel
517 3641 595 3713 quod
611 3639 806 3713 interpetatur
818 3639 966 3711 crudelis),
1021 3641 1041 3696 li
1057 3639 1219 3697 testimonii
1237 3657 1294 3697 non
1311 3640 1465 3697 adduxerit
1477 3656 1555 3707 eam,
1572 3646 1604 3698 ut
1622 3641 1764 3699 offeratur
1783 3643 1841 3700 llo·

146 3732 778 3801 lavabitvcstimentasuaetcorpusaqua,
803 3732 832 3783 et
857 3728 899 3784 sic
923 3728 967 3783 in·
1023 3729 1316 3800 mino,interibitde
1345 3730 1534 3802 populosae.
1563 3729 1720 3803 (QXXX.)
1748 3729 1841 3788 Homo

146 3824 293 3898 grediatur
307 3821 337 3877 in
352 3823 459 3876 castra.
475 3818 610 3874 vitulum
625 3821 724 3874 nutem
742 3821 771 3872 et
786 3814 969 3889 bircum,qui
1024 3817 1146 3891 quilibet
1159 3819 1196 3874 de
1210 3819 1297 3874 domo
1313 3817 1401 3874 lsrael
1415 3822 1444 3874 st
1458 3819 1493 3874 de
1508 3818 1627 3875 advenis
1642 3819 1692 3889 qui
1716 3819 1844 3891 peregri·

146 3930 193 3986 pro
208 3915 330 3985 peccato
346 3909 462 3965 fuerant
477 3905 634 3972 immolati,
650 3908 679 3962 et
701 3921 827 3978 quorum
844 3904 967 3978 sanguis
1023 3911 1133 3964 nentur
1147 3906 1223 3963 inter
1235 3923 1286 3963 vos
1301 3907 1321 3977 ⁷,
1338 3906 1362 3962 si
1378 3907 1537 3963 comederit
1551 3907 1738 3980 sanguinem,
1754 3907 1842 3963 obfir-

147 4000 242 4058 illatus
271 4003 318 4055 est
344 4042 353 4067 ,
385 3996 461 4052 utin
493 3995 661 4052 sanctuario
689 3993 817 4066 expiatio
838 3991 967 4065 comple·
1022 3994 1228 4052 maboiacism
1244 3992 1707 4059 meameontruanimamillius‚
1733 3998 1762 4051 st
1782 3994 1843 4052 dis·

147 4097 233 4159 retur,
249 4087 447 4160 asportabunt
461 4084 540 4140 toras
555 4088 661 4153 castra,
678 4092 706 4139 et
722 4083 897 4139 comburent
906 4080 967 4154 igni
1021 4085 1142 4158 perdum
1158 4098 1221 4139 eum
1233 4084 1268 4138 de
1283 4082 1392 4155 populo
1407 4099 1472 4151 suo,
1488 4083 1558 4155 quia
1572 4082 1672 4140 anima
1693 4082 1790 4140 carnis
1812 4082 1843 4140 iu
1891 4120 1896 4127 -

146 4184 200 4237 tam
216 4176 309 4251 pelles
324 4190 412 4248 quam
430 4188 533 4230 carnes
545 4188 647 4230 eorum
665 4176 695 4228 et
712 4172 817 4228 limum
834 4188 841 4228 :
858 4175 887 4227 et
902 4170 967 4242 qui·
1022 4173 1166 4245 sanguine
1180 4176 1240 4228 est:
1258 4175 1370 4244 clergo
1387 4170 1452 4227 dedi
1468 4171 1653 4239 illumvebis,
1666 4170 1846 4246 utsupsrsl·

147 4284 261 4340 cunque
275 4264 473 4323 combusserit
486 4279 530 4333 cs,
546 4261 656 4319 lavabit
669 4264 844 4319 vestimenta
863 4277 916 4316 sua
940 4263 969 4314 ct
1020 4265 1084 4317 tare
1098 4261 1135 4337 in¹
1157 4277 1191 4317 eo
1206 4260 1329 4332 expietis
1355 4275 1407 4333 pro
1424 4259 1580 4317 animabus
1594 4260 1711 4329 vestris,
1727 4265 1756 4318 et
1775 4276 1845 4319 san·

148 4375 261 4416 earnem
278 4373 366 4428 aqua,
382 4354 468 4412 etsie
483 4353 667 4426 ingredietur
681 4352 712 4408 in
727 4356 833 4410 castra.
846 4350 967 4422 llritqus
1021 4350 1088 4424 guis
1102 4365 1155 4421 pro
1165 4348 1269 4405 anima
1281 4347 1452 4421 piaculosit.
1466 4349 1577 4406 ideirco
1588 4348 1648 4405 dixi
1663 4349 1733 4407 tiliis
1744 4348 1845 4407 lsrael:

985 4463 1008 4529 b

182 4558 191 4593 ¹
208 4553 335 4612 llrbinas
348 4567 417 4621 ms,
430 4551 461 4607 in
486 4550 673 4617 tabernaculo,
700 4547 778 4604 baud
801 4549 873 4605 bens
890 4564 897 4603 :
915 4545 968 4630 ¹sed
1058 4544 1250 4628 ‘Codanus
1268 4544 1363 4600 sancti
1377 4544 1527 4601 Germani.
1543 4561 1627 4627 num..
1643 4545 1671 4612 3,
1695 4554 1728 4602 ut
1741 4544 1850 4617 scarifi-

149 4642 213 4684 mox
228 4634 339 4683 temere
350 4624 446 4695 magis
461 4622 643 4678 Veronenses
660 4621 834 4676 membrana
848 4621 970 4673 sortium
1023 4621 1084 4673 tent
1109 4617 1235 4682 Damone,
1264 4620 1319 4671 ete.
1351 4617 1383 4672 ln
1414 4617 1535 4672 chraee
1566 4615 1693 4687 legimus
1722 4624 1846 4679 natust.

148 4715 199 4772 pro
212 4694 663 4762 sordium,contrasacritextus
685 4692 772 4748 fldem
795 4690 968 4748 obtrudunt.
1023 4687 1179 4753 ortelium,
1197 4697 1224 4743 et
1243 4686 1381 4743 adducent
1408 4704 1452 4743 ea.
1481 4688 1593 4744 Sensus
1616 4693 1671 4756 est,
1700 4690 1849 4746 adducant

180 4767 313 4826 avarem
328 4765 487 4823 testimonii
499 4765 547 4821 bic
561 4766 684 4821 reticent
708 4763 801 4819 nostri
818 4776 888 4818 mss.
906 4759 971 4816 vul·
1024 4760 1077 4844 tilii
1092 4758 1181 4843 lsrael
1197 4757 1332 4814 victimas
1347 4774 1416 4845 aeas
1430 4759 1469 4841 ad
1478 4758 1587 4815 ostium
1601 4759 1795 4827 tabernaculi,
1816 4762 1850 4815 ut

150 4840 208 4915 gali
233 4857 270 4897 ue
283 4837 363 4907 libri,
380 4854 444 4910 qua
460 4841 558 4893 tamen
571 4837 601 4891 in
612 4836 732 4919 llsbrrso
747 4837 792 4890 ast
807 4842 892 4899 'tittm-
1024 4832 1065 4888 rbi
1077 4830 1284 4902 concrementur
1301 4831 1429 4901 Domino,
1445 4846 1506 4886 stae
1517 4828 1733 4905 offerenturper
1743 4844 1850 4889 manus

181 4857 403 4992 ⁸iiliequoque
427 4907 509 4966 addit
535 4907 711 5033 &alatrum
733 4906 969 5030 provdcmosuo,
1025 4901 1335 5031 sagelrtdotumbsgar.
1429 4971 1452 5027 u
1507 4976 1524 5023 q
1564 4973 1587 5029 G
1694 4972 1700 4984 Ι
1796 4972 1807 5025 t
1843 4968 1849 4982 .

148 4979 970 5123 erirrlzlcttzterleeillustraret?
1025 4992 1136 5102 isselt
1152 4989 1432 5112 ltlltlrltt
1446 4984 1852 5117 llaell⁸lta⁰ttlt

147 5125 300 5199 wdiqito
315 5122 583 5195 septicactcapiet,
607 5131 634 5179 et
657 5119 822 5191 sanctificat.
848 5118 970 5201 Palatiu.
1025 5118 1114 5201 babet
1130 5115 1347 5200 astipulatores:
1364 5115 1443 5184 Lxx,
1457 5114 1563 5200 dbold.
1580 5124 1608 5173 et
1623 5118 1685 5188 Syr.
1713 5112 1850 5185 legebant

149 5214 205 5255 ms.
235 5211 381 5269 asper-acas
401 5211 468 5252 cc...
486 5193 578 5265 expiet
601 5198 631 5250 et
658 5192 857 5273 sanctificetur.
885 5189 971 5273 llrbr·
1024 5206 1054 5270 ¹.¹¹
1064 5187 1509 5272 surseaemplarrbusllabrarers
1519 5182 1852 5269 peripateticorum

148 5272 369 5340 nsspostremo
413 5282 446 5321 oc
475 5282 533 5320 uno
557 5265 644 5321 verbo
670 5264 796 5328 abludit,
808 5261 970 5332 runctrficet.
1025 5260 1267 5316 remedroucstrr.
1284 5259 1340 5315 Alii
1365 5259 1466 5330 legunt
1488 5259 1573 5314 borlre
1595 5262 1679 5328 Juxta
1702 5253 1854 5327 exemplar

181 5341 366 5423 ‘Perperam
381 5337 503 5422 Palatia.
519 5353 574 5392 ms.
590 5336 708 5419 Scepsis
722 5335 887 5437 cblcluscst.
903 5330 974 5458 Veli
1029 5331 1280 5460 Ιῧιεεοτθῑὴατυηι
1316 5339 1411 5393 muln:
1427 5330 1575 5397 bettonem,
1593 5332 1622 5385 in
1635 5328 1722 5384 medic
1748 5342 1855 5385 eorem.

147 5407 562 5550 misticlztcirrrprtgrne'tcizlztt?
590 5418 631 5464 m
660 5424 690 5463 m
714 5417 917 5557 ‘amenum’
943 5419 961 5459 u
1030 5419 1202 5530 -Allgiatin
1219 5489 1274 5528 ms.
1293 5471 1450 5544 pluresque
1465 5469 1514 5526 alii
1527 5469 1609 5554 ‘apud
1627 5468 1759 5527 Martiae.
1776 5472 1852 5529 iser

181 5556 193 5591 ⁸
207 5554 298 5613 ‘l'acet
313 5499 442 5613 urbicas
456 5567 513 5608 me.
528 5550 615 5608 verba
629 5566 723 5607 corum
737 5549 861 5606 Demean.
1028 5563 1083 5618 ecs,
1092 5548 1180 5619 juxta
1194 5545 1281 5602 Hebr.
1300 5553 1398 5606 nulli:
1413 5545 1443 5600 iu
1458 5542 1548 5600 audeo
1562 5557 1668 5599 corum.
