<?xml version="1.0" encoding="UTF-8"?>
<!DOCTYPE html PUBLIC "-//W3C//DTD XHTML 1.0 Transitional//EN"
    "http://www.w3.org/TR/xhtml1/DTD/xhtml1-transitional.dtd">
<html xmlns="http://www.w3.org/1999/xhtml" xml:lang="en" lang="en">
 <head>
  <title>
</title>
<meta http-equiv="Content-Type" content="text/html;charset=utf-8" />
  <meta name='ocr-system' content='tesseract 3.04.00' />
  <meta name='ocr-capabilities' content='ocr_page ocr_carea ocr_par ocr_line ocrx_word'/>
</head>
<body>
  <div class='ocr_page' id='page_1' title='image "./patrologiaecurs13goog_0175.png"; bbox 0 0 3870 6120; ppageno 0'>
   <div class='ocr_carea' id='block_1_1' title="bbox 109 230 1816 299">
    <p class='ocr_par' dir='ltr' id='par_1_1' title="bbox 109 230 1816 299">
     <span class='ocr_line' id='line_1_1' title="bbox 109 230 1816 299; baseline -0.002 -5"><span class='ocrx_word' id='word_1_1' title='bbox 109 234 164 294; x_wconf 72' lang='lat'><strong>8⁴3</strong></span> <span class='ocrx_word' id='word_1_2' title='bbox 631 241 662 295; x_wconf 79' lang='grc'><strong>8.</strong></span> <span class='ocrx_word' id='word_1_3' title='bbox 681 239 886 297; x_wconf 70' lang='lat' dir='ltr'><strong>multotum</strong></span> <span class='ocrx_word' id='word_1_4' title='bbox 904 242 1033 297; x_wconf 75' lang='lat' dir='ltr'><strong>mutua</strong></span> <span class='ocrx_word' id='word_1_5' title='bbox 1051 240 1302 299; x_wconf 70' lang='lat' dir='ltr'><strong>ambrosianos.</strong></span> <span class='ocrx_word' id='word_1_6' title='bbox 1692 230 1699 239; x_wconf 77' lang='grc'><strong>’</strong></span> <span class='ocrx_word' id='word_1_7' title='bbox 1761 230 1816 291; x_wconf 61' lang='lat' dir='ltr'><strong>Sil</strong></span> 
     </span>
    </p>
   </div>
   <div class='ocr_carea' id='block_1_2' title="bbox 106 359 1820 969">
    <p class='ocr_par' dir='ltr' id='par_1_2' title="bbox 106 359 1820 969">
     <span class='ocr_line' id='line_1_2' title="bbox 106 359 1818 437; baseline -0.002 -16"><span class='ocrx_word' id='word_1_8' title='bbox 106 378 227 437; x_wconf 81' lang='lat' dir='ltr'><strong>vespere</strong></span> <span class='ocrx_word' id='word_1_9' title='bbox 239 379 246 420; x_wconf 75' lang='grc' dir='ltr'><strong><em>ε</em></strong></span> <span class='ocrx_word' id='word_1_10' title='bbox 258 380 322 437; x_wconf 83' lang='lat' dir='ltr'><strong>qua</strong></span> <span class='ocrx_word' id='word_1_11' title='bbox 337 364 366 419; x_wconf 91' lang='lat' dir='ltr'><strong>in</strong></span> <span class='ocrx_word' id='word_1_12' title='bbox 383 364 532 437; x_wconf 75' lang='lat' dir='ltr'><strong>sartagine</strong></span> <span class='ocrx_word' id='word_1_13' title='bbox 544 363 607 420; x_wconf 88' lang='lat' dir='ltr'><strong>oleo</strong></span> <span class='ocrx_word' id='word_1_14' title='bbox 621 380 781 436; x_wconf 89' lang='lat' dir='ltr'><strong>conspersa</strong></span> <span class='ocrx_word' id='word_1_15' title='bbox 796 365 930 437; x_wconf 87' lang='lat' dir='ltr'><strong>lrigetur.</strong></span> <span class='ocrx_word' id='word_1_16' title='bbox 947 369 974 435; x_wconf 72' lang='grc' dir='ltr'><strong>Α</strong></span> <span class='ocrx_word' id='word_1_17' title='bbox 989 367 1131 433; x_wconf 89' lang='lat' dir='ltr'><strong>mundns,</strong></span> <span class='ocrx_word' id='word_1_18' title='bbox 1142 374 1276 423; x_wconf 76' lang='lat' dir='ltr'><strong>vescetur</strong></span> <span class='ocrx_word' id='word_1_19' title='bbox 1289 382 1333 422; x_wconf 89' lang='lat' dir='ltr'><strong>ea.</strong></span> <span class='ocrx_word' id='word_1_20' title='bbox 1344 363 1449 422; x_wconf 82' lang='lat' dir='ltr'><strong>Anima</strong></span> <span class='ocrx_word' id='word_1_21' title='bbox 1459 362 1583 437; x_wconf 86' lang='lat' dir='ltr'><strong>polluta,</strong></span> <span class='ocrx_word' id='word_1_22' title='bbox 1595 378 1659 436; x_wconf 82' lang='lat' dir='ltr'><strong>qua</strong></span> <span class='ocrx_word' id='word_1_23' title='bbox 1674 359 1818 419; x_wconf 88' lang='lat' dir='ltr'><strong>ederitde</strong></span> 
     </span>
     <span class='ocr_line' id='line_1_3' title="bbox 110 450 1818 526; baseline -0.003 -15"><span class='ocrx_word' id='word_1_24' title='bbox 110 452 935 519; x_wconf 84' lang='lat' dir='ltr'><strong>Oderatautemeamoalidam,inodoremsnavissimum</strong></span> <span class='ocrx_word' id='word_1_25' title='bbox 993 456 1133 512; x_wconf 87' lang='lat' dir='ltr'><strong>carnibus</strong></span> <span class='ocrx_word' id='word_1_26' title='bbox 1148 454 1250 511; x_wconf 80' lang='lat' dir='ltr'><strong>hostie</strong></span> <span class='ocrx_word' id='word_1_27' title='bbox 1265 454 1461 526; x_wconf 77' lang='lat' dir='ltr'><strong>pacificorum,</strong></span> <span class='ocrx_word' id='word_1_28' title='bbox 1480 469 1544 526; x_wconf 81' lang='lat' dir='ltr'><strong>qne</strong></span> <span class='ocrx_word' id='word_1_29' title='bbox 1568 452 1667 509; x_wconf 83' lang='lat' dir='ltr'><strong>oblata</strong></span> <span class='ocrx_word' id='word_1_30' title='bbox 1690 455 1738 507; x_wconf 86' lang='lat' dir='ltr'><strong>cst</strong></span> <span class='ocrx_word' id='word_1_31' title='bbox 1762 450 1818 506; x_wconf 92' lang='lat' dir='ltr'><strong>Do-</strong></span> 
     </span>
     <span class='ocr_line' id='line_1_4' title="bbox 111 537 1818 615; baseline -0.003 -17"><span class='ocrx_word' id='word_1_32' title='bbox 111 544 248 613; x_wconf 89' lang='lat' dir='ltr'><strong>Domino,</strong></span> <span class='ocrx_word' id='word_1_33' title='bbox 257 544 392 600; x_wconf 76' lang='lat' dir='ltr'><strong>sacerdos</strong></span> <span class='ocrx_word' id='word_1_34' title='bbox 403 543 453 614; x_wconf 90' lang='lat' dir='ltr'><strong>qui</strong></span> <span class='ocrx_word' id='word_1_35' title='bbox 466 542 542 613; x_wconf 90' lang='lat' dir='ltr'><strong>patri</strong></span> <span class='ocrx_word' id='word_1_36' title='bbox 553 543 620 614; x_wconf 83' lang='lat' dir='ltr'><strong>jure</strong></span> <span class='ocrx_word' id='word_1_37' title='bbox 630 542 824 598; x_wconf 79' lang='lat' dir='ltr'><strong>successerit:</strong></span> <span class='ocrx_word' id='word_1_38' title='bbox 838 546 939 599; x_wconf 84' lang='lat' dir='ltr'><strong>attola</strong></span> <span class='ocrx_word' id='word_1_39' title='bbox 993 544 1085 609; x_wconf 89' lang='lat' dir='ltr'><strong>mino,</strong></span> <span class='ocrx_word' id='word_1_40' title='bbox 1102 543 1209 615; x_wconf 78' lang='lat' dir='ltr'><strong>peribit</strong></span> <span class='ocrx_word' id='word_1_41' title='bbox 1222 544 1258 599; x_wconf 92' lang='lat' dir='ltr'><strong>de</strong></span> <span class='ocrx_word' id='word_1_42' title='bbox 1273 542 1389 615; x_wconf 90' lang='lat' dir='ltr'><strong>populis</strong></span> <span class='ocrx_word' id='word_1_43' title='bbox 1404 542 1477 599; x_wconf 86' lang='lat' dir='ltr'><strong>suis.</strong></span> <span class='ocrx_word' id='word_1_44' title='bbox 1489 543 1523 598; x_wconf 81' lang='lat' dir='ltr'><strong>Et</strong></span> <span class='ocrx_word' id='word_1_45' title='bbox 1533 557 1598 613; x_wconf 79' lang='lat' dir='ltr'><strong>que</strong></span> <span class='ocrx_word' id='word_1_46' title='bbox 1615 538 1746 612; x_wconf 88' lang='lat' dir='ltr'><strong>tetigerit</strong></span> <span class='ocrx_word' id='word_1_47' title='bbox 1760 537 1818 594; x_wconf 91' lang='lat' dir='ltr'><strong>im·</strong></span> 
     </span>
     <span class='ocr_line' id='line_1_5' title="bbox 111 625 1818 702; baseline -0.004 -14"><span class='ocrx_word' id='word_1_48' title='bbox 111 631 293 688; x_wconf 72' lang='lat' dir='ltr'><strong>cremabitur</strong></span> <span class='ocrx_word' id='word_1_49' title='bbox 307 633 337 687; x_wconf 91' lang='lat' dir='ltr'><strong>in</strong></span> <span class='ocrx_word' id='word_1_50' title='bbox 352 630 447 687; x_wconf 87' lang='lat' dir='ltr'><strong>altari.</strong></span> <span class='ocrx_word' id='word_1_51' title='bbox 459 630 636 687; x_wconf 86' lang='lat' dir='ltr'><strong>Omneenim</strong></span> <span class='ocrx_word' id='word_1_52' title='bbox 650 631 829 688; x_wconf 87' lang='lat' dir='ltr'><strong>sacrificium</strong></span> <span class='ocrx_word' id='word_1_53' title='bbox 842 648 939 687; x_wconf 89' lang='lat' dir='ltr'><strong>sacer·</strong></span> <span class='ocrx_word' id='word_1_54' title='bbox 994 633 1171 688; x_wconf 90' lang='lat' dir='ltr'><strong>munditiam</strong></span> <span class='ocrx_word' id='word_1_55' title='bbox 1195 630 1393 702; x_wconf 89' lang='lat' dir='ltr'><strong>bominis,ch</strong></span> <span class='ocrx_word' id='word_1_56' title='bbox 1412 629 1553 702; x_wconf 85' lang='lat' dir='ltr'><strong>jumenti,</strong></span> <span class='ocrx_word' id='word_1_57' title='bbox 1569 630 1631 686; x_wconf 87' lang='lat' dir='ltr'><strong>sive</strong></span> <span class='ocrx_word' id='word_1_58' title='bbox 1652 626 1751 684; x_wconf 91' lang='lat' dir='ltr'><strong>omnis</strong></span> <span class='ocrx_word' id='word_1_59' title='bbox 1775 625 1818 682; x_wconf 91' lang='lat' dir='ltr'><strong>rei</strong></span> 
     </span>
     <span class='ocr_line' id='line_1_6' title="bbox 112 714 1819 795; baseline -0.004 -19"><span class='ocrx_word' id='word_1_60' title='bbox 112 722 214 778; x_wconf 91' lang='lat' dir='ltr'><strong>dotum</strong></span> <span class='ocrx_word' id='word_1_61' title='bbox 231 721 298 793; x_wconf 89' lang='lat' dir='ltr'><strong>igne</strong></span> <span class='ocrx_word' id='word_1_62' title='bbox 313 724 511 787; x_wconf 76' lang='lat' dir='ltr'><strong>consumetur,</strong></span> <span class='ocrx_word' id='word_1_63' title='bbox 523 735 575 776; x_wconf 86' lang='lat' dir='ltr'><strong>nec</strong></span> <span class='ocrx_word' id='word_1_64' title='bbox 592 722 750 792; x_wconf 90' lang='lat' dir='ltr'><strong>quisquam</strong></span> <span class='ocrx_word' id='word_1_65' title='bbox 762 720 896 776; x_wconf 90' lang='lat' dir='ltr'><strong>comedet</strong></span> <span class='ocrx_word' id='word_1_66' title='bbox 905 737 940 776; x_wconf 84' lang='lat' dir='ltr'><strong>ex</strong></span> <span class='ocrx_word' id='word_1_67' title='bbox 994 737 1059 795; x_wconf 79' lang='lat' dir='ltr'><strong>que</strong></span> <span class='ocrx_word' id='word_1_68' title='bbox 1076 721 1206 794; x_wconf 90' lang='lat' dir='ltr'><strong>polluere</strong></span> <span class='ocrx_word' id='word_1_69' title='bbox 1219 726 1326 794; x_wconf 78' lang='lat' dir='ltr'><strong>potest,</strong></span> <span class='ocrx_word' id='word_1_70' title='bbox 1340 725 1369 777; x_wconf 93' lang='lat' dir='ltr'><strong>et</strong></span> <span class='ocrx_word' id='word_1_71' title='bbox 1382 719 1543 777; x_wconf 88' lang='lat' dir='ltr'><strong>comederit</strong></span> <span class='ocrx_word' id='word_1_72' title='bbox 1557 719 1593 775; x_wconf 90' lang='lat' dir='ltr'><strong>de</strong></span> <span class='ocrx_word' id='word_1_73' title='bbox 1607 714 1819 790; x_wconf 84' lang='lat' dir='ltr'><strong>hujuscemodi</strong></span> 
     </span>
     <span class='ocr_line' id='line_1_7' title="bbox 112 806 1820 885; baseline -0.004 -19"><span class='ocrx_word' id='word_1_74' title='bbox 112 826 157 866; x_wconf 88' lang='lat' dir='ltr'><strong>eo.</strong></span> <span class='ocrx_word' id='word_1_75' title='bbox 169 810 211 881; x_wconf 88' lang='lat' dir='ltr'><strong>[C.</strong></span> <span class='ocrx_word' id='word_1_76' title='bbox 224 809 297 879; x_wconf 90' lang='lat' dir='ltr'><strong>Vll.]</strong></span> <span class='ocrx_word' id='word_1_77' title='bbox 309 810 435 864; x_wconf 81' lang='lat' dir='ltr'><strong>Locutus</strong></span> <span class='ocrx_word' id='word_1_78' title='bbox 451 814 496 885; x_wconf 84' lang='lat' dir='ltr'><strong>est</strong></span> <span class='ocrx_word' id='word_1_79' title='bbox 510 816 609 865; x_wconf 90' lang='lat' dir='ltr'><strong>autem</strong></span> <span class='ocrx_word' id='word_1_80' title='bbox 625 809 769 865; x_wconf 83' lang='lat' dir='ltr'><strong>Dominus</strong></span> <span class='ocrx_word' id='word_1_81' title='bbox 780 811 815 865; x_wconf 90' lang='lat' dir='ltr'><strong>ad</strong></span> <span class='ocrx_word' id='word_1_82' title='bbox 828 810 938 867; x_wconf 67' lang='lat' dir='ltr'><strong>blesen,</strong></span> <span class='ocrx_word' id='word_1_83' title='bbox 994 811 1141 879; x_wconf 89' lang='lat' dir='ltr'><strong>carnibus,</strong></span> <span class='ocrx_word' id='word_1_84' title='bbox 1153 810 1285 865; x_wconf 91' lang='lat' dir='ltr'><strong>interibit</strong></span> <span class='ocrx_word' id='word_1_85' title='bbox 1300 811 1334 865; x_wconf 90' lang='lat' dir='ltr'><strong>de</strong></span> <span class='ocrx_word' id='word_1_86' title='bbox 1349 808 1465 881; x_wconf 90' lang='lat' dir='ltr'><strong>populis</strong></span> <span class='ocrx_word' id='word_1_87' title='bbox 1481 806 1554 863; x_wconf 91' lang='lat' dir='ltr'><strong>suis.</strong></span> <span class='ocrx_word' id='word_1_88' title='bbox 1566 807 1757 876; x_wconf 88' lang='lat' dir='ltr'><strong>Locutusque</strong></span> <span class='ocrx_word' id='word_1_89' title='bbox 1772 808 1820 859; x_wconf 87' lang='lat' dir='ltr'><strong>est</strong></span> 
     </span>
     <span class='ocr_line' id='line_1_8' title="bbox 111 890 1818 969; baseline -0.005 -15"><span class='ocrx_word' id='word_1_90' title='bbox 111 899 213 954; x_wconf 86' lang='lat' dir='ltr'><strong>dicens</strong></span> <span class='ocrx_word' id='word_1_91' title='bbox 225 915 231 952; x_wconf 94' lang='lat'><strong>:</strong></span> <span class='ocrx_word' id='word_1_92' title='bbox 244 898 375 969; x_wconf 86' lang='lat' dir='ltr'><strong>Loquere</strong></span> <span class='ocrx_word' id='word_1_93' title='bbox 391 899 427 953; x_wconf 89' lang='lat' dir='ltr'><strong>ad</strong></span> <span class='ocrx_word' id='word_1_94' title='bbox 441 900 538 955; x_wconf 83' lang='lat' dir='ltr'><strong>Aaron</strong></span> <span class='ocrx_word' id='word_1_95' title='bbox 550 903 578 955; x_wconf 90' lang='lat' dir='ltr'><strong>et</strong></span> <span class='ocrx_word' id='word_1_96' title='bbox 593 899 629 954; x_wconf 90' lang='lat' dir='ltr'><strong>ad</strong></span> <span class='ocrx_word' id='word_1_97' title='bbox 642 897 717 955; x_wconf 89' lang='lat' dir='ltr'><strong>tilios</strong></span> <span class='ocrx_word' id='word_1_98' title='bbox 732 901 814 968; x_wconf 80' lang='lat' dir='ltr'><strong>eJ&#39;us:</strong></span> <span class='ocrx_word' id='word_1_99' title='bbox 827 899 942 959; x_wconf 86' lang='lat' dir='ltr'><strong>lstnest</strong></span> <span class='ocrx_word' id='word_1_100' title='bbox 993 900 1138 956; x_wconf 87' lang='lat' dir='ltr'><strong>Dominus</strong></span> <span class='ocrx_word' id='word_1_101' title='bbox 1152 902 1187 955; x_wconf 88' lang='lat' dir='ltr'><strong>ad</strong></span> <span class='ocrx_word' id='word_1_102' title='bbox 1203 899 1313 967; x_wconf 87' lang='lat' dir='ltr'><strong>llosen,</strong></span> <span class='ocrx_word' id='word_1_103' title='bbox 1328 899 1447 955; x_wconf 84' lang='lat' dir='ltr'><strong>dicens:</strong></span> <span class='ocrx_word' id='word_1_104' title='bbox 1464 901 1594 968; x_wconf 87' lang='lat' dir='ltr'><strong>loquere</strong></span> <span class='ocrx_word' id='word_1_105' title='bbox 1619 894 1690 951; x_wconf 86' lang='lat' dir='ltr'><strong>liliis</strong></span> <span class='ocrx_word' id='word_1_106' title='bbox 1706 890 1818 950; x_wconf 88' lang='lat' dir='ltr'><strong>lsrael:</strong></span> 
     </span>
    </p>
   </div>
   <div class='ocr_carea' id='block_1_3' title="bbox 111 984 942 1502">
    <p class='ocr_par' dir='ltr' id='par_1_3' title="bbox 111 984 942 1502">
     <span class='ocr_line' id='line_1_9' title="bbox 114 984 942 1058; baseline 0.001 -18"><span class='ocrx_word' id='word_1_107' title='bbox 114 985 163 1041; x_wconf 84' lang='lat' dir='ltr'><strong>lex</strong></span> <span class='ocrx_word' id='word_1_108' title='bbox 174 984 277 1041; x_wconf 80' lang='lat' dir='ltr'><strong>hostiae</strong></span> <span class='ocrx_word' id='word_1_109' title='bbox 293 1002 345 1057; x_wconf 89' lang='lat' dir='ltr'><strong>pro</strong></span> <span class='ocrx_word' id='word_1_110' title='bbox 360 992 500 1058; x_wconf 89' lang='lat' dir='ltr'><strong>peccato:</strong></span> <span class='ocrx_word' id='word_1_111' title='bbox 518 988 549 1043; x_wconf 92' lang='lat' dir='ltr'><strong>ln</strong></span> <span class='ocrx_word' id='word_1_112' title='bbox 564 986 628 1043; x_wconf 90' lang='lat' dir='ltr'><strong>loco</strong></span> <span class='ocrx_word' id='word_1_113' title='bbox 645 987 697 1041; x_wconf 91' lang='lat' dir='ltr'><strong>ubi</strong></span> <span class='ocrx_word' id='word_1_114' title='bbox 721 987 843 1043; x_wconf 80' lang='lat' dir='ltr'><strong>offertur</strong></span> <span class='ocrx_word' id='word_1_115' title='bbox 858 985 942 1043; x_wconf 93' lang='lat' dir='ltr'><strong>holo·</strong></span> 
     </span>
     <span class='ocr_line' id='line_1_10' title="bbox 114 1073 942 1142; baseline 0.001 -13"><span class='ocrx_word' id='word_1_116' title='bbox 114 1073 577 1142; x_wconf 89' lang='lat' dir='ltr'><strong>caustum,immolabiturcoram</strong></span> <span class='ocrx_word' id='word_1_117' title='bbox 588 1074 942 1132; x_wconf 87' lang='lat' dir='ltr'><strong>Domino.Sanctumsen·</strong></span> 
     </span>
     <span class='ocr_line' id='line_1_11' title="bbox 111 1164 942 1236; baseline 0.002 -18"><span class='ocrx_word' id='word_1_118' title='bbox 111 1165 225 1218; x_wconf 87' lang='lat' dir='ltr'><strong>olorum</strong></span> <span class='ocrx_word' id='word_1_119' title='bbox 242 1166 296 1219; x_wconf 86' lang='lat' dir='ltr'><strong>cet.</strong></span> <span class='ocrx_word' id='word_1_120' title='bbox 309 1164 462 1232; x_wconf 75' lang='lat' dir='ltr'><strong>Sacerdos,</strong></span> <span class='ocrx_word' id='word_1_121' title='bbox 476 1164 525 1235; x_wconf 93' lang='lat' dir='ltr'><strong>qui</strong></span> <span class='ocrx_word' id='word_1_122' title='bbox 542 1165 642 1220; x_wconf 84' lang='lat' dir='ltr'><strong>otleret</strong></span> <span class='ocrx_word' id='word_1_123' title='bbox 657 1165 745 1236; x_wconf 81' lang='lat' dir='ltr'><strong>[lalp.</strong></span> <span class='ocrx_word' id='word_1_124' title='bbox 765 1165 881 1236; x_wconf 56' lang='lat' dir='ltr'><strong>offerti</strong></span> <span class='ocrx_word' id='word_1_125' title='bbox 893 1181 942 1220; x_wconf 89' lang='lat' dir='ltr'><strong>co·</strong></span> 
     </span>
     <span class='ocr_line' id='line_1_12' title="bbox 115 1251 941 1325; baseline 0.001 -18"><span class='ocrx_word' id='word_1_126' title='bbox 115 1251 214 1307; x_wconf 87' lang='lat' dir='ltr'><strong>medet</strong></span> <span class='ocrx_word' id='word_1_127' title='bbox 229 1252 337 1307; x_wconf 89' lang='lat' dir='ltr'><strong>esmin</strong></span> <span class='ocrx_word' id='word_1_128' title='bbox 367 1251 430 1308; x_wconf 91' lang='lat' dir='ltr'><strong>loco</strong></span> <span class='ocrx_word' id='word_1_129' title='bbox 461 1259 573 1325; x_wconf 90' lang='lat' dir='ltr'><strong>sancto,</strong></span> <span class='ocrx_word' id='word_1_130' title='bbox 590 1253 619 1307; x_wconf 98' lang='lat' dir='ltr'><strong>in</strong></span> <span class='ocrx_word' id='word_1_131' title='bbox 649 1254 722 1310; x_wconf 90' lang='lat' dir='ltr'><strong>atrio</strong></span> <span class='ocrx_word' id='word_1_132' title='bbox 750 1252 941 1309; x_wconf 88' lang='lat' dir='ltr'><strong>tabernaculi·</strong></span> 
     </span>
     <span class='ocr_line' id='line_1_13' title="bbox 113 1338 941 1413; baseline 0.002 -19"><span class='ocrx_word' id='word_1_133' title='bbox 113 1339 243 1411; x_wconf 85' lang='lat' dir='ltr'><strong>Quiquid</strong></span> <span class='ocrx_word' id='word_1_134' title='bbox 259 1338 299 1413; x_wconf 83' lang='lat' dir='ltr'><strong>[h.</strong></span> <span class='ocrx_word' id='word_1_135' title='bbox 312 1341 441 1413; x_wconf 88' lang='lat' dir='ltr'><strong>quiquis]</strong></span> <span class='ocrx_word' id='word_1_136' title='bbox 458 1341 587 1413; x_wconf 86' lang='lat' dir='ltr'><strong>tetigerit</strong></span> <span class='ocrx_word' id='word_1_137' title='bbox 603 1357 706 1399; x_wconf 85' lang='lat' dir='ltr'><strong>carnes</strong></span> <span class='ocrx_word' id='word_1_138' title='bbox 721 1342 798 1413; x_wconf 85' lang='lat' dir='ltr'><strong>ejus,</strong></span> <span class='ocrx_word' id='word_1_139' title='bbox 812 1342 941 1398; x_wconf 86' lang='lat' dir='ltr'><strong>sanctifi-</strong></span> 
     </span>
     <span class='ocr_line' id='line_1_14' title="bbox 117 1428 942 1502; baseline 0 -17"><span class='ocrx_word' id='word_1_140' title='bbox 117 1429 246 1485; x_wconf 86' lang='lat' dir='ltr'><strong>cabitur.</strong></span> <span class='ocrx_word' id='word_1_141' title='bbox 258 1428 289 1484; x_wconf 90' lang='lat' dir='ltr'><strong>Si</strong></span> <span class='ocrx_word' id='word_1_142' title='bbox 304 1430 340 1484; x_wconf 88' lang='lat' dir='ltr'><strong>de</strong></span> <span class='ocrx_word' id='word_1_143' title='bbox 352 1431 495 1502; x_wconf 88' lang='lat' dir='ltr'><strong>sanguine</strong></span> <span class='ocrx_word' id='word_1_144' title='bbox 511 1430 591 1486; x_wconf 90' lang='lat' dir='ltr'><strong>illins</strong></span> <span class='ocrx_word' id='word_1_145' title='bbox 608 1431 697 1487; x_wconf 88' lang='lat' dir='ltr'><strong>vestis</strong></span> <span class='ocrx_word' id='word_1_146' title='bbox 709 1430 797 1487; x_wconf 84' lang='lat' dir='ltr'><strong>fuerit</strong></span> <span class='ocrx_word' id='word_1_147' title='bbox 811 1446 942 1500; x_wconf 87' lang='lat' dir='ltr'><strong>aspersa,</strong></span> 
     </span>
    </p>
   </div>
   <div class='ocr_carea' id='block_1_4' title="bbox 994 982 1823 1504">
    <p class='ocr_par' dir='ltr' id='par_1_4' title="bbox 994 982 1823 1504">
     <span class='ocr_line' id='line_1_15' title="bbox 994 982 1820 1060; baseline -0.011 -15"><span class='ocrx_word' id='word_1_148' title='bbox 994 989 1115 1060; x_wconf 82' lang='lat' dir='ltr'><strong>Adipem</strong></span> <span class='ocrx_word' id='word_1_149' title='bbox 1139 988 1211 1054; x_wconf 89' lang='lat' dir='ltr'><strong>ovis,</strong></span> <span class='ocrx_word' id='word_1_150' title='bbox 1228 993 1257 1044; x_wconf 87' lang='lat' dir='ltr'><strong>et</strong></span> <span class='ocrx_word' id='word_1_151' title='bbox 1279 985 1372 1055; x_wconf 83' lang='lat' dir='ltr'><strong>bovis,</strong></span> <span class='ocrx_word' id='word_1_152' title='bbox 1393 991 1423 1043; x_wconf 91' lang='lat' dir='ltr'><strong>et</strong></span> <span class='ocrx_word' id='word_1_153' title='bbox 1446 1002 1550 1057; x_wconf 77' lang='lat' dir='ltr'><strong>capra,</strong></span> <span class='ocrx_word' id='word_1_154' title='bbox 1573 1001 1633 1041; x_wconf 87' lang='lat' dir='ltr'><strong>noa</strong></span> <span class='ocrx_word' id='word_1_155' title='bbox 1657 982 1820 1039; x_wconf 87' lang='lat' dir='ltr'><strong>comedetis</strong></span> 
     </span>
     <span class='ocr_line' id='line_1_16' title="bbox 995 1068 1819 1148; baseline -0.01 -16"><span class='ocrx_word' id='word_1_156' title='bbox 995 1077 1119 1148; x_wconf 71' lang='lat' dir='ltr'><strong>adipem</strong></span> <span class='ocrx_word' id='word_1_157' title='bbox 1135 1075 1284 1133; x_wconf 87' lang='lat' dir='ltr'><strong>cadaveris</strong></span> <span class='ocrx_word' id='word_1_158' title='bbox 1296 1074 1454 1141; x_wconf 91' lang='lat' dir='ltr'><strong>morticini,</strong></span> <span class='ocrx_word' id='word_1_159' title='bbox 1466 1079 1496 1130; x_wconf 88' lang='lat' dir='ltr'><strong>et</strong></span> <span class='ocrx_word' id='word_1_160' title='bbox 1509 1073 1574 1144; x_wconf 89' lang='lat' dir='ltr'><strong>ejus</strong></span> <span class='ocrx_word' id='word_1_161' title='bbox 1588 1070 1727 1128; x_wconf 90' lang='lat' dir='ltr'><strong>animalis</strong></span> <span class='ocrx_word' id='word_1_162' title='bbox 1739 1068 1819 1141; x_wconf 89' lang='lat' dir='ltr'><strong>quod</strong></span> 
     </span>
     <span class='ocr_line' id='line_1_17' title="bbox 995 1156 1822 1237; baseline -0.015 -14"><span class='ocrx_word' id='word_1_163' title='bbox 995 1164 1123 1223; x_wconf 86' lang='lat' dir='ltr'><strong>abestis</strong></span> <span class='ocrx_word' id='word_1_164' title='bbox 1138 1169 1256 1237; x_wconf 90' lang='lat' dir='ltr'><strong>captum</strong></span> <span class='ocrx_word' id='word_1_165' title='bbox 1280 1169 1336 1231; x_wconf 90' lang='lat' dir='ltr'><strong>est,</strong></span> <span class='ocrx_word' id='word_1_166' title='bbox 1351 1162 1498 1220; x_wconf 89' lang='lat' dir='ltr'><strong>babebitis</strong></span> <span class='ocrx_word' id='word_1_167' title='bbox 1514 1162 1544 1217; x_wconf 93' lang='lat' dir='ltr'><strong>in</strong></span> <span class='ocrx_word' id='word_1_168' title='bbox 1570 1176 1643 1217; x_wconf 90' lang='lat' dir='ltr'><strong>naus</strong></span> <span class='ocrx_word' id='word_1_169' title='bbox 1667 1156 1822 1215; x_wconf 70' lang='lat' dir='ltr'><strong>varicosi</strong></span> 
     </span>
     <span class='ocr_line' id='line_1_18' title="bbox 997 1246 1823 1328; baseline -0.012 -17"><span class='ocrx_word' id='word_1_170' title='bbox 997 1257 1064 1328; x_wconf 91' lang='lat' dir='ltr'><strong>quis</strong></span> <span class='ocrx_word' id='word_1_171' title='bbox 1079 1256 1206 1327; x_wconf 85' lang='lat' dir='ltr'><strong>adipem,</strong></span> <span class='ocrx_word' id='word_1_172' title='bbox 1223 1254 1273 1325; x_wconf 91' lang='lat' dir='ltr'><strong>qui</strong></span> <span class='ocrx_word' id='word_1_173' title='bbox 1290 1253 1389 1310; x_wconf 81' lang='lat' dir='ltr'><strong>ollerri</strong></span> <span class='ocrx_word' id='word_1_174' title='bbox 1414 1253 1501 1308; x_wconf 88' lang='lat' dir='ltr'><strong>debet</strong></span> <span class='ocrx_word' id='word_1_175' title='bbox 1515 1252 1546 1307; x_wconf 90' lang='lat' dir='ltr'><strong>iu</strong></span> <span class='ocrx_word' id='word_1_176' title='bbox 1562 1250 1716 1306; x_wconf 89' lang='lat' dir='ltr'><strong>incensum</strong></span> <span class='ocrx_word' id='word_1_177' title='bbox 1733 1247 1776 1320; x_wconf 88' lang='lat' dir='ltr'><strong>(h.</strong></span> <span class='ocrx_word' id='word_1_178' title='bbox 1791 1246 1823 1301; x_wconf 84' lang='lat' dir='ltr'><strong>si</strong></span> 
     </span>
     <span class='ocr_line' id='line_1_19' title="bbox 996 1334 1823 1416; baseline -0.015 -16"><span class='ocrx_word' id='word_1_179' title='bbox 996 1344 1062 1416; x_wconf 91' lang='lat' dir='ltr'><strong>quis</strong></span> <span class='ocrx_word' id='word_1_180' title='bbox 1078 1343 1194 1415; x_wconf 86' lang='lat' dir='ltr'><strong>adipem</strong></span> <span class='ocrx_word' id='word_1_181' title='bbox 1208 1341 1381 1399; x_wconf 88' lang='lat' dir='ltr'><strong>animalium</strong></span> <span class='ocrx_word' id='word_1_182' title='bbox 1395 1357 1459 1412; x_wconf 80' lang='lat' dir='ltr'><strong>quas</strong></span> <span class='ocrx_word' id='word_1_183' title='bbox 1474 1338 1569 1412; x_wconf 65' lang='lat' dir='ltr'><strong>offerri</strong></span> <span class='ocrx_word' id='word_1_184' title='bbox 1578 1338 1675 1394; x_wconf 78' lang='lat' dir='ltr'><strong>dehent</strong></span> <span class='ocrx_word' id='word_1_185' title='bbox 1686 1336 1715 1392; x_wconf 92' lang='lat' dir='ltr'><strong>in</strong></span> <span class='ocrx_word' id='word_1_186' title='bbox 1731 1334 1823 1392; x_wconf 88' lang='lat' dir='ltr'><strong>sacri·</strong></span> 
     </span>
     <span class='ocr_line' id='line_1_20' title="bbox 997 1424 1821 1504; baseline -0.01 -17"><span class='ocrx_word' id='word_1_187' title='bbox 997 1431 1115 1504; x_wconf 78' lang='lat' dir='ltr'><strong>licium)</strong></span> <span class='ocrx_word' id='word_1_188' title='bbox 1126 1430 1254 1495; x_wconf 88' lang='lat' dir='ltr'><strong>Domini,</strong></span> <span class='ocrx_word' id='word_1_189' title='bbox 1270 1429 1441 1496; x_wconf 87' lang='lat' dir='ltr'><strong>comederit,</strong></span> <span class='ocrx_word' id='word_1_190' title='bbox 1458 1426 1564 1501; x_wconf 85' lang='lat' dir='ltr'><strong>peribit</strong></span> <span class='ocrx_word' id='word_1_191' title='bbox 1579 1427 1615 1483; x_wconf 91' lang='lat' dir='ltr'><strong>de</strong></span> <span class='ocrx_word' id='word_1_192' title='bbox 1631 1424 1739 1498; x_wconf 90' lang='lat' dir='ltr'><strong>populo</strong></span> <span class='ocrx_word' id='word_1_193' title='bbox 1754 1438 1821 1479; x_wconf 90' lang='lat' dir='ltr'><strong>suo.</strong></span> 
     </span>
    </p>
   </div>
   <div class='ocr_carea' id='block_1_5' title="bbox 115 1512 1823 1946">
    <p class='ocr_par' dir='ltr' id='par_1_5' title="bbox 115 1512 1823 1946">
     <span class='ocr_line' id='line_1_21' title="bbox 121 1512 1821 1592; baseline -0.005 -18"><span class='ocrx_word' id='word_1_194' title='bbox 121 1518 269 1575; x_wconf 90' lang='lat' dir='ltr'><strong>lavabitur</strong></span> <span class='ocrx_word' id='word_1_195' title='bbox 283 1518 313 1574; x_wconf 90' lang='lat' dir='ltr'><strong>in</strong></span> <span class='ocrx_word' id='word_1_196' title='bbox 329 1517 520 1575; x_wconf 88' lang='lat' dir='ltr'><strong>locosancto.</strong></span> <span class='ocrx_word' id='word_1_197' title='bbox 536 1518 594 1575; x_wconf 88' lang='lat' dir='ltr'><strong>Vas</strong></span> <span class='ocrx_word' id='word_1_198' title='bbox 609 1524 708 1576; x_wconf 88' lang='lat' dir='ltr'><strong>eutem</strong></span> <span class='ocrx_word' id='word_1_199' title='bbox 724 1519 822 1587; x_wconf 84' lang='lat' dir='ltr'><strong>fictile,</strong></span> <span class='ocrx_word' id='word_1_200' title='bbox 839 1519 869 1574; x_wconf 93' lang='lat' dir='ltr'><strong>in</strong></span> <span class='ocrx_word' id='word_1_201' title='bbox 884 1536 942 1592; x_wconf 90' lang='lat' dir='ltr'><strong>quo</strong></span> <span class='ocrx_word' id='word_1_202' title='bbox 997 1520 1177 1592; x_wconf 83' lang='lat' dir='ltr'><strong>Sanguinem</strong></span> <span class='ocrx_word' id='word_1_203' title='bbox 1193 1535 1310 1591; x_wconf 89' lang='lat' dir='ltr'><strong>quoque</strong></span> <span class='ocrx_word' id='word_1_204' title='bbox 1320 1517 1418 1574; x_wconf 91' lang='lat' dir='ltr'><strong>omnis</strong></span> <span class='ocrx_word' id='word_1_205' title='bbox 1428 1515 1566 1573; x_wconf 89' lang='lat' dir='ltr'><strong>animalis</strong></span> <span class='ocrx_word' id='word_1_206' title='bbox 1581 1531 1639 1570; x_wconf 91' lang='lat' dir='ltr'><strong>non</strong></span> <span class='ocrx_word' id='word_1_207' title='bbox 1654 1513 1779 1570; x_wconf 89' lang='lat' dir='ltr'><strong>sumetis</strong></span> <span class='ocrx_word' id='word_1_208' title='bbox 1789 1512 1821 1567; x_wconf 93' lang='lat' dir='ltr'><strong>in</strong></span> 
     </span>
     <span class='ocr_line' id='line_1_22' title="bbox 115 1601 1822 1680; baseline -0.004 -17"><span class='ocrx_word' id='word_1_209' title='bbox 115 1613 197 1663; x_wconf 90' lang='lat' dir='ltr'><strong>cocta</strong></span> <span class='ocrx_word' id='word_1_210' title='bbox 211 1614 265 1679; x_wconf 88' lang='lat' dir='ltr'><strong>est,</strong></span> <span class='ocrx_word' id='word_1_211' title='bbox 279 1607 484 1679; x_wconf 81' lang='lat' dir='ltr'><strong>confringetur</strong></span> <span class='ocrx_word' id='word_1_212' title='bbox 499 1625 504 1664; x_wconf 95' lang='lat'><strong>:</strong></span> <span class='ocrx_word' id='word_1_213' title='bbox 518 1610 595 1680; x_wconf 92' lang='lat' dir='ltr'><strong>quod</strong></span> <span class='ocrx_word' id='word_1_214' title='bbox 614 1609 638 1664; x_wconf 90' lang='lat' dir='ltr'><strong>si</strong></span> <span class='ocrx_word' id='word_1_215' title='bbox 653 1625 828 1665; x_wconf 79' lang='lat' dir='ltr'><strong>vaseneum</strong></span> <span class='ocrx_word' id='word_1_216' title='bbox 844 1608 942 1674; x_wconf 87' lang='lat' dir='ltr'><strong>luerit,</strong></span> <span class='ocrx_word' id='word_1_217' title='bbox 997 1609 1072 1676; x_wconf 91' lang='lat' dir='ltr'><strong>cibo,</strong></span> <span class='ocrx_word' id='word_1_218' title='bbox 1089 1615 1149 1666; x_wconf 91' lang='lat' dir='ltr'><strong>tam</strong></span> <span class='ocrx_word' id='word_1_219' title='bbox 1164 1609 1200 1664; x_wconf 87' lang='lat' dir='ltr'><strong>dc</strong></span> <span class='ocrx_word' id='word_1_220' title='bbox 1220 1609 1323 1664; x_wconf 86' lang='lat' dir='ltr'><strong>avibus</strong></span> <span class='ocrx_word' id='word_1_221' title='bbox 1338 1623 1425 1677; x_wconf 92' lang='lat' dir='ltr'><strong>quam</strong></span> <span class='ocrx_word' id='word_1_222' title='bbox 1449 1607 1486 1662; x_wconf 93' lang='lat' dir='ltr'><strong>de</strong></span> <span class='ocrx_word' id='word_1_223' title='bbox 1512 1604 1668 1676; x_wconf 87' lang='lat' dir='ltr'><strong>pecoribus</strong></span> <span class='ocrx_word' id='word_1_224' title='bbox 1699 1601 1742 1670; x_wconf 93' lang='lat' dir='ltr'><strong>(h.</strong></span> <span class='ocrx_word' id='word_1_225' title='bbox 1759 1617 1822 1657; x_wconf 90' lang='lat' dir='ltr'><strong>non</strong></span> 
     </span>
     <span class='ocr_line' id='line_1_23' title="bbox 115 1680 1822 1797; baseline -0.005 -44"><span class='ocrx_word' id='word_1_226' title='bbox 115 1696 317 1763; x_wconf 81' lang='lat' dir='ltr'><strong>defricabitur,</strong></span> <span class='ocrx_word' id='word_1_227' title='bbox 330 1700 359 1751; x_wconf 91' lang='lat' dir='ltr'><strong>et</strong></span> <span class='ocrx_word' id='word_1_228' title='bbox 372 1695 519 1752; x_wconf 90' lang='lat' dir='ltr'><strong>lavabitur</strong></span> <span class='ocrx_word' id='word_1_229' title='bbox 530 1713 617 1769; x_wconf 87' lang='lat' dir='ltr'><strong>aqua.</strong></span> <span class='ocrx_word' id='word_1_230' title='bbox 629 1697 729 1754; x_wconf 87' lang='lat' dir='ltr'><strong>Omnis</strong></span> <span class='ocrx_word' id='word_1_231' title='bbox 745 1696 896 1753; x_wconf 87' lang='lat' dir='ltr'><strong>masculus</strong></span> <span class='ocrx_word' id='word_1_232' title='bbox 906 1698 942 1753; x_wconf 88' lang='lat' dir='ltr'><strong>de</strong></span> <span class='ocrx_word' id='word_1_233' title='bbox 959 1733 982 1797; x_wconf 72' lang='lat' dir='ltr'>B</span> <span class='ocrx_word' id='word_1_234' title='bbox 998 1680 1236 1768; x_wconf 57' lang='lat' dir='ltr'><strong>sumelisinetho,</strong></span> <span class='ocrx_word' id='word_1_235' title='bbox 1245 1698 1277 1754; x_wconf 83' lang='lat' dir='ltr'><strong>in</strong></span> <span class='ocrx_word' id='word_1_236' title='bbox 1290 1696 1397 1753; x_wconf 79' lang='lat' dir='ltr'><strong>cunctis</strong></span> <span class='ocrx_word' id='word_1_237' title='bbox 1409 1696 1574 1752; x_wconf 78' lang='lat' dir='ltr'><strong>habitaculis</strong></span> <span class='ocrx_word' id='word_1_238' title='bbox 1586 1693 1701 1765; x_wconf 64' lang='lat' dir='ltr'><strong>aratra).</strong></span> <span class='ocrx_word' id='word_1_239' title='bbox 1714 1691 1822 1747; x_wconf 87' lang='lat' dir='ltr'><strong>Omnis</strong></span> 
     </span>
     <span class='ocr_line' id='line_1_24' title="bbox 116 1777 1823 1859; baseline -0.005 -18"><span class='ocrx_word' id='word_1_240' title='bbox 116 1801 222 1857; x_wconf 80' lang='lat' dir='ltr'><strong>genere</strong></span> <span class='ocrx_word' id='word_1_241' title='bbox 235 1783 408 1840; x_wconf 87' lang='lat' dir='ltr'><strong>sacerdotali</strong></span> <span class='ocrx_word' id='word_1_242' title='bbox 419 1790 553 1841; x_wconf 85' lang='lat' dir='ltr'><strong>vescetur</strong></span> <span class='ocrx_word' id='word_1_243' title='bbox 564 1786 703 1842; x_wconf 88' lang='lat' dir='ltr'><strong>carnibus</strong></span> <span class='ocrx_word' id='word_1_244' title='bbox 714 1786 789 1856; x_wconf 90' lang='lat' dir='ltr'><strong>ejus,</strong></span> <span class='ocrx_word' id='word_1_245' title='bbox 799 1787 944 1857; x_wconf 88' lang='lat' dir='ltr'><strong>quiasan·</strong></span> <span class='ocrx_word' id='word_1_246' title='bbox 998 1788 1108 1854; x_wconf 90' lang='lat' dir='ltr'><strong>anima,</strong></span> <span class='ocrx_word' id='word_1_247' title='bbox 1124 1803 1188 1859; x_wconf 79' lang='lat' dir='ltr'><strong>que</strong></span> <span class='ocrx_word' id='word_1_248' title='bbox 1203 1787 1295 1843; x_wconf 91' lang='lat' dir='ltr'><strong>ederit</strong></span> <span class='ocrx_word' id='word_1_249' title='bbox 1310 1784 1496 1856; x_wconf 90' lang='lat' dir='ltr'><strong>sanguinem,</strong></span> <span class='ocrx_word' id='word_1_250' title='bbox 1511 1783 1619 1855; x_wconf 89' lang='lat' dir='ltr'><strong>peribit</strong></span> <span class='ocrx_word' id='word_1_251' title='bbox 1643 1783 1679 1837; x_wconf 92' lang='lat' dir='ltr'><strong>de</strong></span> <span class='ocrx_word' id='word_1_252' title='bbox 1702 1777 1823 1852; x_wconf 90' lang='lat' dir='ltr'><strong>populis</strong></span> 
     </span>
     <span class='ocr_line' id='line_1_25' title="bbox 116 1872 1823 1946; baseline -0.003 -18"><span class='ocrx_word' id='word_1_253' title='bbox 116 1879 196 1929; x_wconf 90' lang='lat' dir='ltr'><strong>ctum</strong></span> <span class='ocrx_word' id='word_1_254' title='bbox 214 1878 385 1929; x_wconf 89' lang='lat' dir='ltr'><strong>sanctorum</strong></span> <span class='ocrx_word' id='word_1_255' title='bbox 400 1882 454 1928; x_wconf 88' lang='lat' dir='ltr'><strong>est.</strong></span> <span class='ocrx_word' id='word_1_256' title='bbox 473 1874 576 1931; x_wconf 83' lang='lat' dir='ltr'><strong>Hostia</strong></span> <span class='ocrx_word' id='word_1_257' title='bbox 590 1874 667 1931; x_wconf 89' lang='lat' dir='ltr'><strong>euim</strong></span> <span class='ocrx_word' id='word_1_258' title='bbox 679 1891 743 1946; x_wconf 79' lang='lat' dir='ltr'><strong>qum</strong></span> <span class='ocrx_word' id='word_1_259' title='bbox 757 1875 878 1930; x_wconf 80' lang='lat' dir='ltr'><strong>ceditur</strong></span> <span class='ocrx_word' id='word_1_260' title='bbox 893 1891 943 1946; x_wconf 90' lang='lat' dir='ltr'><strong>pro</strong></span> <span class='ocrx_word' id='word_1_261' title='bbox 996 1875 1191 1945; x_wconf 80' lang='lat' dir='ltr'><strong>suis.(C.1X)</strong></span> <span class='ocrx_word' id='word_1_262' title='bbox 1208 1876 1396 1946; x_wconf 88' lang='lat' dir='ltr'><strong>Locutusquc</strong></span> <span class='ocrx_word' id='word_1_263' title='bbox 1417 1878 1462 1930; x_wconf 90' lang='lat' dir='ltr'><strong>est</strong></span> <span class='ocrx_word' id='word_1_264' title='bbox 1483 1872 1625 1929; x_wconf 87' lang='lat' dir='ltr'><strong>Dominus</strong></span> <span class='ocrx_word' id='word_1_265' title='bbox 1647 1887 1684 1926; x_wconf 91' lang='lat' dir='ltr'><strong>an</strong></span> <span class='ocrx_word' id='word_1_266' title='bbox 1707 1873 1823 1937; x_wconf 78' lang='lat' dir='ltr'><strong>Mosen,</strong></span> 
     </span>
    </p>
   </div>
   <div class='ocr_carea' id='block_1_6' title="bbox 115 1963 944 2213">
    <p class='ocr_par' dir='ltr' id='par_1_6' title="bbox 115 1963 944 2213">
     <span class='ocr_line' id='line_1_26' title="bbox 115 1963 944 2035; baseline 0.002 -18"><span class='ocrx_word' id='word_1_267' title='bbox 115 1967 243 2035; x_wconf 86' lang='lat' dir='ltr'><strong>peccato,</strong></span> <span class='ocrx_word' id='word_1_268' title='bbox 259 1963 345 2033; x_wconf 85' lang='lat' dir='ltr'><strong>cujus</strong></span> <span class='ocrx_word' id='word_1_269' title='bbox 360 1963 516 2034; x_wconf 89' lang='lat' dir='ltr'><strong>sanguinis</strong></span> <span class='ocrx_word' id='word_1_270' title='bbox 533 1963 661 2019; x_wconf 78' lang='lat' dir='ltr'><strong>insertur</strong></span> <span class='ocrx_word' id='word_1_271' title='bbox 677 1964 706 2019; x_wconf 93' lang='lat' dir='ltr'><strong>in</strong></span> <span class='ocrx_word' id='word_1_272' title='bbox 723 1963 944 2020; x_wconf 90' lang='lat' dir='ltr'><strong>tabernaculum</strong></span> 
     </span>
     <span class='ocr_line' id='line_1_27' title="bbox 115 2050 944 2123; baseline 0.001 -17"><span class='ocrx_word' id='word_1_273' title='bbox 115 2050 279 2107; x_wconf 89' lang='lat' dir='ltr'><strong>testimonii</strong></span> <span class='ocrx_word' id='word_1_274' title='bbox 297 2050 332 2106; x_wconf 89' lang='lat' dir='ltr'><strong>ad</strong></span> <span class='ocrx_word' id='word_1_275' title='bbox 343 2051 521 2123; x_wconf 85' lang='lat' dir='ltr'><strong>expiandum</strong></span> <span class='ocrx_word' id='word_1_276' title='bbox 537 2051 567 2106; x_wconf 92' lang='lat' dir='ltr'><strong>in</strong></span> <span class='ocrx_word' id='word_1_277' title='bbox 584 2052 766 2121; x_wconf 88' lang='lat' dir='ltr'><strong>sanctuario,</strong></span> <span class='ocrx_word' id='word_1_278' title='bbox 776 2068 833 2107; x_wconf 91' lang='lat' dir='ltr'><strong>non</strong></span> <span class='ocrx_word' id='word_1_279' title='bbox 850 2068 944 2109; x_wconf 92' lang='lat' dir='ltr'><strong>come·</strong></span> 
     </span>
     <span class='ocr_line' id='line_1_28' title="bbox 124 2139 579 2213; baseline 0 -17"><span class='ocrx_word' id='word_1_280' title='bbox 124 2140 221 2208; x_wconf 91' lang='lat' dir='ltr'><strong>detur,</strong></span> <span class='ocrx_word' id='word_1_281' title='bbox 237 2140 287 2196; x_wconf 87' lang='lat' dir='ltr'><strong>sed</strong></span> <span class='ocrx_word' id='word_1_282' title='bbox 303 2140 493 2196; x_wconf 91' lang='lat' dir='ltr'><strong>comburetur</strong></span> <span class='ocrx_word' id='word_1_283' title='bbox 507 2139 579 2213; x_wconf 87' lang='lat' dir='ltr'><strong>igni.</strong></span> 
     </span>
    </p>
   </div>
   <div class='ocr_carea' id='block_1_7' title="bbox 124 2262 949 2956">
    <p class='ocr_par' dir='ltr' id='par_1_7' title="bbox 124 2262 949 2956">
     <span class='ocr_line' id='line_1_29' title="bbox 158 2262 945 2336; baseline 0.003 -18"><span class='ocrx_word' id='word_1_284' title='bbox 158 2262 239 2335; x_wconf 83' lang='lat' dir='ltr'><strong>[Cup.</strong></span> <span class='ocrx_word' id='word_1_285' title='bbox 248 2263 323 2334; x_wconf 78' lang='lat' dir='ltr'><strong>vlt]</strong></span> <span class='ocrx_word' id='word_1_286' title='bbox 335 2267 403 2319; x_wconf 81' lang='lat' dir='ltr'><strong>Hsec</strong></span> <span class='ocrx_word' id='word_1_287' title='bbox 411 2278 529 2335; x_wconf 90' lang='lat' dir='ltr'><strong>quoque</strong></span> <span class='ocrx_word' id='word_1_288' title='bbox 539 2268 585 2320; x_wconf 87' lang='lat' dir='ltr'><strong>est</strong></span> <span class='ocrx_word' id='word_1_289' title='bbox 596 2264 642 2320; x_wconf 88' lang='lat' dir='ltr'><strong>lex</strong></span> <span class='ocrx_word' id='word_1_290' title='bbox 653 2264 754 2321; x_wconf 79' lang='lat' dir='ltr'><strong>hostiae</strong></span> <span class='ocrx_word' id='word_1_291' title='bbox 766 2281 818 2336; x_wconf 90' lang='lat' dir='ltr'><strong>pro</strong></span> <span class='ocrx_word' id='word_1_292' title='bbox 829 2263 945 2334; x_wconf 91' lang='lat' dir='ltr'><strong>delicto,</strong></span> 
     </span>
     <span class='ocr_line' id='line_1_30' title="bbox 126 2352 946 2409; baseline 0.001 -2"><span class='ocrx_word' id='word_1_293' title='bbox 126 2356 229 2407; x_wconf 86' lang='lat' dir='ltr'><strong>saneta</strong></span> <span class='ocrx_word' id='word_1_294' title='bbox 243 2356 412 2407; x_wconf 87' lang='lat' dir='ltr'><strong>sanctorum</strong></span> <span class='ocrx_word' id='word_1_295' title='bbox 423 2356 485 2408; x_wconf 88' lang='lat' dir='ltr'><strong>est:</strong></span> <span class='ocrx_word' id='word_1_296' title='bbox 499 2352 607 2409; x_wconf 92' lang='lat' dir='ltr'><strong>idcirco</strong></span> <span class='ocrx_word' id='word_1_297' title='bbox 618 2354 667 2408; x_wconf 92' lang='lat' dir='ltr'><strong>ubi</strong></span> <span class='ocrx_word' id='word_1_298' title='bbox 684 2353 881 2409; x_wconf 85' lang='lat' dir='ltr'><strong>immolabitur</strong></span> <span class='ocrx_word' id='word_1_299' title='bbox 894 2352 946 2408; x_wconf 93' lang='lat' dir='ltr'><strong>ho·</strong></span> 
     </span>
     <span class='ocr_line' id='line_1_31' title="bbox 124 2437 947 2512; baseline 0.001 -17"><span class='ocrx_word' id='word_1_300' title='bbox 124 2437 301 2507; x_wconf 86' lang='lat' dir='ltr'><strong>locaustum,</strong></span> <span class='ocrx_word' id='word_1_301' title='bbox 312 2440 487 2495; x_wconf 84' lang='lat' dir='ltr'><strong>mactabitur</strong></span> <span class='ocrx_word' id='word_1_302' title='bbox 500 2445 529 2494; x_wconf 88' lang='lat' dir='ltr'><strong>ct</strong></span> <span class='ocrx_word' id='word_1_303' title='bbox 543 2440 660 2496; x_wconf 89' lang='lat' dir='ltr'><strong>victima</strong></span> <span class='ocrx_word' id='word_1_304' title='bbox 675 2457 727 2512; x_wconf 90' lang='lat' dir='ltr'><strong>pro</strong></span> <span class='ocrx_word' id='word_1_305' title='bbox 742 2440 865 2496; x_wconf 89' lang='lat' dir='ltr'><strong>delicto:</strong></span> <span class='ocrx_word' id='word_1_306' title='bbox 879 2457 947 2497; x_wconf 90' lang='lat' dir='ltr'><strong>san·</strong></span> 
     </span>
     <span class='ocr_line' id='line_1_32' title="bbox 129 2528 949 2601; baseline 0.002 -18"><span class='ocrx_word' id='word_1_307' title='bbox 129 2529 195 2601; x_wconf 88' lang='lat' dir='ltr'><strong>guis</strong></span> <span class='ocrx_word' id='word_1_308' title='bbox 210 2528 275 2599; x_wconf 83' lang='lat' dir='ltr'><strong>ejus</strong></span> <span class='ocrx_word' id='word_1_309' title='bbox 291 2544 452 2601; x_wconf 78' lang='lat' dir='ltr'><strong>pergyrum</strong></span> <span class='ocrx_word' id='word_1_310' title='bbox 467 2529 605 2584; x_wconf 89' lang='lat' dir='ltr'><strong>tundetur</strong></span> <span class='ocrx_word' id='word_1_311' title='bbox 619 2528 949 2586; x_wconf 79' lang='lat' dir='ltr'><strong>altariaotlerentexea</strong></span> 
     </span>
     <span class='ocr_line' id='line_1_33' title="bbox 129 2617 947 2691; baseline 0 -17"><span class='ocrx_word' id='word_1_312' title='bbox 129 2617 255 2674; x_wconf 88' lang='lat' dir='ltr'><strong>caudam</strong></span> <span class='ocrx_word' id='word_1_313' title='bbox 270 2622 299 2673; x_wconf 89' lang='lat' dir='ltr'><strong>et</strong></span> <span class='ocrx_word' id='word_1_314' title='bbox 314 2618 442 2688; x_wconf 88' lang='lat' dir='ltr'><strong>adipem,</strong></span> <span class='ocrx_word' id='word_1_315' title='bbox 458 2618 508 2689; x_wconf 93' lang='lat' dir='ltr'><strong>qui</strong></span> <span class='ocrx_word' id='word_1_316' title='bbox 524 2617 618 2691; x_wconf 87' lang='lat' dir='ltr'><strong>operit</strong></span> <span class='ocrx_word' id='word_1_317' title='bbox 632 2618 740 2674; x_wconf 88' lang='lat' dir='ltr'><strong>vitalia.</strong></span> <span class='ocrx_word' id='word_1_318' title='bbox 752 2617 830 2674; x_wconf 89' lang='lat' dir='ltr'><strong>Duos</strong></span> <span class='ocrx_word' id='word_1_319' title='bbox 840 2634 947 2674; x_wconf 91' lang='lat' dir='ltr'><strong>renun-</strong></span> 
     </span>
     <span class='ocr_line' id='line_1_34' title="bbox 128 2704 949 2779; baseline 0.002 -18"><span class='ocrx_word' id='word_1_320' title='bbox 128 2704 220 2774; x_wconf 87' lang='lat' dir='ltr'><strong>culos,</strong></span> <span class='ocrx_word' id='word_1_321' title='bbox 229 2711 258 2762; x_wconf 91' lang='lat' dir='ltr'><strong>et</strong></span> <span class='ocrx_word' id='word_1_322' title='bbox 269 2706 477 2779; x_wconf 81' lang='lat' dir='ltr'><strong>pinguedinem</strong></span> <span class='ocrx_word' id='word_1_323' title='bbox 491 2706 704 2778; x_wconf 80' lang='lat' dir='ltr'><strong>quasjuxtailia</strong></span> <span class='ocrx_word' id='word_1_324' title='bbox 713 2707 949 2779; x_wconf 88' lang='lat' dir='ltr'><strong>est‚reticnlum-</strong></span> 
     </span>
     <span class='ocr_line' id='line_1_35' title="bbox 132 2794 948 2866; baseline 0.004 -17"><span class='ocrx_word' id='word_1_325' title='bbox 132 2795 305 2866; x_wconf 90' lang='lat' dir='ltr'><strong>quejeooris</strong></span> <span class='ocrx_word' id='word_1_326' title='bbox 315 2811 381 2850; x_wconf 91' lang='lat' dir='ltr'><strong>cum</strong></span> <span class='ocrx_word' id='word_1_327' title='bbox 396 2794 575 2851; x_wconf 87' lang='lat' dir='ltr'><strong>renunculis.</strong></span> <span class='ocrx_word' id='word_1_328' title='bbox 589 2796 621 2851; x_wconf 76' lang='lat' dir='ltr'><strong>ut</strong></span> <span class='ocrx_word' id='word_1_329' title='bbox 631 2794 802 2852; x_wconf 89' lang='lat' dir='ltr'><strong>adolebitea</strong></span> <span class='ocrx_word' id='word_1_330' title='bbox 813 2797 948 2852; x_wconf 88' lang='lat' dir='ltr'><strong>sacerdos</strong></span> 
     </span>
     <span class='ocr_line' id='line_1_36' title="bbox 129 2882 948 2956; baseline 0.001 -17"><span class='ocrx_word' id='word_1_331' title='bbox 129 2899 218 2955; x_wconf 91' lang='lat' dir='ltr'><strong>super</strong></span> <span class='ocrx_word' id='word_1_332' title='bbox 229 2882 321 2940; x_wconf 86' lang='lat' dir='ltr'><strong>altare</strong></span> <span class='ocrx_word' id='word_1_333' title='bbox 334 2900 341 2937; x_wconf 93' lang='lat'>:</span> <span class='ocrx_word' id='word_1_334' title='bbox 355 2883 509 2939; x_wconf 84' lang='lat' dir='ltr'><strong>incensum</strong></span> <span class='ocrx_word' id='word_1_335' title='bbox 520 2888 565 2940; x_wconf 93' lang='lat' dir='ltr'><strong>est</strong></span> <span class='ocrx_word' id='word_1_336' title='bbox 575 2885 688 2940; x_wconf 82' lang='lat' dir='ltr'><strong>Domini</strong></span> <span class='ocrx_word' id='word_1_337' title='bbox 701 2900 753 2956; x_wconf 90' lang='lat' dir='ltr'><strong>pro</strong></span> <span class='ocrx_word' id='word_1_338' title='bbox 763 2883 948 2940; x_wconf 79' lang='lat' dir='ltr'><strong>delictoDm·</strong></span> 
     </span>
    </p>
   </div>
   <div class='ocr_carea' id='block_1_8' title="bbox 17 2971 948 3055">
    <p class='ocr_par' dir='ltr' id='par_1_8' title="bbox 17 2971 948 3055">
     <span class='ocr_line' id='line_1_37' title="bbox 17 2971 948 3055; baseline 0.002 -29"><span class='ocrx_word' id='word_1_339' title='bbox 17 3048 22 3055; x_wconf 34' lang='grc' dir='ltr'>Ι</span> <span class='ocrx_word' id='word_1_340' title='bbox 127 2972 173 3027; x_wconf 89' lang='lat' dir='ltr'><strong>nis</strong></span> <span class='ocrx_word' id='word_1_341' title='bbox 191 2971 341 3028; x_wconf 87' lang='lat' dir='ltr'><strong>masculus</strong></span> <span class='ocrx_word' id='word_1_342' title='bbox 356 2973 392 3028; x_wconf 94' lang='lat' dir='ltr'><strong>de</strong></span> <span class='ocrx_word' id='word_1_343' title='bbox 407 2972 580 3029; x_wconf 86' lang='lat' dir='ltr'><strong>sacerdotali</strong></span> <span class='ocrx_word' id='word_1_344' title='bbox 596 2989 712 3046; x_wconf 89' lang='lat' dir='ltr'><strong>genere,</strong></span> <span class='ocrx_word' id='word_1_345' title='bbox 725 2974 754 3029; x_wconf 86' lang='lat' dir='ltr'><strong>iu</strong></span> <span class='ocrx_word' id='word_1_346' title='bbox 771 2974 948 3029; x_wconf 88' lang='lat' dir='ltr'><strong>locosancto</strong></span> 
     </span>
    </p>
   </div>
   <div class='ocr_carea' id='block_1_9' title="bbox 40 3060 950 3929">
    <p class='ocr_par' dir='ltr' id='par_1_9' title="bbox 40 3060 950 3929">
     <span class='ocr_line' id='line_1_38' title="bbox 126 3060 947 3135; baseline 0.001 -20"><span class='ocrx_word' id='word_1_347' title='bbox 126 3064 259 3117; x_wconf 85' lang='lat' dir='ltr'><strong>vescetur</strong></span> <span class='ocrx_word' id='word_1_348' title='bbox 273 3060 320 3116; x_wconf 88' lang='lat' dir='ltr'><strong>his</strong></span> <span class='ocrx_word' id='word_1_349' title='bbox 335 3060 483 3130; x_wconf 87' lang='lat' dir='ltr'><strong>carnibus,</strong></span> <span class='ocrx_word' id='word_1_350' title='bbox 493 3062 563 3133; x_wconf 89' lang='lat' dir='ltr'><strong>quia</strong></span> <span class='ocrx_word' id='word_1_351' title='bbox 577 3062 692 3134; x_wconf 88' lang='lat' dir='ltr'><strong>sancta[</strong></span> <span class='ocrx_word' id='word_1_352' title='bbox 706 3063 782 3133; x_wconf 78' lang='lat' dir='ltr'><strong>l&#39;olq.</strong></span> <span class='ocrx_word' id='word_1_353' title='bbox 800 3061 947 3135; x_wconf 83' lang='lat' dir='ltr'><strong>sanctum]</strong></span> 
     </span>
     <span class='ocr_line' id='line_1_39' title="bbox 126 3150 948 3221; baseline 0.001 -16"><span class='ocrx_word' id='word_1_354' title='bbox 126 3153 296 3205; x_wconf 89' lang='lat' dir='ltr'><strong>sanctorum</strong></span> <span class='ocrx_word' id='word_1_355' title='bbox 311 3155 366 3204; x_wconf 86' lang='lat' dir='ltr'><strong>est.</strong></span> <span class='ocrx_word' id='word_1_356' title='bbox 378 3150 459 3205; x_wconf 87' lang='lat' dir='ltr'><strong>Sicut</strong></span> <span class='ocrx_word' id='word_1_357' title='bbox 474 3166 526 3221; x_wconf 93' lang='lat' dir='ltr'><strong>pro</strong></span> <span class='ocrx_word' id='word_1_358' title='bbox 539 3154 655 3221; x_wconf 88' lang='lat' dir='ltr'><strong>peccato</strong></span> <span class='ocrx_word' id='word_1_359' title='bbox 664 3151 784 3205; x_wconf 85' lang='lat' dir='ltr'><strong>otlertur</strong></span> <span class='ocrx_word' id='word_1_360' title='bbox 793 3151 898 3221; x_wconf 90' lang='lat' dir='ltr'><strong>hostia,</strong></span> <span class='ocrx_word' id='word_1_361' title='bbox 907 3152 948 3206; x_wconf 89' lang='lat' dir='ltr'><strong>ita</strong></span> 
     </span>
     <span class='ocr_line' id='line_1_40' title="bbox 129 3237 946 3310; baseline 0 -17"><span class='ocrx_word' id='word_1_362' title='bbox 129 3241 159 3293; x_wconf 86' lang='lat' dir='ltr'><strong>et</strong></span> <span class='ocrx_word' id='word_1_363' title='bbox 173 3253 226 3308; x_wconf 89' lang='lat' dir='ltr'><strong>pro</strong></span> <span class='ocrx_word' id='word_1_364' title='bbox 242 3237 367 3292; x_wconf 87' lang='lat' dir='ltr'><strong>delicto:</strong></span> <span class='ocrx_word' id='word_1_365' title='bbox 384 3238 539 3310; x_wconf 91' lang='lat' dir='ltr'><strong>utriusque</strong></span> <span class='ocrx_word' id='word_1_366' title='bbox 563 3237 666 3295; x_wconf 80' lang='lat' dir='ltr'><strong>hostiae</strong></span> <span class='ocrx_word' id='word_1_367' title='bbox 691 3237 734 3294; x_wconf 81' lang='lat' dir='ltr'><strong>lex</strong></span> <span class='ocrx_word' id='word_1_368' title='bbox 751 3256 809 3295; x_wconf 89' lang='lat' dir='ltr'><strong>una</strong></span> <span class='ocrx_word' id='word_1_369' title='bbox 823 3240 896 3309; x_wconf 82' lang='lat' dir='ltr'><strong>erit3</strong></span> <span class='ocrx_word' id='word_1_370' title='bbox 913 3241 946 3294; x_wconf 90' lang='lat' dir='ltr'><strong>ad</strong></span> 
     </span>
     <span class='ocr_line' id='line_1_41' title="bbox 129 3325 950 3398; baseline 0.006 -19"><span class='ocrx_word' id='word_1_371' title='bbox 129 3325 950 3398; x_wconf 76' lang='lat' dir='ltr'><strong>sacerdotem,quiaeamobtulerit,pertinebit.Sacerdos</strong></span> 
     </span>
     <span class='ocr_line' id='line_1_42' title="bbox 128 3413 947 3487; baseline 0.004 -19"><span class='ocrx_word' id='word_1_372' title='bbox 128 3414 180 3485; x_wconf 91' lang='lat' dir='ltr'><strong>qui</strong></span> <span class='ocrx_word' id='word_1_373' title='bbox 191 3414 275 3469; x_wconf 84' lang='lat' dir='ltr'><strong>offert</strong></span> <span class='ocrx_word' id='word_1_374' title='bbox 288 3413 450 3469; x_wconf 87' lang='lat' dir='ltr'><strong>holocausti</strong></span> <span class='ocrx_word' id='word_1_375' title='bbox 463 3415 620 3481; x_wconf 86' lang='lat' dir='ltr'><strong>victimam,</strong></span> <span class='ocrx_word' id='word_1_376' title='bbox 633 3415 752 3471; x_wconf 86' lang='lat' dir='ltr'><strong>habebit</strong></span> <span class='ocrx_word' id='word_1_377' title='bbox 760 3416 863 3487; x_wconf 89' lang='lat' dir='ltr'><strong>pellem</strong></span> <span class='ocrx_word' id='word_1_378' title='bbox 873 3417 947 3487; x_wconf 87' lang='lat' dir='ltr'><strong>ejus.</strong></span> 
     </span>
     <span class='ocr_line' id='line_1_43' title="bbox 128 3502 948 3581; baseline 0.001 -24"><span class='ocrx_word' id='word_1_379' title='bbox 128 3503 164 3581; x_wconf 77' lang='lat' dir='ltr'><strong>llt</strong></span> <span class='ocrx_word' id='word_1_380' title='bbox 178 3519 264 3558; x_wconf 90' lang='lat' dir='ltr'><strong>omne</strong></span> <span class='ocrx_word' id='word_1_381' title='bbox 279 3503 456 3558; x_wconf 75' lang='lat' dir='ltr'><strong>sacrificium</strong></span> <span class='ocrx_word' id='word_1_382' title='bbox 472 3502 587 3571; x_wconf 74' lang='lat' dir='ltr'><strong>simila,</strong></span> <span class='ocrx_word' id='word_1_383' title='bbox 604 3505 680 3575; x_wconf 91' lang='lat' dir='ltr'><strong>quod</strong></span> <span class='ocrx_word' id='word_1_384' title='bbox 696 3505 831 3576; x_wconf 89' lang='lat' dir='ltr'><strong>coquitur</strong></span> <span class='ocrx_word' id='word_1_385' title='bbox 843 3506 872 3559; x_wconf 88' lang='lat' dir='ltr'><strong>in</strong></span> <span class='ocrx_word' id='word_1_386' title='bbox 892 3505 948 3561; x_wconf 91' lang='lat' dir='ltr'><strong>oli·</strong></span> 
     </span>
     <span class='ocr_line' id='line_1_44' title="bbox 129 3591 949 3666; baseline 0.005 -21"><span class='ocrx_word' id='word_1_387' title='bbox 129 3591 216 3659; x_wconf 91' lang='lat' dir='ltr'><strong>bano,</strong></span> <span class='ocrx_word' id='word_1_388' title='bbox 227 3591 372 3663; x_wconf 92' lang='lat' dir='ltr'><strong>quidquid</strong></span> <span class='ocrx_word' id='word_1_389' title='bbox 384 3596 412 3646; x_wconf 90' lang='lat' dir='ltr'><strong>et</strong></span> <span class='ocrx_word' id='word_1_390' title='bbox 422 3592 450 3645; x_wconf 91' lang='lat' dir='ltr'><strong>in</strong></span> <span class='ocrx_word' id='word_1_391' title='bbox 467 3591 608 3648; x_wconf 87' lang='lat' dir='ltr'><strong>craticula</strong></span> <span class='ocrx_word' id='word_1_392' title='bbox 617 3591 661 3647; x_wconf 92' lang='lat' dir='ltr'><strong>vel</strong></span> <span class='ocrx_word' id='word_1_393' title='bbox 675 3594 704 3648; x_wconf 96' lang='lat' dir='ltr'><strong>in</strong></span> <span class='ocrx_word' id='word_1_394' title='bbox 716 3593 863 3665; x_wconf 79' lang='lat' dir='ltr'><strong>sartagine</strong></span> <span class='ocrx_word' id='word_1_395' title='bbox 875 3611 949 3666; x_wconf 74' lang='lat' dir='ltr'><strong>prm·</strong></span> 
     </span>
     <span class='ocr_line' id='line_1_45' title="bbox 130 3680 948 3754; baseline 0.004 -19"><span class='ocrx_word' id='word_1_396' title='bbox 130 3684 262 3751; x_wconf 88' lang='lat' dir='ltr'><strong>paratur,</strong></span> <span class='ocrx_word' id='word_1_397' title='bbox 274 3681 339 3751; x_wconf 89' lang='lat' dir='ltr'><strong>ejus</strong></span> <span class='ocrx_word' id='word_1_398' title='bbox 354 3681 409 3735; x_wconf 90' lang='lat' dir='ltr'><strong>erit</strong></span> <span class='ocrx_word' id='word_1_399' title='bbox 423 3680 584 3736; x_wconf 88' lang='lat' dir='ltr'><strong>sacerdotis</strong></span> <span class='ocrx_word' id='word_1_400' title='bbox 600 3698 616 3736; x_wconf 91' lang='lat' dir='ltr'><strong>a</strong></span> <span class='ocrx_word' id='word_1_401' title='bbox 631 3697 688 3752; x_wconf 92' lang='lat' dir='ltr'><strong>quo</strong></span> <span class='ocrx_word' id='word_1_402' title='bbox 705 3683 824 3739; x_wconf 83' lang='lat' dir='ltr'><strong>oilertur</strong></span> <span class='ocrx_word' id='word_1_403' title='bbox 836 3700 843 3738; x_wconf 91' lang='lat'>:</span> <span class='ocrx_word' id='word_1_404' title='bbox 856 3683 897 3754; x_wconf 90' lang='lat' dir='ltr'><strong>(h.</strong></span> <span class='ocrx_word' id='word_1_405' title='bbox 909 3687 948 3754; x_wconf 90' lang='lat' dir='ltr'><strong>et)</strong></span> 
     </span>
     <span class='ocr_line' id='line_1_46' title="bbox 40 3756 949 3853; baseline 0.002 -29"><span class='ocrx_word' id='word_1_406' title='bbox 40 3768 58 3853; x_wconf 27' lang='grc' dir='ltr'><strong>’ἱ</strong></span> <span class='ocrx_word' id='word_1_407' title='bbox 129 3768 190 3824; x_wconf 89' lang='lat' dir='ltr'><strong>sive</strong></span> <span class='ocrx_word' id='word_1_408' title='bbox 205 3756 449 3840; x_wconf 56' lang='lat' dir='ltr'><strong>oleo‘consperaa,</strong></span> <span class='ocrx_word' id='word_1_409' title='bbox 466 3768 526 3824; x_wconf 88' lang='lat' dir='ltr'><strong>eive</strong></span> <span class='ocrx_word' id='word_1_410' title='bbox 542 3768 622 3824; x_wconf 87' lang='lat' dir='ltr'><strong>arida</strong></span> <span class='ocrx_word' id='word_1_411' title='bbox 637 3769 735 3840; x_wconf 85' lang='lat' dir='ltr'><strong>luerit,</strong></span> <span class='ocrx_word' id='word_1_412' title='bbox 751 3771 864 3827; x_wconf 88' lang='lat' dir='ltr'><strong>cunctis</strong></span> <span class='ocrx_word' id='word_1_413' title='bbox 880 3772 949 3826; x_wconf 83' lang='lat' dir='ltr'><strong>siliis</strong></span> 
     </span>
     <span class='ocr_line' id='line_1_47' title="bbox 128 3856 950 3929; baseline 0.007 -19"><span class='ocrx_word' id='word_1_414' title='bbox 128 3860 224 3911; x_wconf 77' lang='lat' dir='ltr'><strong>Aaron</strong></span> <span class='ocrx_word' id='word_1_415' title='bbox 241 3871 381 3912; x_wconf 84' lang='lat' dir='ltr'><strong>mensura</strong></span> <span class='ocrx_word' id='word_1_416' title='bbox 396 3873 480 3929; x_wconf 85' lang='lat' dir='ltr'><strong>rnqua</strong></span> <span class='ocrx_word' id='word_1_417' title='bbox 495 3873 546 3928; x_wconf 87' lang='lat' dir='ltr'><strong>per</strong></span> <span class='ocrx_word' id='word_1_418' title='bbox 560 3856 693 3929; x_wconf 90' lang='lat' dir='ltr'><strong>singulos</strong></span> <span class='ocrx_word' id='word_1_419' title='bbox 705 3858 865 3916; x_wconf 81' lang='lat' dir='ltr'><strong>deridetur.</strong></span> <span class='ocrx_word' id='word_1_420' title='bbox 883 3860 950 3916; x_wconf 77' lang='lat' dir='ltr'><strong>Hac</strong></span> 
     </span>
    </p>
   </div>
   <div class='ocr_carea' id='block_1_10' title="bbox 998 1958 1827 3100">
    <p class='ocr_par' dir='ltr' id='par_1_10' title="bbox 998 1958 1827 3100">
     <span class='ocr_line' id='line_1_48' title="bbox 998 1958 1823 2036; baseline -0.011 -15"><span class='ocrx_word' id='word_1_421' title='bbox 998 1966 1119 2022; x_wconf 88' lang='lat' dir='ltr'><strong>dicens:</strong></span> <span class='ocrx_word' id='word_1_422' title='bbox 1135 1965 1265 2036; x_wconf 87' lang='lat' dir='ltr'><strong>Loquere</strong></span> <span class='ocrx_word' id='word_1_423' title='bbox 1288 1963 1357 2020; x_wconf 84' lang='lat' dir='ltr'><strong>tiliis</strong></span> <span class='ocrx_word' id='word_1_424' title='bbox 1385 1961 1475 2019; x_wconf 88' lang='lat' dir='ltr'><strong>lsrael</strong></span> <span class='ocrx_word' id='word_1_425' title='bbox 1504 1961 1581 2032; x_wconf 77' lang='lat' dir='ltr'><strong>(lulp</strong></span> <span class='ocrx_word' id='word_1_426' title='bbox 1604 1959 1669 2017; x_wconf 82' lang='lat' dir='ltr'><strong>add.</strong></span> <span class='ocrx_word' id='word_1_427' title='bbox 1685 1958 1823 2030; x_wconf 87' lang='lat' dir='ltr'><strong>dioens):</strong></span> 
     </span>
     <span class='ocr_line' id='line_1_49' title="bbox 998 2048 1827 2125; baseline -0.01 -16"><span class='ocrx_word' id='word_1_428' title='bbox 998 2054 1053 2118; x_wconf 85' lang='lat' dir='ltr'><strong>Qui</strong></span> <span class='ocrx_word' id='word_1_429' title='bbox 1075 2054 1159 2110; x_wconf 81' lang='lat' dir='ltr'><strong>offert</strong></span> <span class='ocrx_word' id='word_1_430' title='bbox 1181 2054 1331 2109; x_wconf 90' lang='lat' dir='ltr'><strong>victimam</strong></span> <span class='ocrx_word' id='word_1_431' title='bbox 1356 2053 1545 2125; x_wconf 83' lang='lat' dir='ltr'><strong>pacificorum</strong></span> <span class='ocrx_word' id='word_1_432' title='bbox 1570 2051 1705 2114; x_wconf 87' lang='lat' dir='ltr'><strong>Domino,</strong></span> <span class='ocrx_word' id='word_1_433' title='bbox 1721 2048 1827 2103; x_wconf 81' lang='lat' dir='ltr'><strong>oderat</strong></span> 
     </span>
     <span class='ocr_line' id='line_1_50' title="bbox 999 2137 1825 2210; baseline -0.011 -12"><span class='ocrx_word' id='word_1_434' title='bbox 999 2140 1088 2199; x_wconf 92' lang='lat' dir='ltr'><strong>simul</strong></span> <span class='ocrx_word' id='word_1_435' title='bbox 1103 2146 1133 2198; x_wconf 89' lang='lat' dir='ltr'><strong>et</strong></span> <span class='ocrx_word' id='word_1_436' title='bbox 1148 2141 1337 2210; x_wconf 85' lang='lat' dir='ltr'><strong>sucrificium,</strong></span> <span class='ocrx_word' id='word_1_437' title='bbox 1347 2141 1376 2196; x_wconf 91' lang='lat' dir='ltr'><strong>id</strong></span> <span class='ocrx_word' id='word_1_438' title='bbox 1391 2146 1447 2208; x_wconf 88' lang='lat' dir='ltr'><strong>cst,</strong></span> <span class='ocrx_word' id='word_1_439' title='bbox 1458 2144 1487 2195; x_wconf 90' lang='lat' dir='ltr'><strong>et</strong></span> <span class='ocrx_word' id='word_1_440' title='bbox 1501 2138 1664 2195; x_wconf 89' lang='lat' dir='ltr'><strong>libamenta</strong></span> <span class='ocrx_word' id='word_1_441' title='bbox 1678 2137 1756 2206; x_wconf 85' lang='lat' dir='ltr'><strong>ejus.</strong></span> <span class='ocrx_word' id='word_1_442' title='bbox 1767 2140 1825 2190; x_wconf 85' lang='lat' dir='ltr'><strong>Ta-</strong></span> 
     </span>
     <span class='ocr_line' id='line_1_51' title="bbox 1000 2223 1825 2301; baseline -0.012 -14"><span class='ocrx_word' id='word_1_443' title='bbox 1000 2231 1081 2287; x_wconf 92' lang='lat' dir='ltr'><strong>nebit</strong></span> <span class='ocrx_word' id='word_1_444' title='bbox 1104 2231 1241 2287; x_wconf 91' lang='lat' dir='ltr'><strong>manibus</strong></span> <span class='ocrx_word' id='word_1_445' title='bbox 1267 2231 1384 2301; x_wconf 88' lang='lat' dir='ltr'><strong>adipem</strong></span> <span class='ocrx_word' id='word_1_446' title='bbox 1409 2228 1523 2298; x_wconf 74' lang='lat' dir='ltr'><strong>hostia,</strong></span> <span class='ocrx_word' id='word_1_447' title='bbox 1539 2231 1568 2284; x_wconf 89' lang='lat' dir='ltr'><strong>et</strong></span> <span class='ocrx_word' id='word_1_448' title='bbox 1596 2223 1825 2298; x_wconf 88' lang='lat' dir='ltr'><strong>pectusculum:</strong></span> 
     </span>
     <span class='ocr_line' id='line_1_52' title="bbox 1000 2311 1827 2390; baseline -0.01 -14"><span class='ocrx_word' id='word_1_449' title='bbox 1000 2335 1127 2390; x_wconf 89' lang='lat' dir='ltr'><strong>cumque</strong></span> <span class='ocrx_word' id='word_1_450' title='bbox 1136 2320 1224 2374; x_wconf 92' lang='lat' dir='ltr'><strong>ambo</strong></span> <span class='ocrx_word' id='word_1_451' title='bbox 1239 2317 1338 2374; x_wconf 89' lang='lat' dir='ltr'><strong>oblata</strong></span> <span class='ocrx_word' id='word_1_452' title='bbox 1352 2317 1476 2373; x_wconf 89' lang='lat' dir='ltr'><strong>Domino</strong></span> <span class='ocrx_word' id='word_1_453' title='bbox 1490 2313 1716 2379; x_wconf 88' lang='lat' dir='ltr'><strong>consecraverit,</strong></span> <span class='ocrx_word' id='word_1_454' title='bbox 1728 2311 1827 2368; x_wconf 85' lang='lat' dir='ltr'><strong>tradet</strong></span> 
     </span>
     <span class='ocr_line' id='line_1_53' title="bbox 1000 2400 1825 2478; baseline -0.01 -14"><span class='ocrx_word' id='word_1_455' title='bbox 1000 2406 1155 2473; x_wconf 89' lang='lat' dir='ltr'><strong>sacerdoti,</strong></span> <span class='ocrx_word' id='word_1_456' title='bbox 1171 2406 1222 2478; x_wconf 94' lang='lat' dir='ltr'><strong>qui</strong></span> <span class='ocrx_word' id='word_1_457' title='bbox 1249 2406 1378 2463; x_wconf 88' lang='lat' dir='ltr'><strong>adolebit</strong></span> <span class='ocrx_word' id='word_1_458' title='bbox 1398 2405 1513 2476; x_wconf 90' lang='lat' dir='ltr'><strong>adipem</strong></span> <span class='ocrx_word' id='word_1_459' title='bbox 1536 2419 1626 2474; x_wconf 93' lang='lat' dir='ltr'><strong>super</strong></span> <span class='ocrx_word' id='word_1_460' title='bbox 1649 2400 1752 2469; x_wconf 89' lang='lat' dir='ltr'><strong>altare,</strong></span> <span class='ocrx_word' id='word_1_461' title='bbox 1769 2415 1825 2472; x_wconf 91' lang='lat' dir='ltr'><strong>pe·</strong></span> 
     </span>
     <span class='ocr_line' id='line_1_54' title="bbox 1001 2488 1824 2560; baseline -0.01 -8"><span class='ocrx_word' id='word_1_462' title='bbox 1001 2499 1171 2552; x_wconf 82' lang='lat' dir='ltr'><strong>olusculum</strong></span> <span class='ocrx_word' id='word_1_463' title='bbox 1183 2499 1281 2551; x_wconf 89' lang='lat' dir='ltr'><strong>autem</strong></span> <span class='ocrx_word' id='word_1_464' title='bbox 1290 2494 1346 2549; x_wconf 89' lang='lat' dir='ltr'><strong>erit</strong></span> <span class='ocrx_word' id='word_1_465' title='bbox 1355 2496 1450 2549; x_wconf 83' lang='lat' dir='ltr'><strong>Aaron</strong></span> <span class='ocrx_word' id='word_1_466' title='bbox 1458 2496 1487 2549; x_wconf 87' lang='lat' dir='ltr'><strong>et</strong></span> <span class='ocrx_word' id='word_1_467' title='bbox 1498 2488 1824 2560; x_wconf 76' lang='lat' dir='ltr'><strong>liliorumejus.hrmus</strong></span> 
     </span>
     <span class='ocr_line' id='line_1_55' title="bbox 1001 2575 1825 2656; baseline -0.013 -16"><span class='ocrx_word' id='word_1_468' title='bbox 1001 2600 1118 2656; x_wconf 90' lang='lat' dir='ltr'><strong>quoque</strong></span> <span class='ocrx_word' id='word_1_469' title='bbox 1127 2583 1271 2640; x_wconf 85' lang='lat' dir='ltr'><strong>dexterde</strong></span> <span class='ocrx_word' id='word_1_470' title='bbox 1281 2579 1580 2655; x_wconf 83' lang='lat' dir='ltr'><strong>pacificorumhostiie</strong></span> <span class='ocrx_word' id='word_1_471' title='bbox 1590 2578 1672 2634; x_wconf 86' lang='lat' dir='ltr'><strong>cedet</strong></span> <span class='ocrx_word' id='word_1_472' title='bbox 1681 2577 1709 2631; x_wconf 93' lang='lat' dir='ltr'><strong>in</strong></span> <span class='ocrx_word' id='word_1_473' title='bbox 1721 2575 1825 2647; x_wconf 88' lang='lat' dir='ltr'><strong>primi-</strong></span> 
     </span>
     <span class='ocr_line' id='line_1_56' title="bbox 1001 2665 1825 2741; baseline -0.008 -13"><span class='ocrx_word' id='word_1_474' title='bbox 1001 2674 1059 2729; x_wconf 87' lang='lat' dir='ltr'><strong>tias</strong></span> <span class='ocrx_word' id='word_1_475' title='bbox 1070 2672 1240 2730; x_wconf 90' lang='lat' dir='ltr'><strong>sacerdotis.</strong></span> <span class='ocrx_word' id='word_1_476' title='bbox 1250 2672 1304 2738; x_wconf 86' lang='lat' dir='ltr'><strong>Qui</strong></span> <span class='ocrx_word' id='word_1_477' title='bbox 1317 2670 1456 2727; x_wconf 90' lang='lat' dir='ltr'><strong>obtulerit</strong></span> <span class='ocrx_word' id='word_1_478' title='bbox 1466 2669 1640 2741; x_wconf 87' lang='lat' dir='ltr'><strong>sanguinem</strong></span> <span class='ocrx_word' id='word_1_479' title='bbox 1653 2670 1682 2721; x_wconf 92' lang='lat' dir='ltr'><strong>et</strong></span> <span class='ocrx_word' id='word_1_480' title='bbox 1694 2665 1825 2737; x_wconf 89' lang='lat' dir='ltr'><strong>adipem,</strong></span> 
     </span>
     <span class='ocr_line' id='line_1_57' title="bbox 1001 2753 1825 2833; baseline -0.012 -16"><span class='ocrx_word' id='word_1_481' title='bbox 1001 2761 1130 2817; x_wconf 89' lang='lat' dir='ltr'><strong>liliorum</strong></span> <span class='ocrx_word' id='word_1_482' title='bbox 1146 2763 1249 2825; x_wconf 85' lang='lat' dir='ltr'><strong>heron,</strong></span> <span class='ocrx_word' id='word_1_483' title='bbox 1266 2761 1329 2833; x_wconf 88' lang='lat' dir='ltr'><strong>ipse</strong></span> <span class='ocrx_word' id='word_1_484' title='bbox 1350 2759 1470 2816; x_wconf 88' lang='lat' dir='ltr'><strong>habebit</strong></span> <span class='ocrx_word' id='word_1_485' title='bbox 1493 2771 1608 2813; x_wconf 89' lang='lat' dir='ltr'><strong>armum</strong></span> <span class='ocrx_word' id='word_1_486' title='bbox 1632 2755 1766 2811; x_wconf 85' lang='lat' dir='ltr'><strong>dextrum</strong></span> <span class='ocrx_word' id='word_1_487' title='bbox 1793 2753 1825 2808; x_wconf 93' lang='lat' dir='ltr'><strong>in</strong></span> 
     </span>
     <span class='ocr_line' id='line_1_58' title="bbox 1001 2842 1825 2924; baseline -0.013 -18"><span class='ocrx_word' id='word_1_488' title='bbox 1001 2849 1134 2924; x_wconf 87' lang='lat' dir='ltr'><strong>portione</strong></span> <span class='ocrx_word' id='word_1_489' title='bbox 1148 2866 1212 2905; x_wconf 87' lang='lat' dir='ltr'><strong>aua.</strong></span> <span class='ocrx_word' id='word_1_490' title='bbox 1229 2847 1436 2905; x_wconf 75' lang='lat' dir='ltr'><strong>pectusculum</strong></span> <span class='ocrx_word' id='word_1_491' title='bbox 1449 2845 1528 2903; x_wconf 87' lang='lat' dir='ltr'><strong>enim</strong></span> <span class='ocrx_word' id='word_1_492' title='bbox 1543 2842 1715 2900; x_wconf 87' lang='lat' dir='ltr'><strong>elevationis</strong></span> <span class='ocrx_word' id='word_1_493' title='bbox 1732 2846 1761 2897; x_wconf 94' lang='lat' dir='ltr'><strong>et</strong></span> <span class='ocrx_word' id='word_1_494' title='bbox 1775 2856 1825 2896; x_wconf 91' lang='lat' dir='ltr'><strong>ar·</strong></span> 
     </span>
     <span class='ocr_line' id='line_1_59' title="bbox 998 2931 1826 3010; baseline -0.011 -15"><span class='ocrx_word' id='word_1_495' title='bbox 998 2955 1081 3008; x_wconf 86' lang='lat' dir='ltr'><strong>mum</strong></span> <span class='ocrx_word' id='word_1_496' title='bbox 1090 2939 1282 3010; x_wconf 86' lang='lat' dir='ltr'><strong>separationis</strong></span> <span class='ocrx_word' id='word_1_497' title='bbox 1294 2937 1348 2992; x_wconf 89' lang='lat' dir='ltr'><strong>tuli</strong></span> <span class='ocrx_word' id='word_1_498' title='bbox 1357 2936 1451 2993; x_wconf 84' lang='lat' dir='ltr'><strong>sfiliis</strong></span> <span class='ocrx_word' id='word_1_499' title='bbox 1459 2933 1548 2991; x_wconf 88' lang='lat' dir='ltr'><strong>lsrael</strong></span> <span class='ocrx_word' id='word_1_500' title='bbox 1558 2934 1593 2990; x_wconf 87' lang='lat' dir='ltr'><strong>de</strong></span> <span class='ocrx_word' id='word_1_501' title='bbox 1604 2931 1709 2989; x_wconf 89' lang='lat' dir='ltr'><strong>hostiis</strong></span> <span class='ocrx_word' id='word_1_502' title='bbox 1720 2945 1826 2987; x_wconf 87' lang='lat' dir='ltr'><strong>eorum</strong></span> 
     </span>
     <span class='ocr_line' id='line_1_60' title="bbox 1002 3019 1824 3100; baseline -0.012 -17"><span class='ocrx_word' id='word_1_503' title='bbox 1002 3028 1142 3100; x_wconf 87' lang='lat' dir='ltr'><strong>pacilicis,</strong></span> <span class='ocrx_word' id='word_1_504' title='bbox 1157 3032 1187 3083; x_wconf 90' lang='lat' dir='ltr'><strong>et</strong></span> <span class='ocrx_word' id='word_1_505' title='bbox 1210 3026 1276 3082; x_wconf 90' lang='lat' dir='ltr'><strong>dedi</strong></span> <span class='ocrx_word' id='word_1_506' title='bbox 1306 3032 1401 3082; x_wconf 81' lang='lat' dir='ltr'><strong>Aaron</strong></span> <span class='ocrx_word' id='word_1_507' title='bbox 1429 3024 1573 3081; x_wconf 88' lang='lat' dir='ltr'><strong>sacerdoti</strong></span> <span class='ocrx_word' id='word_1_508' title='bbox 1601 3037 1635 3077; x_wconf 88' lang='lat' dir='ltr'><strong>ac</strong></span> <span class='ocrx_word' id='word_1_509' title='bbox 1659 3019 1824 3089; x_wconf 72' lang='lat' dir='ltr'><strong>bibacius,</strong></span> 
     </span>
    </p>
   </div>
   <div class='ocr_carea' id='block_1_11' title="bbox 962 3095 1826 3188">
    <p class='ocr_par' dir='ltr' id='par_1_11' title="bbox 962 3095 1826 3188">
     <span class='ocr_line' id='line_1_61' title="bbox 962 3095 1826 3188; baseline -0.013 -15"><span class='ocrx_word' id='word_1_510' title='bbox 962 3095 984 3162; x_wconf 78' lang='lat' dir='ltr'>C</span> <span class='ocrx_word' id='word_1_511' title='bbox 1002 3115 1065 3187; x_wconf 90' lang='lat' dir='ltr'><strong>lege</strong></span> <span class='ocrx_word' id='word_1_512' title='bbox 1080 3121 1229 3188; x_wconf 89' lang='lat' dir='ltr'><strong>perpetua,</strong></span> <span class='ocrx_word' id='word_1_513' title='bbox 1245 3117 1281 3171; x_wconf 89' lang='lat' dir='ltr'><strong>ab</strong></span> <span class='ocrx_word' id='word_1_514' title='bbox 1296 3115 1373 3172; x_wconf 87' lang='lat' dir='ltr'><strong>omni</strong></span> <span class='ocrx_word' id='word_1_515' title='bbox 1389 3114 1497 3187; x_wconf 91' lang='lat' dir='ltr'><strong>populo</strong></span> <span class='ocrx_word' id='word_1_516' title='bbox 1514 3109 1664 3180; x_wconf 82' lang='lat' dir='ltr'><strong>lsrael.(&#39;l.</strong></span> <span class='ocrx_word' id='word_1_517' title='bbox 1674 3107 1707 3176; x_wconf 86' lang='lat' dir='ltr'><strong>V,</strong></span> <span class='ocrx_word' id='word_1_518' title='bbox 1716 3107 1748 3164; x_wconf 88' lang='lat' dir='ltr'><strong>B.</strong></span> <span class='ocrx_word' id='word_1_519' title='bbox 1762 3107 1826 3176; x_wconf 85' lang='lat' dir='ltr'><strong>lV.)</strong></span> 
     </span>
    </p>
   </div>
   <div class='ocr_carea' id='block_1_12' title="bbox 1001 3199 1834 3896">
    <p class='ocr_par' dir='ltr' id='par_1_12' title="bbox 1001 3199 1834 3896">
     <span class='ocr_line' id='line_1_62' title="bbox 1004 3199 1827 3273; baseline -0.012 -11"><span class='ocrx_word' id='word_1_520' title='bbox 1004 3208 1068 3262; x_wconf 85' lang='lat' dir='ltr'><strong>llaec</strong></span> <span class='ocrx_word' id='word_1_521' title='bbox 1083 3212 1128 3262; x_wconf 86' lang='lat' dir='ltr'><strong>eat</strong></span> <span class='ocrx_word' id='word_1_522' title='bbox 1144 3206 1242 3261; x_wconf 89' lang='lat' dir='ltr'><strong>unctio</strong></span> <span class='ocrx_word' id='word_1_523' title='bbox 1256 3207 1334 3260; x_wconf 77' lang='lat' dir='ltr'><strong>Aron</strong></span> <span class='ocrx_word' id='word_1_524' title='bbox 1347 3209 1377 3259; x_wconf 90' lang='lat' dir='ltr'><strong>et</strong></span> <span class='ocrx_word' id='word_1_525' title='bbox 1391 3203 1518 3259; x_wconf 84' lang='lat' dir='ltr'><strong>tiliorum</strong></span> <span class='ocrx_word' id='word_1_526' title='bbox 1542 3201 1609 3273; x_wconf 89' lang='lat' dir='ltr'><strong>ejas</strong></span> <span class='ocrx_word' id='word_1_527' title='bbox 1633 3199 1662 3254; x_wconf 88' lang='lat' dir='ltr'><strong>in</strong></span> <span class='ocrx_word' id='word_1_528' title='bbox 1685 3212 1827 3253; x_wconf 75' lang='lat' dir='ltr'><strong>ceremo-</strong></span> 
     </span>
     <span class='ocr_line' id='line_1_63' title="bbox 1003 3290 1830 3364; baseline -0.013 -14"><span class='ocrx_word' id='word_1_529' title='bbox 1003 3294 1061 3351; x_wconf 91' lang='lat' dir='ltr'><strong>niis</strong></span> <span class='ocrx_word' id='word_1_530' title='bbox 1076 3293 1203 3364; x_wconf 78' lang='lat' dir='ltr'><strong>Domini,</strong></span> <span class='ocrx_word' id='word_1_531' title='bbox 1219 3293 1266 3350; x_wconf 93' lang='lat' dir='ltr'><strong>die</strong></span> <span class='ocrx_word' id='word_1_532' title='bbox 1281 3310 1339 3364; x_wconf 91' lang='lat' dir='ltr'><strong>qua</strong></span> <span class='ocrx_word' id='word_1_533' title='bbox 1355 3290 1462 3349; x_wconf 89' lang='lat' dir='ltr'><strong>obtulit</strong></span> <span class='ocrx_word' id='word_1_534' title='bbox 1477 3306 1527 3347; x_wconf 88' lang='lat' dir='ltr'><strong>eos</strong></span> <span class='ocrx_word' id='word_1_535' title='bbox 1552 3290 1660 3356; x_wconf 74' lang='lat' dir='ltr'><strong>Moses,</strong></span> <span class='ocrx_word' id='word_1_536' title='bbox 1677 3290 1710 3343; x_wconf 92' lang='lat' dir='ltr'><strong>ul</strong></span> <span class='ocrx_word' id='word_1_537' title='bbox 1731 3300 1830 3341; x_wconf 87' lang='lat' dir='ltr'><strong>sacer·</strong></span> 
     </span>
     <span class='ocr_line' id='line_1_64' title="bbox 1003 3374 1833 3455; baseline -0.014 -16"><span class='ocrx_word' id='word_1_538' title='bbox 1003 3384 1082 3440; x_wconf 91' lang='lat' dir='ltr'><strong>dotio</strong></span> <span class='ocrx_word' id='word_1_539' title='bbox 1099 3385 1301 3455; x_wconf 88' lang='lat' dir='ltr'><strong>iungerentur,</strong></span> <span class='ocrx_word' id='word_1_540' title='bbox 1317 3387 1345 3437; x_wconf 90' lang='lat' dir='ltr'><strong>et</strong></span> <span class='ocrx_word' id='word_1_541' title='bbox 1360 3398 1422 3452; x_wconf 77' lang='lat' dir='ltr'><strong>qua</strong></span> <span class='ocrx_word' id='word_1_542' title='bbox 1437 3379 1575 3453; x_wconf 79' lang='lat' dir='ltr'><strong>praecepit</strong></span> <span class='ocrx_word' id='word_1_543' title='bbox 1589 3376 1653 3434; x_wconf 87' lang='lat' dir='ltr'><strong>dari</strong></span> <span class='ocrx_word' id='word_1_544' title='bbox 1668 3375 1712 3432; x_wconf 88' lang='lat' dir='ltr'><strong>eis</strong></span> <span class='ocrx_word' id='word_1_545' title='bbox 1727 3374 1833 3431; x_wconf 90' lang='lat' dir='ltr'><strong>Domi-</strong></span> 
     </span>
     <span class='ocr_line' id='line_1_65' title="bbox 1003 3460 1833 3543; baseline -0.014 -15"><span class='ocrx_word' id='word_1_546' title='bbox 1003 3489 1058 3528; x_wconf 82' lang='lat' dir='ltr'><strong>nus</strong></span> <span class='ocrx_word' id='word_1_547' title='bbox 1070 3490 1086 3528; x_wconf 91' lang='lat' dir='ltr'><strong>a</strong></span> <span class='ocrx_word' id='word_1_548' title='bbox 1100 3471 1169 3527; x_wconf 87' lang='lat' dir='ltr'><strong>liliis</strong></span> <span class='ocrx_word' id='word_1_549' title='bbox 1180 3471 1269 3528; x_wconf 90' lang='lat' dir='ltr'><strong>lsrael</strong></span> <span class='ocrx_word' id='word_1_550' title='bbox 1286 3469 1426 3543; x_wconf 89' lang='lat' dir='ltr'><strong>religione</strong></span> <span class='ocrx_word' id='word_1_551' title='bbox 1439 3472 1581 3541; x_wconf 90' lang='lat' dir='ltr'><strong>perpetua</strong></span> <span class='ocrx_word' id='word_1_552' title='bbox 1591 3467 1620 3521; x_wconf 92' lang='lat' dir='ltr'><strong>in</strong></span> <span class='ocrx_word' id='word_1_553' title='bbox 1632 3460 1833 3538; x_wconf 86' lang='lat' dir='ltr'><strong>generationi-</strong></span> 
     </span>
     <span class='ocr_line' id='line_1_66' title="bbox 1002 3554 1834 3626; baseline -0.016 -8"><span class='ocrx_word' id='word_1_554' title='bbox 1002 3561 1059 3618; x_wconf 91' lang='lat' dir='ltr'><strong>bus</strong></span> <span class='ocrx_word' id='word_1_555' title='bbox 1075 3563 1149 3617; x_wconf 87' lang='lat' dir='ltr'><strong>suis.</strong></span> <span class='ocrx_word' id='word_1_556' title='bbox 1160 3563 1220 3616; x_wconf 86' lang='lat' dir='ltr'><strong>lsla</strong></span> <span class='ocrx_word' id='word_1_557' title='bbox 1229 3559 1275 3616; x_wconf 81' lang='lat' dir='ltr'><strong>lex</strong></span> <span class='ocrx_word' id='word_1_558' title='bbox 1283 3559 1447 3615; x_wconf 88' lang='lat' dir='ltr'><strong>holocausti</strong></span> <span class='ocrx_word' id='word_1_559' title='bbox 1459 3563 1488 3614; x_wconf 89' lang='lat' dir='ltr'><strong>et</strong></span> <span class='ocrx_word' id='word_1_560' title='bbox 1497 3554 1634 3612; x_wconf 86' lang='lat' dir='ltr'><strong>sacrificii</strong></span> <span class='ocrx_word' id='word_1_561' title='bbox 1647 3569 1698 3626; x_wconf 86' lang='lat' dir='ltr'><strong>pro</strong></span> <span class='ocrx_word' id='word_1_562' title='bbox 1709 3556 1834 3625; x_wconf 87' lang='lat' dir='ltr'><strong>peccato</strong></span> 
     </span>
     <span class='ocr_line' id='line_1_67' title="bbox 1004 3641 1830 3721; baseline -0.015 -16"><span class='ocrx_word' id='word_1_563' title='bbox 1004 3653 1090 3720; x_wconf 87' lang='lat' dir='ltr'><strong>atque</strong></span> <span class='ocrx_word' id='word_1_564' title='bbox 1105 3648 1224 3717; x_wconf 89' lang='lat' dir='ltr'><strong>delicto,</strong></span> <span class='ocrx_word' id='word_1_565' title='bbox 1239 3652 1268 3705; x_wconf 90' lang='lat' dir='ltr'><strong>et</strong></span> <span class='ocrx_word' id='word_1_566' title='bbox 1283 3664 1334 3721; x_wconf 92' lang='lat' dir='ltr'><strong>pro</strong></span> <span class='ocrx_word' id='word_1_567' title='bbox 1350 3645 1570 3703; x_wconf 87' lang='lat' dir='ltr'><strong>consecratione</strong></span> <span class='ocrx_word' id='word_1_568' title='bbox 1583 3649 1613 3700; x_wconf 90' lang='lat' dir='ltr'><strong>et</strong></span> <span class='ocrx_word' id='word_1_569' title='bbox 1636 3641 1830 3715; x_wconf 87' lang='lat' dir='ltr'><strong>pacificorum</strong></span> 
     </span>
     <span class='ocr_line' id='line_1_68' title="bbox 1001 3728 1833 3809; baseline -0.011 -18"><span class='ocrx_word' id='word_1_570' title='bbox 1001 3737 1149 3805; x_wconf 86' lang='lat' dir='ltr'><strong>victimis;</strong></span> <span class='ocrx_word' id='word_1_571' title='bbox 1175 3753 1248 3807; x_wconf 89' lang='lat' dir='ltr'><strong>quas</strong></span> <span class='ocrx_word' id='word_1_572' title='bbox 1272 3736 1362 3809; x_wconf 75' lang='lat' dir='ltr'><strong>(Volo.</strong></span> <span class='ocrx_word' id='word_1_573' title='bbox 1380 3736 1481 3808; x_wconf 85' lang='lat' dir='ltr'><strong>quami</strong></span> <span class='ocrx_word' id='word_1_574' title='bbox 1505 3733 1658 3792; x_wconf 86' lang='lat' dir='ltr'><strong>constituit</strong></span> <span class='ocrx_word' id='word_1_575' title='bbox 1681 3728 1833 3787; x_wconf 90' lang='lat' dir='ltr'><strong>Dominus</strong></span> 
     </span>
     <span class='ocr_line' id='line_1_69' title="bbox 1003 3816 1830 3896; baseline -0.016 -13"><span class='ocrx_word' id='word_1_576' title='bbox 1003 3825 1075 3883; x_wconf 81' lang='lat' dir='ltr'><strong>llosi</strong></span> <span class='ocrx_word' id='word_1_577' title='bbox 1107 3825 1137 3881; x_wconf 89' lang='lat' dir='ltr'><strong>in</strong></span> <span class='ocrx_word' id='word_1_578' title='bbox 1169 3830 1269 3881; x_wconf 89' lang='lat' dir='ltr'><strong>monte</strong></span> <span class='ocrx_word' id='word_1_579' title='bbox 1297 3824 1389 3895; x_wconf 78' lang='lat' dir='ltr'><strong>Sinai,</strong></span> <span class='ocrx_word' id='word_1_580' title='bbox 1417 3824 1537 3896; x_wconf 89' lang='lat' dir='ltr'><strong>quaudo</strong></span> <span class='ocrx_word' id='word_1_581' title='bbox 1571 3822 1724 3879; x_wconf 86' lang='lat' dir='ltr'><strong>mandavit</strong></span> <span class='ocrx_word' id='word_1_582' title='bbox 1760 3816 1830 3873; x_wconf 84' lang='lat' dir='ltr'><strong>filiis</strong></span> 
     </span>
    </p>
   </div>
   <div class='ocr_carea' id='block_1_13' title="bbox 1003 3907 1831 3971">
    <p class='ocr_par' dir='ltr' id='par_1_13' title="bbox 1003 3907 1831 3971">
     <span class='ocr_line' id='line_1_70' title="bbox 1003 3907 1831 3971; baseline -0.001 -6"><span class='ocrx_word' id='word_1_583' title='bbox 1003 3907 1093 3970; x_wconf 89' lang='lat' dir='ltr'><strong>lsrael</strong></span> <span class='ocrx_word' id='word_1_584' title='bbox 1102 3919 1134 3969; x_wconf 90' lang='lat' dir='ltr'><strong>ut</strong></span> <span class='ocrx_word' id='word_1_585' title='bbox 1143 3914 1280 3971; x_wconf 81' lang='lat' dir='ltr'><strong>offerrent</strong></span> <span class='ocrx_word' id='word_1_586' title='bbox 1291 3913 1530 3971; x_wconf 86' lang='lat' dir='ltr'><strong>oblationessuas</strong></span> <span class='ocrx_word' id='word_1_587' title='bbox 1540 3911 1664 3968; x_wconf 92' lang='lat' dir='ltr'><strong>Domino</strong></span> <span class='ocrx_word' id='word_1_588' title='bbox 1674 3910 1705 3966; x_wconf 93' lang='lat' dir='ltr'><strong>in</strong></span> <span class='ocrx_word' id='word_1_589' title='bbox 1716 3910 1831 3967; x_wconf 88' lang='lat' dir='ltr'><strong>deserto</strong></span> 
     </span>
    </p>
   </div>
   <div class='ocr_carea' id='block_1_14' title="bbox 130 3944 1095 4060">
    <p class='ocr_par' dir='ltr' id='par_1_14' title="bbox 130 3944 1095 4060">
     <span class='ocr_line' id='line_1_71' title="bbox 130 3944 1095 4060; baseline 0.003 -59"><span class='ocrx_word' id='word_1_590' title='bbox 130 3948 176 4001; x_wconf 90' lang='lat' dir='ltr'><strong>eat</strong></span> <span class='ocrx_word' id='word_1_591' title='bbox 189 3944 236 4000; x_wconf 86' lang='lat' dir='ltr'><strong>lex</strong></span> <span class='ocrx_word' id='word_1_592' title='bbox 250 3944 351 4001; x_wconf 81' lang='lat' dir='ltr'><strong>hostie</strong></span> <span class='ocrx_word' id='word_1_593' title='bbox 364 3945 551 4016; x_wconf 84' lang='lat' dir='ltr'><strong>pacificorum</strong></span> <span class='ocrx_word' id='word_1_594' title='bbox 563 3963 627 4018; x_wconf 85' lang='lat' dir='ltr'><strong>quae</strong></span> <span class='ocrx_word' id='word_1_595' title='bbox 642 3947 763 4002; x_wconf 82' lang='lat' dir='ltr'><strong>offertur</strong></span> <span class='ocrx_word' id='word_1_596' title='bbox 775 3949 905 4004; x_wconf 88' lang='lat' dir='ltr'><strong>Domino.</strong></span> <span class='ocrx_word' id='word_1_597' title='bbox 918 3949 947 4005; x_wconf 91' lang='lat' dir='ltr'><strong>Si</strong></span> <span class='ocrx_word' id='word_1_598' title='bbox 1003 4002 1095 4060; x_wconf 35' lang='lat' dir='ltr'><strong>Sinai·</strong></span> 
     </span>
    </p>
   </div>
   <div class='ocr_carea' id='block_1_15' title="bbox 73 4034 1832 5527">
    <p class='ocr_par' dir='ltr' id='par_1_15' title="bbox 73 4034 1832 5527">
     <span class='ocr_line' id='line_1_72' title="bbox 129 4034 948 4109; baseline 0.005 -20"><span class='ocrx_word' id='word_1_599' title='bbox 129 4050 181 4106; x_wconf 90' lang='lat' dir='ltr'><strong>pro</strong></span> <span class='ocrx_word' id='word_1_600' title='bbox 192 4034 353 4107; x_wconf 82' lang='lat' dir='ltr'><strong>gratiarum</strong></span> <span class='ocrx_word' id='word_1_601' title='bbox 368 4035 483 4090; x_wconf 84' lang='lat' dir='ltr'><strong>actious</strong></span> <span class='ocrx_word' id='word_1_602' title='bbox 492 4034 579 4091; x_wconf 86' lang='lat' dir='ltr'><strong>luerit</strong></span> <span class='ocrx_word' id='word_1_603' title='bbox 590 4035 710 4105; x_wconf 89' lang='lat' dir='ltr'><strong>oblatio,</strong></span> <span class='ocrx_word' id='word_1_604' title='bbox 723 4036 844 4093; x_wconf 79' lang='lat' dir='ltr'><strong>offerent</strong></span> <span class='ocrx_word' id='word_1_605' title='bbox 859 4054 948 4109; x_wconf 86' lang='lat' dir='ltr'><strong>panes</strong></span> 
     </span>
     <span class='ocr_line' id='line_1_73' title="bbox 127 4124 1820 4199; baseline 0 -19"><span class='ocrx_word' id='word_1_606' title='bbox 127 4124 239 4195; x_wconf 86' lang='lat' dir='ltr'><strong>absque</strong></span> <span class='ocrx_word' id='word_1_607' title='bbox 253 4124 394 4180; x_wconf 80' lang='lat' dir='ltr'><strong>termento</strong></span> <span class='ocrx_word' id='word_1_608' title='bbox 408 4139 582 4196; x_wconf 90' lang='lat' dir='ltr'><strong>conspersos</strong></span> <span class='ocrx_word' id='word_1_609' title='bbox 596 4124 670 4194; x_wconf 91' lang='lat' dir='ltr'><strong>oleo,</strong></span> <span class='ocrx_word' id='word_1_610' title='bbox 685 4129 714 4181; x_wconf 91' lang='lat' dir='ltr'><strong>et</strong></span> <span class='ocrx_word' id='word_1_611' title='bbox 728 4124 835 4197; x_wconf 86' lang='lat' dir='ltr'><strong>lagana</strong></span> <span class='ocrx_word' id='word_1_612' title='bbox 848 4142 950 4199; x_wconf 79' lang='lat' dir='ltr'><strong>asyma</strong></span> <span class='ocrx_word' id='word_1_613' title='bbox 1040 4127 1082 4193; x_wconf 76' lang='lat' dir='ltr'><strong>(C.</strong></span> <span class='ocrx_word' id='word_1_614' title='bbox 1097 4125 1131 4192; x_wconf 89' lang='lat' dir='ltr'><strong>X,</strong></span> <span class='ocrx_word' id='word_1_615' title='bbox 1148 4126 1214 4198; x_wconf 83' lang='lat' dir='ltr'><strong>Cup.</strong></span> <span class='ocrx_word' id='word_1_616' title='bbox 1231 4126 1320 4197; x_wconf 85' lang='lat' dir='ltr'><strong>Vlll.)</strong></span> <span class='ocrx_word' id='word_1_617' title='bbox 1338 4128 1525 4198; x_wconf 86' lang='lat' dir='ltr'><strong>Locutusque</strong></span> <span class='ocrx_word' id='word_1_618' title='bbox 1549 4130 1594 4182; x_wconf 89' lang='lat' dir='ltr'><strong>est</strong></span> <span class='ocrx_word' id='word_1_619' title='bbox 1617 4125 1761 4181; x_wconf 89' lang='lat' dir='ltr'><strong>Dominus</strong></span> <span class='ocrx_word' id='word_1_620' title='bbox 1785 4125 1820 4180; x_wconf 88' lang='lat' dir='ltr'><strong>ad</strong></span> 
     </span>
     <span class='ocr_line' id='line_1_74' title="bbox 129 4211 1824 4285; baseline 0.001 -18"><span class='ocrx_word' id='word_1_621' title='bbox 129 4216 218 4268; x_wconf 87' lang='lat' dir='ltr'><strong>uncta</strong></span> <span class='ocrx_word' id='word_1_622' title='bbox 232 4211 305 4281; x_wconf 92' lang='lat' dir='ltr'><strong>oleo,</strong></span> <span class='ocrx_word' id='word_1_623' title='bbox 317 4217 489 4284; x_wconf 89' lang='lat' dir='ltr'><strong>coctamque</strong></span> <span class='ocrx_word' id='word_1_624' title='bbox 512 4211 653 4280; x_wconf 89' lang='lat' dir='ltr'><strong>similam,</strong></span> <span class='ocrx_word' id='word_1_625' title='bbox 677 4218 707 4268; x_wconf 88' lang='lat' dir='ltr'><strong>st</strong></span> <span class='ocrx_word' id='word_1_626' title='bbox 718 4213 875 4285; x_wconf 83' lang='lat' dir='ltr'><strong>collyrides</strong></span> <span class='ocrx_word' id='word_1_627' title='bbox 894 4212 949 4271; x_wconf 90' lang='lat' dir='ltr'><strong>olci</strong></span> <span class='ocrx_word' id='word_1_628' title='bbox 1004 4215 1117 4284; x_wconf 86' lang='lat' dir='ltr'><strong>Mosen,</strong></span> <span class='ocrx_word' id='word_1_629' title='bbox 1132 4216 1253 4272; x_wconf 90' lang='lat' dir='ltr'><strong>dicens:</strong></span> <span class='ocrx_word' id='word_1_630' title='bbox 1270 4215 1351 4272; x_wconf 83' lang='lat' dir='ltr'><strong>Tolle</strong></span> <span class='ocrx_word' id='word_1_631' title='bbox 1367 4222 1460 4271; x_wconf 81' lang='lat' dir='ltr'><strong>Aaron</strong></span> <span class='ocrx_word' id='word_1_632' title='bbox 1477 4230 1543 4271; x_wconf 90' lang='lat' dir='ltr'><strong>cum</strong></span> <span class='ocrx_word' id='word_1_633' title='bbox 1560 4214 1628 4271; x_wconf 83' lang='lat' dir='ltr'><strong>filiis</strong></span> <span class='ocrx_word' id='word_1_634' title='bbox 1644 4215 1707 4271; x_wconf 90' lang='lat' dir='ltr'><strong>suis</strong></span> <span class='ocrx_word' id='word_1_635' title='bbox 1727 4219 1824 4271; x_wconf 83' lang='lat' dir='ltr'><strong>vestes</strong></span> 
     </span>
     <span class='ocr_line' id='line_1_75' title="bbox 128 4296 1827 4375; baseline 0.001 -20"><span class='ocrx_word' id='word_1_636' title='bbox 128 4296 301 4356; x_wconf 89' lang='lat' dir='ltr'><strong>admistione</strong></span> <span class='ocrx_word' id='word_1_637' title='bbox 311 4316 486 4373; x_wconf 84' lang='lat' dir='ltr'><strong>conspersas</strong></span> <span class='ocrx_word' id='word_1_638' title='bbox 498 4317 504 4356; x_wconf 93' lang='lat'><strong>:</strong></span> <span class='ocrx_word' id='word_1_639' title='bbox 518 4318 609 4373; x_wconf 87' lang='lat' dir='ltr'><strong>panca</strong></span> <span class='ocrx_word' id='word_1_640' title='bbox 620 4318 737 4373; x_wconf 89' lang='lat' dir='ltr'><strong>quoqne</strong></span> <span class='ocrx_word' id='word_1_641' title='bbox 747 4303 949 4372; x_wconf 82' lang='lat' dir='ltr'><strong>fermentatos,</strong></span> <span class='ocrx_word' id='word_1_642' title='bbox 1004 4320 1116 4371; x_wconf 89' lang='lat' dir='ltr'><strong>eorum,</strong></span> <span class='ocrx_word' id='word_1_643' title='bbox 1130 4310 1160 4359; x_wconf 91' lang='lat' dir='ltr'><strong>et</strong></span> <span class='ocrx_word' id='word_1_644' title='bbox 1175 4304 1323 4360; x_wconf 90' lang='lat' dir='ltr'><strong>unctionis</strong></span> <span class='ocrx_word' id='word_1_645' title='bbox 1347 4304 1455 4373; x_wconf 90' lang='lat' dir='ltr'><strong>oleum,</strong></span> <span class='ocrx_word' id='word_1_646' title='bbox 1470 4304 1594 4359; x_wconf 89' lang='lat' dir='ltr'><strong>vitulum</strong></span> <span class='ocrx_word' id='word_1_647' title='bbox 1621 4319 1672 4375; x_wconf 90' lang='lat' dir='ltr'><strong>pro</strong></span> <span class='ocrx_word' id='word_1_648' title='bbox 1699 4307 1827 4374; x_wconf 86' lang='lat' dir='ltr'><strong>peccato,</strong></span> 
     </span>
     <span class='ocr_line' id='line_1_76' title="bbox 128 4387 1826 4465; baseline 0.001 -22"><span class='ocrx_word' id='word_1_649' title='bbox 128 4403 194 4443; x_wconf 86' lang='lat' dir='ltr'><strong>curn</strong></span> <span class='ocrx_word' id='word_1_650' title='bbox 214 4387 309 4444; x_wconf 88' lang='lat' dir='ltr'><strong>hostia</strong></span> <span class='ocrx_word' id='word_1_651' title='bbox 323 4389 947 4462; x_wconf 76' lang='lat' dir='ltr'><strong>gratiarum,quaaimmolaturpropaoilicis:</strong></span> <span class='ocrx_word' id='word_1_652' title='bbox 1006 4393 1081 4447; x_wconf 89' lang='lat' dir='ltr'><strong>duos</strong></span> <span class='ocrx_word' id='word_1_653' title='bbox 1096 4395 1212 4459; x_wconf 89' lang='lat' dir='ltr'><strong>arietes,</strong></span> <span class='ocrx_word' id='word_1_654' title='bbox 1228 4398 1256 4449; x_wconf 90' lang='lat' dir='ltr'><strong>et</strong></span> <span class='ocrx_word' id='word_1_655' title='bbox 1269 4395 1429 4449; x_wconf 86' lang='lat' dir='ltr'><strong>canistrum</strong></span> <span class='ocrx_word' id='word_1_656' title='bbox 1445 4409 1513 4448; x_wconf 91' lang='lat' dir='ltr'><strong>cum</strong></span> <span class='ocrx_word' id='word_1_657' title='bbox 1529 4392 1650 4465; x_wconf 79' lang='lat' dir='ltr'><strong>azymis,</strong></span> <span class='ocrx_word' id='word_1_658' title='bbox 1662 4397 1692 4447; x_wconf 91' lang='lat' dir='ltr'><strong>et</strong></span> <span class='ocrx_word' id='word_1_659' title='bbox 1706 4406 1826 4463; x_wconf 83' lang='lat' dir='ltr'><strong>congre·</strong></span> 
     </span>
     <span class='ocr_line' id='line_1_77' title="bbox 129 4454 1830 4554; baseline 0.004 -24"><span class='ocrx_word' id='word_1_660' title='bbox 129 4473 289 4545; x_wconf 85' lang='lat' dir='ltr'><strong>exquibus</strong></span> <span class='ocrx_word' id='word_1_661' title='bbox 306 4492 383 4531; x_wconf 89' lang='lat' dir='ltr'><strong>unus</strong></span> <span class='ocrx_word' id='word_1_662' title='bbox 400 4492 451 4547; x_wconf 91' lang='lat' dir='ltr'><strong>pro</strong></span> <span class='ocrx_word' id='word_1_663' title='bbox 467 4476 608 4547; x_wconf 89' lang='lat' dir='ltr'><strong>primittis</strong></span> <span class='ocrx_word' id='word_1_664' title='bbox 624 4478 761 4535; x_wconf 84' lang='lat' dir='ltr'><strong>olieretur</strong></span> <span class='ocrx_word' id='word_1_665' title='bbox 777 4481 909 4551; x_wconf 88' lang='lat' dir='ltr'><strong>Domino,</strong></span> <span class='ocrx_word' id='word_1_666' title='bbox 924 4485 953 4536; x_wconf 91' lang='lat' dir='ltr'><strong>et</strong></span> <span class='ocrx_word' id='word_1_667' title='bbox 968 4454 992 4519; x_wconf 72' lang='lat' dir='ltr'><strong>D</strong></span> <span class='ocrx_word' id='word_1_668' title='bbox 1010 4481 1380 4554; x_wconf 85' lang='lat' dir='ltr'><strong>gabisomnemcoetumad</strong></span> <span class='ocrx_word' id='word_1_669' title='bbox 1394 4481 1503 4537; x_wconf 91' lang='lat' dir='ltr'><strong>ostium</strong></span> <span class='ocrx_word' id='word_1_670' title='bbox 1517 4480 1709 4537; x_wconf 83' lang='lat' dir='ltr'><strong>tabernaculi.</strong></span> <span class='ocrx_word' id='word_1_671' title='bbox 1720 4480 1830 4551; x_wconf 65' lang='lat' dir='ltr'>(CXI.)</span> 
     </span>
     <span class='ocr_line' id='line_1_78' title="bbox 129 4562 1829 4641; baseline 0.002 -22"><span class='ocrx_word' id='word_1_672' title='bbox 129 4563 185 4619; x_wconf 89' lang='lat' dir='ltr'><strong>erit</strong></span> <span class='ocrx_word' id='word_1_673' title='bbox 197 4562 355 4619; x_wconf 86' lang='lat' dir='ltr'><strong>sacerdotis</strong></span> <span class='ocrx_word' id='word_1_674' title='bbox 372 4564 422 4635; x_wconf 92' lang='lat' dir='ltr'><strong>qui</strong></span> <span class='ocrx_word' id='word_1_675' title='bbox 439 4565 540 4620; x_wconf 85' lang='lat' dir='ltr'><strong>tundet</strong></span> <span class='ocrx_word' id='word_1_676' title='bbox 551 4566 653 4620; x_wconf 77' lang='lat' dir='ltr'><strong>hostiae</strong></span> <span class='ocrx_word' id='word_1_677' title='bbox 666 4569 852 4640; x_wconf 78' lang='lat' dir='ltr'><strong>sanguinem.</strong></span> <span class='ocrx_word' id='word_1_678' title='bbox 866 4571 954 4639; x_wconf 69' lang='lat' dir='ltr'><strong>liujus</strong></span> <span class='ocrx_word' id='word_1_679' title='bbox 1013 4569 1089 4624; x_wconf 81' lang='lat' dir='ltr'><strong>l&#39;eeit</strong></span> <span class='ocrx_word' id='word_1_680' title='bbox 1106 4570 1201 4626; x_wconf 90' lang='lat' dir='ltr'><strong>Moses</strong></span> <span class='ocrx_word' id='word_1_681' title='bbox 1217 4576 1249 4625; x_wconf 88' lang='lat' dir='ltr'><strong>ut</strong></span> <span class='ocrx_word' id='word_1_682' title='bbox 1263 4569 1618 4641; x_wconf 85' lang='lat' dir='ltr'><strong>Dominusiinperaverat.</strong></span> <span class='ocrx_word' id='word_1_683' title='bbox 1630 4568 1829 4641; x_wconf 82' lang='lat' dir='ltr'><strong>Congregetu-</strong></span> 
     </span>
     <span class='ocr_line' id='line_1_79' title="bbox 129 4653 1828 4730; baseline 0.002 -22"><span class='ocrx_word' id='word_1_684' title='bbox 129 4668 237 4708; x_wconf 87' lang='lat' dir='ltr'><strong>carnes</strong></span> <span class='ocrx_word' id='word_1_685' title='bbox 249 4653 348 4707; x_wconf 88' lang='lat' dir='ltr'><strong>eadem</strong></span> <span class='ocrx_word' id='word_1_686' title='bbox 362 4653 552 4708; x_wconf 84' lang='lat' dir='ltr'><strong>comedentur</strong></span> <span class='ocrx_word' id='word_1_687' title='bbox 566 4655 681 4721; x_wconf 87' lang='lat' dir='ltr'><strong>die,ncc</strong></span> <span class='ocrx_word' id='word_1_688' title='bbox 694 4657 852 4713; x_wconf 78' lang='lat' dir='ltr'><strong>contenebit</strong></span> <span class='ocrx_word' id='word_1_689' title='bbox 868 4675 902 4713; x_wconf 84' lang='lat' dir='ltr'><strong>ex</strong></span> <span class='ocrx_word' id='word_1_690' title='bbox 913 4659 955 4715; x_wconf 85' lang='lat' dir='ltr'><strong>eis</strong></span> <span class='ocrx_word' id='word_1_691' title='bbox 1010 4673 1065 4730; x_wconf 90' lang='lat' dir='ltr'><strong>que</strong></span> <span class='ocrx_word' id='word_1_692' title='bbox 1079 4660 1158 4713; x_wconf 89' lang='lat' dir='ltr'><strong>omni</strong></span> <span class='ocrx_word' id='word_1_693' title='bbox 1173 4659 1258 4714; x_wconf 89' lang='lat' dir='ltr'><strong>turba</strong></span> <span class='ocrx_word' id='word_1_694' title='bbox 1269 4663 1336 4714; x_wconf 89' lang='lat' dir='ltr'><strong>ante</strong></span> <span class='ocrx_word' id='word_1_695' title='bbox 1350 4659 1427 4714; x_wconf 85' lang='lat' dir='ltr'><strong>iores</strong></span> <span class='ocrx_word' id='word_1_696' title='bbox 1438 4657 1633 4725; x_wconf 89' lang='lat' dir='ltr'><strong>tabernaculi,</strong></span> <span class='ocrx_word' id='word_1_697' title='bbox 1643 4657 1683 4713; x_wconf 89' lang='lat' dir='ltr'><strong>ait</strong></span> <span class='ocrx_word' id='word_1_698' title='bbox 1696 4675 1703 4713; x_wconf 76' lang='grc' dir='ltr'>ε</span> <span class='ocrx_word' id='word_1_699' title='bbox 1718 4659 1828 4713; x_wconf 88' lang='lat' dir='ltr'><strong>lsteeal</strong></span> 
     </span>
     <span class='ocr_line' id='line_1_80' title="bbox 128 4740 1830 4818; baseline 0.002 -22"><span class='ocrx_word' id='word_1_700' title='bbox 128 4740 291 4812; x_wconf 89' lang='lat' dir='ltr'><strong>quidquam</strong></span> <span class='ocrx_word' id='word_1_701' title='bbox 304 4757 397 4812; x_wconf 87' lang='lat' dir='ltr'><strong>usque</strong></span> <span class='ocrx_word' id='word_1_702' title='bbox 406 4741 615 4797; x_wconf 80' lang='lat' dir='ltr'><strong>muuessivoto</strong></span> <span class='ocrx_word' id='word_1_703' title='bbox 626 4742 668 4798; x_wconf 92' lang='lat' dir='ltr'><strong>vel</strong></span> <span class='ocrx_word' id='word_1_704' title='bbox 680 4749 783 4814; x_wconf 87' lang='lat' dir='ltr'><strong>sponte</strong></span> <span class='ocrx_word' id='word_1_705' title='bbox 794 4746 953 4818; x_wconf 91' lang='lat' dir='ltr'><strong>quisquam</strong></span> <span class='ocrx_word' id='word_1_706' title='bbox 1009 4762 1115 4817; x_wconf 80' lang='lat' dir='ltr'><strong>sermo,</strong></span> <span class='ocrx_word' id='word_1_707' title='bbox 1125 4762 1212 4818; x_wconf 88' lang='lat' dir='ltr'><strong>quem</strong></span> <span class='ocrx_word' id='word_1_708' title='bbox 1216 4747 1308 4817; x_wconf 89' lang='lat' dir='ltr'><strong>jussit</strong></span> <span class='ocrx_word' id='word_1_709' title='bbox 1318 4748 1459 4803; x_wconf 89' lang='lat' dir='ltr'><strong>Dominus</strong></span> <span class='ocrx_word' id='word_1_710' title='bbox 1468 4745 1539 4802; x_wconf 83' lang='lat' dir='ltr'><strong>heri.</strong></span> <span class='ocrx_word' id='word_1_711' title='bbox 1548 4746 1712 4818; x_wconf 82' lang='lat' dir='ltr'><strong>Statimque</strong></span> <span class='ocrx_word' id='word_1_712' title='bbox 1721 4745 1830 4801; x_wconf 90' lang='lat' dir='ltr'><strong>obtulit</strong></span> 
     </span>
     <span class='ocr_line' id='line_1_81' title="bbox 127 4828 1832 4907; baseline 0.001 -21"><span class='ocrx_word' id='word_1_713' title='bbox 127 4828 266 4886; x_wconf 85' lang='lat' dir='ltr'><strong>obtulerit</strong></span> <span class='ocrx_word' id='word_1_714' title='bbox 285 4830 419 4897; x_wconf 89' lang='lat' dir='ltr'><strong>hostiam,</strong></span> <span class='ocrx_word' id='word_1_715' title='bbox 439 4829 540 4885; x_wconf 86' lang='lat' dir='ltr'><strong>eadem</strong></span> <span class='ocrx_word' id='word_1_716' title='bbox 557 4830 694 4887; x_wconf 86' lang='lat' dir='ltr'><strong>similiter</strong></span> <span class='ocrx_word' id='word_1_717' title='bbox 707 4834 811 4889; x_wconf 90' lang='lat' dir='ltr'><strong>edetur</strong></span> <span class='ocrx_word' id='word_1_718' title='bbox 825 4836 870 4890; x_wconf 88' lang='lat' dir='ltr'><strong>die</strong></span> <span class='ocrx_word' id='word_1_719' title='bbox 882 4851 889 4890; x_wconf 77' lang='lat' dir='ltr'><strong>t</strong></span> <span class='ocrx_word' id='word_1_720' title='bbox 902 4837 952 4892; x_wconf 90' lang='lat' dir='ltr'><strong>sed</strong></span> <span class='ocrx_word' id='word_1_721' title='bbox 1008 4838 1103 4892; x_wconf 77' lang='lat' dir='ltr'><strong>Aaron</strong></span> <span class='ocrx_word' id='word_1_722' title='bbox 1119 4840 1147 4890; x_wconf 91' lang='lat' dir='ltr'><strong>et</strong></span> <span class='ocrx_word' id='word_1_723' title='bbox 1161 4835 1237 4891; x_wconf 84' lang='lat' dir='ltr'><strong>filios</strong></span> <span class='ocrx_word' id='word_1_724' title='bbox 1251 4836 1326 4906; x_wconf 88' lang='lat' dir='ltr'><strong>ejus.</strong></span> <span class='ocrx_word' id='word_1_725' title='bbox 1342 4839 1472 4907; x_wconf 88' lang='lat' dir='ltr'><strong>Cumque</strong></span> <span class='ocrx_word' id='word_1_726' title='bbox 1496 4834 1615 4890; x_wconf 86' lang='lat' dir='ltr'><strong>lavisset</strong></span> <span class='ocrx_word' id='word_1_727' title='bbox 1639 4850 1697 4901; x_wconf 88' lang='lat' dir='ltr'><strong>eos,</strong></span> <span class='ocrx_word' id='word_1_728' title='bbox 1713 4832 1832 4890; x_wconf 86' lang='lat' dir='ltr'><strong>vestivit</strong></span> 
     </span>
     <span class='ocr_line' id='line_1_82' title="bbox 126 4918 1831 4997; baseline 0.002 -22"><span class='ocrx_word' id='word_1_729' title='bbox 126 4924 156 4975; x_wconf 86' lang='lat' dir='ltr'><strong>et</strong></span> <span class='ocrx_word' id='word_1_730' title='bbox 170 4919 196 4974; x_wconf 87' lang='lat' dir='ltr'><strong>si</strong></span> <span class='ocrx_word' id='word_1_731' title='bbox 211 4918 282 4990; x_wconf 91' lang='lat' dir='ltr'><strong>quid</strong></span> <span class='ocrx_word' id='word_1_732' title='bbox 302 4919 331 4973; x_wconf 93' lang='lat' dir='ltr'><strong>in</strong></span> <span class='ocrx_word' id='word_1_733' title='bbox 356 4918 520 4974; x_wconf 90' lang='lat' dir='ltr'><strong>crastinum</strong></span> <span class='ocrx_word' id='word_1_734' title='bbox 544 4924 730 4991; x_wconf 87' lang='lat' dir='ltr'><strong>remanserit,</strong></span> <span class='ocrx_word' id='word_1_735' title='bbox 747 4922 822 4978; x_wconf 77' lang='lat' dir='ltr'><strong>vesci</strong></span> <span class='ocrx_word' id='word_1_736' title='bbox 838 4922 951 4980; x_wconf 90' lang='lat' dir='ltr'><strong>licitum</strong></span> <span class='ocrx_word' id='word_1_737' title='bbox 1008 4925 1176 4997; x_wconf 87' lang='lat' dir='ltr'><strong>pontilicem</strong></span> <span class='ocrx_word' id='word_1_738' title='bbox 1188 4924 1332 4980; x_wconf 90' lang='lat' dir='ltr'><strong>subucula</strong></span> <span class='ocrx_word' id='word_1_739' title='bbox 1343 4924 1594 4996; x_wconf 88' lang='lat' dir='ltr'><strong>linea,accingeue</strong></span> <span class='ocrx_word' id='word_1_740' title='bbox 1605 4938 1673 4978; x_wconf 87' lang='lat' dir='ltr'><strong>eum</strong></span> <span class='ocrx_word' id='word_1_741' title='bbox 1685 4922 1831 4990; x_wconf 88' lang='lat' dir='ltr'><strong>balteo,et</strong></span> 
     </span>
     <span class='ocr_line' id='line_1_83' title="bbox 125 5006 1831 5083; baseline 0.002 -21"><span class='ocrx_word' id='word_1_742' title='bbox 125 5006 953 5082; x_wconf 77' lang='lat' dir='ltr'><strong>estzquidquidautemtertiusinveneritdies‚ignisab·</strong></span> <span class='ocrx_word' id='word_1_743' title='bbox 1008 5012 1134 5067; x_wconf 88' lang='lat' dir='ltr'><strong>induens</strong></span> <span class='ocrx_word' id='word_1_744' title='bbox 1162 5013 1330 5083; x_wconf 67' lang='lat' dir='ltr'><strong>(Vulpodd.</strong></span> <span class='ocrx_word' id='word_1_745' title='bbox 1348 5014 1425 5082; x_wconf 81' lang='lat' dir='ltr'><strong>eum)</strong></span> <span class='ocrx_word' id='word_1_746' title='bbox 1452 5014 1553 5068; x_wconf 89' lang='lat' dir='ltr'><strong>tunica</strong></span> <span class='ocrx_word' id='word_1_747' title='bbox 1582 5010 1831 5083; x_wconf 77' lang='lat' dir='ltr'><strong>hyacinthyna,et</strong></span> 
     </span>
     <span class='ocr_line' id='line_1_84' title="bbox 125 5094 1830 5173; baseline 0.001 -20"><span class='ocrx_word' id='word_1_748' title='bbox 125 5097 380 5165; x_wconf 82' lang='lat' dir='ltr'><strong>sumel.(C.Vlll.)</strong></span> <span class='ocrx_word' id='word_1_749' title='bbox 399 5094 465 5151; x_wconf 77' lang='lat' dir='ltr'><strong>Etsi</strong></span> <span class='ocrx_word' id='word_1_750' title='bbox 477 5094 544 5166; x_wconf 91' lang='lat' dir='ltr'><strong>quis</strong></span> <span class='ocrx_word' id='word_1_751' title='bbox 557 5096 742 5154; x_wconf 84' lang='lat' dir='ltr'><strong>decernibus</strong></span> <span class='ocrx_word' id='word_1_752' title='bbox 766 5099 889 5154; x_wconf 82' lang='lat' dir='ltr'><strong>victimae</strong></span> <span class='ocrx_word' id='word_1_753' title='bbox 900 5118 952 5173; x_wconf 84' lang='lat' dir='ltr'><strong>pu-</strong></span> <span class='ocrx_word' id='word_1_754' title='bbox 1006 5100 1134 5172; x_wconf 88' lang='lat' dir='ltr'><strong>desuper</strong></span> <span class='ocrx_word' id='word_1_755' title='bbox 1150 5100 1299 5157; x_wconf 88' lang='lat' dir='ltr'><strong>humerale</strong></span> <span class='ocrx_word' id='word_1_756' title='bbox 1315 5101 1467 5172; x_wconf 89' lang='lat' dir='ltr'><strong>imposuit,</strong></span> <span class='ocrx_word' id='word_1_757' title='bbox 1483 5100 1561 5171; x_wconf 91' lang='lat' dir='ltr'><strong>quod</strong></span> <span class='ocrx_word' id='word_1_758' title='bbox 1586 5100 1754 5172; x_wconf 90' lang='lat' dir='ltr'><strong>astringens</strong></span> <span class='ocrx_word' id='word_1_759' title='bbox 1769 5099 1830 5154; x_wconf 89' lang='lat' dir='ltr'><strong>cin·</strong></span> 
     </span>
     <span class='ocr_line' id='line_1_85' title="bbox 126 5183 1830 5261; baseline 0.002 -21"><span class='ocrx_word' id='word_1_760' title='bbox 126 5184 276 5240; x_wconf 86' lang='lat' dir='ltr'><strong>cificorum</strong></span> <span class='ocrx_word' id='word_1_761' title='bbox 291 5184 439 5240; x_wconf 88' lang='lat' dir='ltr'><strong>distortio</strong></span> <span class='ocrx_word' id='word_1_762' title='bbox 457 5183 632 5249; x_wconf 89' lang='lat' dir='ltr'><strong>comederit,</strong></span> <span class='ocrx_word' id='word_1_763' title='bbox 649 5183 732 5241; x_wconf 88' lang='lat' dir='ltr'><strong>irrita</strong></span> <span class='ocrx_word' id='word_1_764' title='bbox 757 5187 807 5242; x_wconf 83' lang='lat' dir='ltr'><strong>det</strong></span> <span class='ocrx_word' id='word_1_765' title='bbox 829 5187 950 5246; x_wconf 88' lang='lat' dir='ltr'><strong>oblatio.</strong></span> <span class='ocrx_word' id='word_1_766' title='bbox 1006 5188 1086 5260; x_wconf 87' lang='lat' dir='ltr'><strong>gulo,</strong></span> <span class='ocrx_word' id='word_1_767' title='bbox 1101 5190 1213 5261; x_wconf 89' lang='lat' dir='ltr'><strong>aptavit</strong></span> <span class='ocrx_word' id='word_1_768' title='bbox 1228 5189 1374 5256; x_wconf 89' lang='lat' dir='ltr'><strong>rationali,</strong></span> <span class='ocrx_word' id='word_1_769' title='bbox 1391 5190 1420 5245; x_wconf 95' lang='lat' dir='ltr'><strong>in</strong></span> <span class='ocrx_word' id='word_1_770' title='bbox 1437 5206 1494 5261; x_wconf 95' lang='lat' dir='ltr'><strong>quo</strong></span> <span class='ocrx_word' id='word_1_771' title='bbox 1510 5192 1573 5245; x_wconf 87' lang='lat' dir='ltr'><strong>erat</strong></span> <span class='ocrx_word' id='word_1_772' title='bbox 1585 5189 1724 5244; x_wconf 89' lang='lat' dir='ltr'><strong>Doctrina</strong></span> <span class='ocrx_word' id='word_1_773' title='bbox 1738 5187 1830 5244; x_wconf 80' lang='lat' dir='ltr'><strong>etle-</strong></span> 
     </span>
     <span class='ocr_line' id='line_1_86' title="bbox 126 5270 1830 5350; baseline 0.001 -21"><span class='ocrx_word' id='word_1_774' title='bbox 126 5289 179 5329; x_wconf 89' lang='lat' dir='ltr'><strong>nec</strong></span> <span class='ocrx_word' id='word_1_775' title='bbox 211 5274 340 5345; x_wconf 88' lang='lat' dir='ltr'><strong>proderit</strong></span> <span class='ocrx_word' id='word_1_776' title='bbox 374 5270 615 5342; x_wconf 76' lang='lat' dir='ltr'><strong>ollcrentitquin</strong></span> <span class='ocrx_word' id='word_1_777' title='bbox 645 5278 744 5343; x_wconf 84' lang='lat' dir='ltr'><strong>potius</strong></span> <span class='ocrx_word' id='word_1_778' title='bbox 769 5292 951 5348; x_wconf 78' lang='lat' dir='ltr'><strong>quocunque</strong></span> <span class='ocrx_word' id='word_1_779' title='bbox 1005 5277 1830 5350; x_wconf 83' lang='lat' dir='ltr'><strong>ritas.Cidariquoquetexitoaput:etsupereamcon·</strong></span> 
     </span>
     <span class='ocr_line' id='line_1_87' title="bbox 127 5359 1826 5440; baseline 0.004 -25"><span class='ocrx_word' id='word_1_780' title='bbox 127 5361 227 5415; x_wconf 89' lang='lat' dir='ltr'><strong>anima</strong></span> <span class='ocrx_word' id='word_1_781' title='bbox 241 5360 292 5416; x_wconf 90' lang='lat' dir='ltr'><strong>tali</strong></span> <span class='ocrx_word' id='word_1_782' title='bbox 308 5376 339 5415; x_wconf 90' lang='lat' dir='ltr'><strong>se</strong></span> <span class='ocrx_word' id='word_1_783' title='bbox 354 5359 452 5415; x_wconf 90' lang='lat' dir='ltr'><strong>edulio</strong></span> <span class='ocrx_word' id='word_1_784' title='bbox 468 5360 725 5430; x_wconf 84' lang='lat' dir='ltr'><strong>contaminaverit,</strong></span> <span class='ocrx_word' id='word_1_785' title='bbox 742 5364 951 5429; x_wconf 80' lang='lat' dir='ltr'><strong>praevaricatio·</strong></span> <span class='ocrx_word' id='word_1_786' title='bbox 1004 5370 1050 5421; x_wconf 93' lang='lat' dir='ltr'><strong>tra</strong></span> <span class='ocrx_word' id='word_1_787' title='bbox 1065 5368 1202 5435; x_wconf 82' lang='lat' dir='ltr'><strong>frontem,</strong></span> <span class='ocrx_word' id='word_1_788' title='bbox 1219 5369 1319 5440; x_wconf 89' lang='lat' dir='ltr'><strong>posuit</strong></span> <span class='ocrx_word' id='word_1_789' title='bbox 1332 5366 1472 5422; x_wconf 88' lang='lat' dir='ltr'><strong>laminam</strong></span> <span class='ocrx_word' id='word_1_790' title='bbox 1486 5381 1604 5421; x_wconf 86' lang='lat' dir='ltr'><strong>auream</strong></span> <span class='ocrx_word' id='word_1_791' title='bbox 1621 5368 1826 5421; x_wconf 86' lang='lat' dir='ltr'><strong>consecratam</strong></span> 
     </span>
     <span class='ocr_line' id='line_1_88' title="bbox 73 5447 1825 5527; baseline 0.003 -24"><span class='ocrx_word' id='word_1_792' title='bbox 73 5478 77 5483; x_wconf 96' lang='lat'>-</span> <span class='ocrx_word' id='word_1_793' title='bbox 128 5448 474 5519; x_wconf 75' lang='lat' dir='ltr'><strong>niereaerit.Garo,qntc</strong></span> <span class='ocrx_word' id='word_1_794' title='bbox 488 5447 596 5518; x_wconf 83' lang='lat' dir='ltr'><strong>aliquid</strong></span> <span class='ocrx_word' id='word_1_795' title='bbox 611 5451 949 5523; x_wconf 87' lang='lat' dir='ltr'><strong>tetigeritimmuadum,</strong></span> <span class='ocrx_word' id='word_1_796' title='bbox 1005 5455 1034 5510; x_wconf 92' lang='lat' dir='ltr'><strong>in</strong></span> <span class='ocrx_word' id='word_1_797' title='bbox 1052 5455 1294 5521; x_wconf 84' lang='lat' dir='ltr'><strong>sanctificatione,</strong></span> <span class='ocrx_word' id='word_1_798' title='bbox 1309 5456 1386 5512; x_wconf 88' lang='lat' dir='ltr'><strong>sicut</strong></span> <span class='ocrx_word' id='word_1_799' title='bbox 1415 5458 1590 5527; x_wconf 79' lang='lat' dir='ltr'><strong>praeceperat</strong></span> <span class='ocrx_word' id='word_1_800' title='bbox 1617 5456 1643 5510; x_wconf 90' lang='lat' dir='ltr'><strong>ei</strong></span> <span class='ocrx_word' id='word_1_801' title='bbox 1670 5453 1825 5509; x_wconf 90' lang='lat' dir='ltr'><strong>Dominus.</strong></span> 
     </span>
    </p>
   </div>
   <div class='ocr_carea' id='block_1_16' title="bbox 129 5536 1824 5616">
    <p class='ocr_par' dir='ltr' id='par_1_16' title="bbox 129 5536 1824 5616">
     <span class='ocr_line' id='line_1_89' title="bbox 129 5536 1824 5616; baseline 0.005 -25"><span class='ocrx_word' id='word_1_802' title='bbox 129 5551 187 5593; x_wconf 91' lang='lat' dir='ltr'><strong>non</strong></span> <span class='ocrx_word' id='word_1_803' title='bbox 211 5538 390 5608; x_wconf 88' lang='lat' dir='ltr'><strong>comedetur,</strong></span> <span class='ocrx_word' id='word_1_804' title='bbox 407 5536 457 5592; x_wconf 92' lang='lat' dir='ltr'><strong>sed</strong></span> <span class='ocrx_word' id='word_1_805' title='bbox 487 5536 676 5592; x_wconf 90' lang='lat' dir='ltr'><strong>comburetur</strong></span> <span class='ocrx_word' id='word_1_806' title='bbox 701 5540 759 5612; x_wconf 92' lang='lat' dir='ltr'><strong>igni</strong></span> <span class='ocrx_word' id='word_1_807' title='bbox 775 5555 782 5597; x_wconf 90' lang='lat'>:</span> <span class='ocrx_word' id='word_1_808' title='bbox 799 5542 847 5613; x_wconf 88' lang='lat' dir='ltr'><strong>qui</strong></span> <span class='ocrx_word' id='word_1_809' title='bbox 864 5541 951 5600; x_wconf 89' lang='lat' dir='ltr'><strong>luerit</strong></span> <span class='ocrx_word' id='word_1_810' title='bbox 1004 5543 1124 5600; x_wconf 87' lang='lat' dir='ltr'><strong>Tulitet</strong></span> <span class='ocrx_word' id='word_1_811' title='bbox 1140 5545 1288 5602; x_wconf 89' lang='lat' dir='ltr'><strong>unctionis</strong></span> <span class='ocrx_word' id='word_1_812' title='bbox 1304 5546 1413 5616; x_wconf 89' lang='lat' dir='ltr'><strong>oleum,</strong></span> <span class='ocrx_word' id='word_1_813' title='bbox 1424 5560 1482 5616; x_wconf 89' lang='lat' dir='ltr'><strong>quo</strong></span> <span class='ocrx_word' id='word_1_814' title='bbox 1493 5543 1589 5600; x_wconf 89' lang='lat' dir='ltr'><strong>linivit</strong></span> <span class='ocrx_word' id='word_1_815' title='bbox 1601 5540 1824 5599; x_wconf 90' lang='lat' dir='ltr'><strong>tabernaculum</strong></span> 
     </span>
    </p>
   </div>
   <div class='ocr_carea' id='block_1_17' title="bbox 0 0 1947 6116">
    <p class='ocr_par' dir='ltr' id='par_1_17' title="bbox 0 0 1947 6116">
     <span class='ocr_line' id='line_1_90' title="bbox 0 0 1947 6116; baseline 0 0"><span class='ocrx_word' id='word_1_816' title='bbox 0 0 1947 6116; x_wconf 95' lang='lat' dir='ltr'><strong> </strong></span> 
     </span>
    </p>
   </div>
  </div>
 </body>
</html>
