3870 6120
71 344 74 351 ,
122 296 176 353 227
645 298 675 352 S.
695 294 901 359 maetenni
919 295 1049 352 aivins
1066 294 1315 352 ambrosianos.
1767 295 1821 352 228

124 439 194 481 num
211 439 320 482 meum.
333 424 558 499 Responderunt
582 423 685 479 lratres
702 422 767 493 ejus
791 425 820 478 et
836 425 950 481 mater:
965 424 991 490 Α
1007 420 1113 491 etatls,
1125 424 1155 476 et
1177 419 1280 489 planus
1305 420 1439 477 dierum:
1470 424 1725 496 congregatusque
1736 428 1780 479 est
1796 425 1832 480 ad

125 514 242 573 Maneat
257 516 353 588 puella
367 519 470 572 sallem
485 516 585 571 decem
601 513 664 570 dies
679 514 755 585 apud
772 529 838 579 nos,
853 517 882 568 et
898 529 949 584 po·
1006 510 1148 583 populum
1161 526 1257 566 suum.
1269 511 1305 566 Iit
1317 511 1571 583 sepelierunteum
1586 515 1667 569 leaeo
1677 520 1705 568 et
1718 513 1835 579 lamaci,

67 624 70 631 ·
124 611 188 663 stea
211 606 421 679 prollalscelur.
447 604 554 670 Nolite,
578 604 694 669 ait,me
719 602 855 671 retinere,
880 602 951 673 quia
1005 597 1056 653 lilii
1074 598 1164 654 salin
1189 599 1331 672 spelunca
1352 600 1473 671 duplici,
1502 601 1745 673 qrraesitaestin
1763 618 1834 675 agro

5 674 15 705 ⁵
121 694 265 751 Dominus
288 694 394 750 direxit
422 695 499 752 viam
530 710 652 763 meam?
672 693 813 749 dimittite
843 706 889 747 me
919 696 951 746 ut
1005 687 1132 759 liphroa,
1151 688 1835 765 filiiSobarliaip.Seor]llettbai,eregione

121 800 241 858 pergam
256 784 292 839 ad
317 783 471 841 dominum
500 799 608 840 areum.
633 782 784 853 vixerunt,
805 780 950 837 Vacemus
1006 781 1124 844 llnmre,
1140 794 1228 849 quem
1244 790 1381 835 emerala
1397 780 1466 836 liliis
1477 780 1551 836 Hath
1565 797 1572 837 ε
1588 780 1629 836 ibi
1640 780 1778 854 sepultus
1789 788 1835 838 est

68 892 71 897 ⁴
120 872 261 946 puellam,
277 879 305 930 et
321 889 488 946 queramus
505 873 600 946 ipsius
611 873 805 929 voluntalem.
818 875 950 941 Cumque
1006 866 1080 939 ipse,
1095 871 1122 923 el
1138 872 1209 924 Sara
1232 885 1304 924 uxor
1322 874 1397 941 ejus.
1422 869 1457 925 lit
1473 876 1538 942 pasl
1552 871 1664 927 obitum
1688 871 1772 928 illias
1783 871 1831 927 be·

121 965 223 1019 vocata
246 962 387 1030 venisset,
413 962 553 1019 sciscitati
578 966 667 1019 sunt:
683 961 735 1017 Vis
759 961 801 1017 ire
814 976 880 1016 eum
896 959 950 1015 ba·
1006 955 1117 1013 nedixit
1131 957 1208 1014 Deus
1224 958 1315 1024 leaeo,
1341 958 1403 1014 lilio
1419 961 1495 1032 ejus,
1520 961 1569 1030 qui
1584 960 1737 1017 habitabat
1749 962 1836 1033 juxta

122 1049 203 1107 mine
227 1050 309 1106 isto?
337 1051 404 1115 One
433 1051 483 1121 ait,
512 1051 647 1119 Vadam,
677 1050 860 1107 Dimiserunt
882 1064 949 1121 ergo
1005 1049 1125 1119 puteum
1152 1047 1270 1103 nomine
1291 1046 1423 1106 Viventis
1447 1049 1539 1121 [Vaip.
1556 1049 1831 1123 add.at]videntis.

123 1139 400 1212 eam,etnutrioem
421 1140 513 1205 illius.
536 1139 882 1211 servumqueabraham,
904 1153 947 1194 oo
1004 1134 1047 1206 [C.
1076 1135 1186 1208 xlvi]
1215 1142 1265 1193 Ha
1294 1142 1362 1193 sunt
1390 1139 1594 1210 generationes
1623 1139 1744 1207 lemael,
1782 1139 1836 1197 lilii

123 1229 210 1285 mites
220 1230 296 1300 ejus,
307 1229 502 1302 imprecantes
512 1246 652 1303 prospera
664 1228 761 1287 sonori
773 1245 844 1299 sue,
860 1231 949 1298 atque
1003 1224 1138 1295 Abrahae,
1162 1242 1249 1298 quern
1274 1226 1387 1299 peperit
1409 1227 1435 1283 ei
1457 1230 1535 1300 llgar
1555 1218 1702 1302 AEg'yptla,
1718 1229 1831 1286 lamule

123 1317 273 1375 dieentes:
289 1318 377 1375 Soror
396 1322 507 1385 nostra,
531 1335 646 1376 crescas
662 1320 692 1375 in
714 1317 795 1375 mille
808 1316 949 1388 millia,et
1002 1317 1130 1382 Sarmat
1144 1313 1205 1371 beo
1220 1315 1341 1372 nomina
1357 1314 1485 1372 liliorum
1502 1317 1566 1387 ejus
1586 1318 1616 1373 in
1636 1317 1788 1375 vocabulis
1803 1324 1834 1376 et

79 1424 82 1429 ·
123 1407 489 1481 possedeatsementuum
503 1409 808 1482 partasiuimicorom
826 1422 947 1466 suorum
1002 1404 1243 1476 generationibus
1257 1403 1331 1461 suis.
1348 1405 1566 1477 primogenitus
1585 1406 1718 1464 lamuelis
1736 1407 1835 1464 Naba·

123 1496 216 1569 Igitur
230 1496 358 1556 Rebecca
371 1502 399 1555 et
415 1497 517 1571 puella
541 1498 632 1567 illius,
656 1498 790 1556 assensis
815 1497 947 1566 osmalis,
998 1492 1076 1564 joth,
1092 1493 1198 1551 deiude
1212 1496 1313 1562 cedar,
1328 1497 1358 1551 et
1372 1494 1493 1567 adbeel,
1509 1500 1538 1551 et
1557 1495 1702 1564 blabsam‚
1720 1497 1834 1554 limma

122 1590 231 1644 secute
255 1592 325 1644 sunt
345 1588 451 1657 virum,
478 1587 528 1660 qai
552 1589 676 1644 festinus
695 1588 897 1644 revertebatur
910 1587 947 1643 ad
1002 1597 1130 1655 quoque,
1154 1592 1182 1640 at
1205 1588 1308 1653 Dama,
1332 1588 1361 1641 et
1387 1583 1482 1656 Mssa,
1499 1585 1608 1654 Hadar,
1625 1590 1653 1642 et
1667 1586 1837 1654 'luemqat

122 1676 277 1733 dominum
301 1693 401 1733 soum.
423 1678 461 1734 Eo
486 1683 620 1750 tempora
640 1679 723 1734 Isaac
738 1677 948 1734 deambulabat
1001 1671 1063 1729 itur
1086 1671 1184 1745 [Vale.
1199 1673 1326 1741 iachurt
1339 1679 1368 1730 11
1382 1673 1503 1745 dalbia
1526 1679 1555 1731 11
1566 1674 1686 1732 Cedun-
1698 1675 1749 1732 1111
1764 1679 1838 1732 811111

10 1754 21 1765 ”
121 1780 175 1839 per
187 1765 264 1823 viam
279 1782 346 1838 quae
361 1767 442 1823 ducit
452 1768 489 1824 ad
511 1771 644 1840 puteum,
668 1768 753 1839 cujus
769 1783 886 1824 nomem
901 1771 947 1824 est
1002 1760 1055 1817 lrlii
1070 1761 1186 1828 ismael,
1198 1767 1227 1819 at
1247 1762 1310 1819 hec
1332 1762 1454 1820 nornine
1469 1779 1521 1836 per
1542 1764 1663 1821 castella
1676 1768 1706 1821 et
1719 1764 1831 1837 oppida

32 1868 35 1873 ·
120 1853 252 1912 Viventis
267 1856 362 1928 [Vulp.
386 1855 450 1912 add.
473 1856 512 1929 et]
535 1858 673 1923 videntis,
697 1856 851 1913 habitabat
868 1855 946 1911 enirn
1001 1868 1102 1909 aarum
1118 1853 1273 1909 duodecim
1289 1854 1438 1926 principes
1451 1854 1584 1912 tribuum
1599 1871 1733 1912 snorum.
1749 1855 1829 1911 duni

121 1943 153 2002 in
164 1945 384 2015 terraaustrali,
400 1952 429 2003 et
443 1962 581 2020 egressus
593 1947 733 2002 lueratad
744 1946 946 2002 meditandum
1001 1943 1065 1998 vlla
1081 1943 1212 1999 laurealis
1223 1950 1342 2000 centum
1357 1943 1481 2017 triginta
1493 1949 1606 2016 septem
1618 1944 1832 2010 ¹,etdellciens

26 2068 30 2073 -
74 2046 86 2071 ¹
122 2032 244 2108 inagna,
262 2034 474 2106 inclinatajam
487 2036 694 2108 dic·,cuarque
712 2035 948 2092 levassetoeulos
1002 2037 1203 2096 mortuusest.
1216 2036 1246 2089 et
1260 2033 1458 2105 appositusad
1474 2032 1614 2105 populum
1627 2050 1726 2091 suum.
1745 2033 1834 2090 llabl·

12 2144 19 2159 ¹
120 2139 204 2193 suos,
233 2123 307 2180 vidit
334 2126 461 2181 camelas
489 2125 639 2183 venientes
676 2127 788 2199 procul.
819 2125 949 2182 Rebecca
1003 2121 1185 2178 tavitautem
1211 2122 1248 2177 ab
1273 2121 1353 2177 Evlla
1376 2139 1471 2193 usque
1486 2122 1554 2191 Sur,
1569 2139 1634 2195 que
1649 2123 1769 2196 respicit
1782 2123 1834 2179 Ε·

121 2228 249 2286 quaque,
269 2220 426 2285 conspecto
452 2218 543 2282 leaeo,
568 2217 719 2273 descendit
733 2217 769 2272 de
783 2215 904 2280 camelo,
920 2217 949 2271 et
1003 2211 1838 2285 gyptumintroeuntibusaasyrios.Goraru(a)cnnetistra·

12 2322 15 2329 ’
120 2302 163 2360 ait
176 2303 213 2358 ad
239 2319 373 2375 puerum.
399 2303 470 2370 Quis
489 2311 534 2361 est
557 2304 605 2362 ille
629 2305 717 2361 bomo
740 2305 788 2377 qui
805 2304 883 2361 venit
898 2320 950 2376 per
1003 2298 1098 2355 tribas
1113 2299 1176 2357 suis
1187 2301 1313 2370 obiit[G.
1330 2301 1835 2375 xnv11.]saequoquasuntgsna·

11 2412 14 2423 ·
120 2407 227 2464 agrum
250 2391 281 2449 in
304 2408 460 2451 occursum
486 2394 596 2451 nobis?
616 2395 752 2468 Dixitque
772 2395 809 2466 ei,
826 2395 949 2467 lpseest
1003 2388 1616 2455 rationaslsasc,fllilabrabamzsbrsnam
1629 2392 1834 2464 ganuitlseac:

21 2542 25 2553 ¹
120 2478 262 2539 dominus
274 2498 369 2539 meus.
384 2484 422 2539 At
436 2483 486 2539 illa
496 2484 602 2540 tollens
616 2484 674 2541 cilo
685 2484 818 2558 pallium,
833 2483 950 2556 operuit
1004 2477 1053 2551 qui
1068 2494 1135 2534 eum
1151 2481 1434 2554 quadragintaesset
1444 2497 1602 2549 1110111111,
1618 2482 1702 2538 1111111
1714 2497 1839 2538 1110111111

26 2592 29 2603 ·
121 2586 165 2628 sa.
181 2568 291 2629 Sorvae
318 2576 417 2629 autem
444 2580 559 2643 cuncta,
574 2590 640 2647 que
662 2579 803 2646 gesserat,
820 2571 950 2630 narravit
1003 2567 1174 2635 Rebeccam,
1200 2569 1292 2628 liliam
1317 2570 1440 2627 Brtbuel
1463 2571 1527 2644 Syri
1551 2571 1587 2627 de
1614 2571 1839 2644 Mesopotamia,

120 2660 213 2717 lsaao.
228 2661 282 2725 Qui
304 2660 467 2718 introduxit
481 2680 546 2720 eam
569 2662 599 2719 in
623 2663 845 2722 tabernaculum
860 2668 949 2731 Sere,
1003 2673 1133 2715 sororem
1149 2659 1258 2716 Laban.
1272 2664 1508 2732 imprecatusque
1522 2663 1566 2716 est
1580 2660 1662 2716 Isaeo
1676 2660 1838 2717 Dominum

6 2766 12 2779 ·
121 2748 226 2805 matris
239 2766 311 2819 sua,
327 2755 356 2805 et
379 2752 492 2824 aceepit
511 2769 574 2808 earn
598 2759 774 2821 uxoremst
792 2753 822 2809 iu
831 2756 947 2808 tentum
1004 2763 1056 2820 pro
1070 2764 1161 2804 rasore
1176 2765 1240 2815 sua,
1257 2766 1289 2806 eo
1305 2750 1382 2823 quod
1399 2753 1479 2806 esset
1494 2749 1625 2806 sterilis:
1649 2750 1699 2823 qui
1715 2749 1835 2806 exaudi·

120 2837 222 2895 dilexit
236 2855 312 2909 earn,
331 2844 364 2896 ut
377 2840 519 2908 dolorem,
531 2841 582 2914 qui
598 2858 633 2899 ex
647 2849 741 2900 morte
761 2841 866 2899 matris
881 2843 946 2914 ejus
1002 2838 1135 2909 viteam,
1158 2844 1187 2895 et
1211 2840 1292 2896 dedit
1312 2845 1485 2912 conceptum
1507 2839 1654 2896 Rebecca.
1671 2840 1727 2897 Sed
1742 2837 1827 2896 colli·

12 2918 16 2925 ’
122 2928 279 3000 assideret,
295 2934 481 3002 temperaret.
1004 2926 1151 2983 debentur
1173 2928 1203 2984 in
1230 2934 1312 2985 utero
1336 2931 1402 2999 eJus
1427 2927 1559 3002 parvuli3
1586 2944 1652 3000 quea
1666 2928 1725 2984 sit:
1742 2927 1773 2983 Si
1793 2927 1838 2983 sio

157 3016 358 3090 [exvllie.
374 3019 477 3076 xx1v.
503 3018 567 3092 Cap.
587 3020 684 3093 XXV].
709 3020 857 3077 Abrabam
882 3036 949 3077 vero
1004 3016 1078 3072 mibi
1102 3016 1233 3073 loturum
1255 3023 1318 3074 erat
1338 3018 1408 3091 quid
1432 3034 1551 3075 necesso
1574 3017 1630 3073 ruia
1657 3015 1835 3089 concipere?

6 3156 12 3179 .,
122 3105 212 3165 aliam
225 3106 307 3163 duxit
321 3124 439 3165 uxorem
455 3108 574 3166 nomine
596 3114 743 3175 ceturam,
759 3127 823 3183 qne
839 3110 950 3184 peperit
1004 3105 1191 3178 Porrexitque
1202 3111 1235 3162 ul
1258 3106 1425 3163 consuleret
1448 3107 1613 3163 Dominum.
1631 3106 1685 3170 Qui
1709 3121 1835 3177 respon·

123 3196 151 3252 ei
164 3196 288 3253 zamran
303 3197 458 3267 etlecssn,
474 3200 626 3266 attladan,
648 3205 676 3256 et
696 3200 825 3269 Madian,
839 3205 869 3256 et
883 3200 947 3256 ies·
962 3182 985 3249 G
1003 3195 1084 3263 deae,
1101 3197 1157 3252 ait:
1182 3196 1250 3252 Due
1274 3204 1375 3269 gentes
1404 3197 1433 3254 in
1460 3203 1542 3253 utero
1557 3202 1608 3252 tuo
1624 3198 1705 3263 aunt,
1728 3202 1757 3251 et
1773 3198 1834 3251 dno

123 3283 189 3351 boe,
205 3288 235 3341 et
250 3285 317 3341 Sue.
333 3286 438 3343 Jecean
453 3303 571 3360 quoque
581 3289 780 3361 ganuitSaba,
790 3294 820 3345 et
834 3290 947 3346 Dedan.
1002 3284 1102 3358 papuli
1117 3302 1152 3343 ex
1167 3294 1267 3343 ventre
1286 3291 1336 3343 tuo
1351 3285 1716 3359 dividentur,popolusqne
1735 3302 1830 3357 popu·

121 3370 187 3429 Filii
202 3368 304 3430 Dedan
319 3374 448 3440 luerunt,
473 3378 603 3447 beurim,
619 3382 648 3434 at
661 3379 803 3445 latusim,
829 3383 858 3434 et
873 3378 949 3434 Lao·
1001 3373 1064 3431 lum
1075 3376 1235 3447 superabit,
1251 3382 1280 3433 et
1299 3379 1393 3447 major
1412 3377 1519 3433 serviet
1542 3375 1658 3431 minori.
1673 3374 1737 3430 lara
1752 3380 1834 3431 tern-

28 3492 34 3499 -
123 3461 207 3519 mim.
224 3466 337 3520 atvero
352 3464 517 3521 exbtsdian
536 3472 619 3523 orius
643 3473 688 3524 est
702 3466 794 3540 llpha,
811 3472 840 3523 et
854 3468 950 3540 prer
1002 3481 1059 3538 pus
1084 3464 1215 3537 pariendi
1239 3466 1407 3535 advenerat,
1432 3468 1462 3522 et
1482 3480 1548 3521 soce
1569 3463 1679 3538 gemini
1703 3464 1732 3519 in
1748 3470 1836 3520 utero

123 3550 216 3625 [Vale.
232 3550 354 3625 OpherJ,
369 3560 397 3610 et
411 3555 521 3623 liuoob,
545 3559 575 3612 ot
596 3556 700 3626 selda,
720 3563 749 3612 et
764 3556 872 3613 Eldaa:
888 3574 949 3614 om·
1002 3555 1066 3625 eius
1091 3554 1197 3624 reperti
1215 3559 1294 3612 sunl.
1321 3556 1376 3622 Qui
1401 3554 1480 3627 prior
1500 3570 1638 3626 egressus
1661 3558 1715 3620 est,
1742 3553 1832 3610 rulus

121 3656 175 3699 nes
193 3640 224 3701 hi
239 3640 292 3697 lilii
307 3641 429 3700 Cetera.
440 3644 585 3718 Deditque
600 3646 745 3702 Abraham
763 3651 869 3704 cuneta
883 3664 949 3720 qua
1001 3646 1073 3711 erat,
1086 3648 1114 3699 et
1128 3648 1207 3700 tolus
1221 3643 1251 3699 in
1275 3661 1385 3701 morem
1407 3643 1492 3716 pellis
1507 3643 1644 3714 hispidus
1656 3660 1663 3699 :
1675 3647 1830 3699 vocatum·

21 3730 24 3735 '
123 3733 295 3805 possederat
314 3734 416 3792 lsaao:
439 3737 508 3793 liliis
530 3742 628 3793 autem
644 3739 874 3796 concubinarum
890 3739 948 3795 lar·
1003 3748 1059 3806 que
1073 3738 1118 3789 est
1132 3749 1238 3789 nomon
1254 3735 1279 3805 ej
1285 3750 1318 3789 us
1331 3738 1415 3790 Esau.
1429 3733 1564 3789 Protinus
1580 3731 1653 3788 alter
1664 3731 1835 3805 egrediens,

122 3819 203 3893 gilas
218 3827 263 3878 eat
278 3839 411 3894 munera,
427 3831 456 3882 et
480 3828 625 3898 separavit
648 3845 697 3885 eos
720 3829 757 3885 ab
780 3832 871 3897 Isaac,
888 3829 948 3885 lllio
1003 3821 1133 3894 plantam
1150 3823 1249 3878 lratris
1260 3824 1380 3880 tenebat
1397 3839 1497 3890 manu,
1514 3822 1661 3879 etidcirco
1672 3820 1839 3894 appellarit

121 3912 261 3969 suodum
278 3913 374 3972 adbuc
398 3915 461 3988 ipse
484 3916 603 3985 vireret,
629 3934 663 3975 sc
685 3918 799 3992 plagam
824 3920 950 3975 orienta-
1002 3935 1070 3976 eum
1085 3920 1186 3977 iacob.
1209 3921 1421 3995 Sexagenarius
1435 3925 1508 3989 erat,
1525 3924 1607 3977 lsaac
1621 3920 1740 3992 quando
1769 3919 1839 3976 nati

18 4078 21 4083 ι
121 3997 178 4057 lem
196 4001 238 4075 [C.
255 4003 339 4076 xlv]
367 4005 497 4062 Fuerunt
519 4014 616 4063 autern
641 4008 705 4064 dies
723 4009 788 4065 vite
814 4009 949 4076 abraha,
1003 4013 1074 4065 aaut
1087 4011 1112 4064 ei
1129 4009 1253 4082 parvuli.
1270 4011 1382 4075 Quibus
1398 4009 1519 4077 adultis,
1531 4010 1680 4066 lactusest
1697 4009 1773 4064 Esau
1787 4009 1839 4066 vir

120 4104 237 4149 centnm
266 4095 454 4167 septuaginta
483 4097 615 4168 quinque
642 4099 722 4153 sani.
752 4098 785 4154 lit
808 4098 949 4155 deliniens
1003 4101 1310 4172 gnarusvenandl,et
1335 4100 1423 4156 homo
1447 4098 1594 4171 agricola:
1620 4098 1712 4156 iacob
1736 4106 1838 4156 aulem

122 4186 259 4238 mortuus
287 4184 351 4240 est¹
379 4183 409 4240 iu
437 4190 588 4243 senectute
625 4188 712 4256 bone,
751 4193 950 4263 provectaeque
1002 4188 1045 4245 vir
1060 4187 1185 4262 simplex
1196 4189 1389 4246 habitabatis
1401 4188 1609 4246 tabernaculis.
1621 4190 1703 4244 lsaac
1715 4187 1839 4245 amabat

160 4341 170 4375 ¹
196 4336 392 4424 Hieronymus
413 4342 488 4400 libro
513 4345 618 4413 eaesi.
643 4345 853 4417 licii-nicarum,
878 4349 951 4407 dicit
1039 4348 1050 4384 ⁸
1069 4348 1352 4422 Locuslrioinsigais
1367 4350 1444 4423 apud
1455 4349 1664 4421 Hieronymum
1686 4346 1716 4403 in
1731 4346 1837 4416 eaaesl.

127 4408 205 4492 male
226 4427 256 4466 rn
286 4412 477 4487 Septuaginta
505 4418 717 4489 interpretibus
742 4421 888 4489 additum,
917 4425 950 4479 m
1005 4421 1157 4487 Hebraicis,
1173 4422 1222 4478 ubi
1238 4429 1333 4478 toturn
1350 4424 1409 4478 lere
1434 4420 1598 4492 capitulum
1612 4420 1691 4476 istud
1707 4434 1771 4475 xcvi
1787 4435 1839 4476 re-

123 4480 254 4553 defleam
269 4485 407 4541 Abrabam
430 4491 556 4544 mortuas
576 4492 624 4556 est,
640 4490 711 4616 quia
735 4508 791 4548 non
816 4494 951 4549 convenit
1006 4494 1114 4559 citans,
1130 4494 1247 4551 easdem
1265 4493 1340 4551 sacri
1364 4498 1517 4550 contextus
1541 4492 1701 4549 divisiones
1715 4496 1839 4548 secutus

122 4554 248 4638 Abrabae
262 4556 385 4615 deficere
400 4563 428 4613 et
442 4560 590 4617 imminui.
603 4575 637 4617 ae
668 4563 824 4621 tunoludit
838 4565 867 4620 in
879 4564 950 4621 alle·
965 4555 990 4622 D
1005 4564 1130 4628 videtur,
1155 4582 1230 4637 quas
1255 4566 1284 4621 in
1310 4567 1364 4622 boo
1386 4582 1472 4638 opere
1495 4580 1510 4621 e
1526 4581 1599 4621 mss.
1615 4563 1699 4620 libris
1713 4561 1839 4618 exbibe-

122 4640 224 4697 gerus,
240 4632 269 4682 et
282 4631 459 4713 anagogicos
484 4648 589 4688 sensus
612 4636 820 4705 prosequitur;
836 4637 884 4692 hic
898 4654 950 4694 au·
1007 4652 1093 4704 mus3
1109 4639 1243 4708 agnoscit
1266 4638 1345 4693 enim
1370 4643 1486 4692 extema
1509 4651 1575 4692 esse
1598 4634 1719 4720 capituli
1734 4633 1838 4703 verba,

123 4701 184 4753 tear
200 4699 288 4755 verba
300 4702 455 4775 Scriptura
471 4703 558 4776 plena
583 4705 649 4767 lide.
667 4712 699 4762 ut
714 4709 844 4778 optimus
859 4710 950 4765 inter·
1006 4724 1070 4780 que
1086 4725 1154 4765 vere
1168 4710 1222 4765 hac
1238 4709 1300 4766 loco
1318 4715 1448 4765 extrema
1462 4713 1541 4765 sunt.
1568 4708 1617 4762 ait
1629 4706 1740 4780 igitur:
1757 4705 1838 4774 Quod

124 4784 200 4843 pres,
217 4775 370 4857 expressit.
384 4775 478 4840 Quare
488 4784 560 4837 nuti
575 4786 645 4841 mnu
660 4780 770 4849 vaiipua
786 4780 949 4846 vaticinati,
1005 4785 1098 4836 erilem
1124 4782 1153 4835 ia
1167 4787 1293 4838 extremo
1318 4781 1399 4850 bajas
1420 4780 1542 4851 capituli
1555 4780 1635 4847 iacta
1656 4779 1839 4849 Septuaginta

31 4874 34 4879 -
146 4841 349 4925 uodbediern
375 4848 495 4905 Hebraeo
523 4848 662 4920 legimus,
687 4849 951 4924 intorpretatur,lit
1005 4851 1261 4923 iapimus.tlontra
1281 4849 1837 4918 leciemiratrumsuorumbabilavit,

157 4914 251 4980 liorem
274 4922 399 4975 manicas
422 4923 470 4975 esi.
498 4921 586 4974 Addit
610 4920 753 4991 simililer,
779 4923 896 4991 alierum,
914 4925 950 4979 ad
1004 4923 1096 4978 cerias
1112 4934 1150 4979 est
1166 4924 1237 5001 qaod
1250 4941 1299 4980 aas
1313 4926 1477 4995 posuimus:
1503 4928 1605 4978 Coram
1621 4922 1760 4978 omnibus
1778 4922 1838 4976 l'rs-

123 5001 222 5069 yoeem
247 4988 366 5059 planam·
389 4991 500 5047 etsiin
524 4997 697 5060 lantrannus
720 4995 801 5051 sabea
822 5002 948 5064 lantum,
1005 4995 1335 5062 tribossuiaoocubuit,
1352 4997 1443 5052 idest.
1461 4997 1490 5050 ia
1507 4997 1637 5050 mirailras
1651 4995 1776 5050 orrraiam
1804 4993 1835 5047 d-

122 5057 152 5112 ad
168 5061 212 5113 est
237 5072 318 5115 setar
336 5063 379 5118 vel
397 5063 505 5133 plenas,
529 5063 654 5133 legatur.
679 5065 784 5121 Confer
805 5066 862 5122 isla
881 5085 948 5124 oum
1005 5069 1107 5123 liorem
1132 5074 1256 5122 mortuas
1280 5076 1327 5131 eat.
1354 5075 1408 5124 elo.
1435 5068 1489 5123 Sed
1514 5082 1550 5122 ne
1576 5070 1675 5121 lucum
1692 5065 1839 5120 iaciamus

122 5129 291 5212 Hieronymi
318 5134 538 5190 commentariis
563 5136 591 5191 in
608 5152 668 5205 cap
689 5153 698 5191 1
718 5138 949 5208 Sophocleum
991 5140 1129 5194 -candido
1146 5139 1256 5197 lectori.
1282 5140 1408 5212 ingenue
1432 5140 1559 5195 latemur
1573 5138 1700 5209 capitula
1717 5135 1837 5191 indilla-

8 5212 11 5217 ·
120 5203 209 5257 verba
233 5202 284 5260 rlla
309 5207 425 5278 probat,
454 5221 517 5277 que
546 5206 593 5262 hic
623 5206 699 5264 mala
732 5210 831 5267 addita
867 5213 947 5269 dicit.
1004 5217 1102 5267 renter
1116 5213 1152 5266 nb
1167 5214 1344 5285 Hieronymo
1360 5213 1465 5277 vorari,
1491 5226 1674 5282 quacunque
1695 5224 1837 5264 versuum

32 5292 35 5299 ¹
121 5274 213 5329 Maur.
1004 5282 1078 5345 cola,
1094 5288 1123 5337 et
1137 5289 1283 5339 commata
1299 5284 1531 5351 scripturarum,
1549 5298 1612 5353 que
1628 5280 1692 5337 sois
1706 5280 1771 5352 ipse
1785 5278 1837 5335 lu-

156 5374 191 5385 -
208 5346 346 5405 Hebraeus
362 5347 586 5419 propriehabet,
603 5350 765 5421 Exspiravit
786 5357 949 5413 aimaricus
1001 5354 1223 5411 cubrutianibos
1251 5356 1445 5419 intermiscet,
1466 5370 1499 5409 ac
1523 5352 1744 5409 eorrrmentariis
1765 5351 1838 5407 illu·

32 5480 36 5489 Ι
121 5414 254 5475 estiide
275 5419 377 5489 Queat.
403 5420 529 5477 Hebraic.
554 5425 660 5493 atqua
678 5423 786 5479 nasibi
811 5426 946 5484 observa·
1002 5431 1087 5488 strat,
1111 5437 1139 5479 ut
1157 5427 1233 5482 inira
1249 5428 1278 5481 in
1305 5427 1387 5483 libris
1412 5426 1502 5493 Quasi
1525 5426 1725 5481 liebrairaram
1750 5428 1840 5479 voest

17 5560 21 5569 Ι
122 5500 202 5542 mlle·
1003 5496 1178 5567 capitulum,
1205 5498 1382 5554 versiculum
1407 5498 1442 5552 24
1465 5499 1572 5570 capitis
1592 5514 1677 5554 xxxvl
1693 5493 1760 5551 libri
1778 5494 1836 5553 Ge·

155 5558 214 5614 ¹ln
241 5561 368 5635 Vulgata
390 5563 527 5645 editione.
553 5561 586 5618 lli
607 5565 678 5634 [ocii
698 5570 762 5622 saal
784 5571 865 5643 anni,
889 5576 945 5628 eta.
1001 5569 1090 5627 nesle.
1107 5569 1232 5628 Consule
1246 5570 1355 5629 locum.
1372 5570 1464 5628 Mser.

120 5628 261 5689 nabraus
275 5641 328 5697 un
342 5645 416 5701 aaut
434 5636 589 5706 abiendi,
605 5641 660 5694 cto.
