3870 6120
104 195 175 256 12ss
266 150 269 155 Ι
626 197 657 255 Β.
676 196 881 254 fliiiaoriiiii
898 196 1026 255 DlVlNA
1044 200 1288 258 aiaiioiiiaca

144 327 173 383 et
186 322 275 381 timor
290 320 367 380 natis
383 322 471 380 meis:
945 324 972 391 Α
988 322 1142 382 Peccatum
1159 341 1258 382 meum
1275 327 1378 384 notum
1394 325 1468 384 lacio
1480 323 1552 384 tibi:

110 397 166 463 oui
180 396 318 452 videbant
333 410 380 452 me
395 395 424 450 in
440 391 556 467 plateis,
573 391 725 467 fugiebant
740 411 757 450 a
771 408 827 450 me.
1023 401 1053 453 et
1067 397 1254 470 iniquitatem
1269 414 1364 454 meam
1379 415 1437 455 non
1458 397 1601 455 abscondi
1612 397 1635 454 ¹.

111 469 255 527 Oblivioni
272 468 396 522 traditus
412 483 478 522 sum
494 467 578 539 quasi
596 471 730 522 mortuus
746 483 762 520 a
781 464 879 537 corde,
987 468 1077 539 Dixit,
1090 472 1253 525 contltebor
1267 470 1373 526 scelem
1390 486 1455 526 mea
1470 470 1596 526 Domino
1614 486 1621 524 :

148 542 242 597 iactus
257 555 323 593 suin
340 538 418 594 sicut
432 539 485 609 (dt.
503 539 600 610 quasi)
614 554 665 594 vas
676 538 836 610 perditum.
1024 547 1053 598 et
1067 546 1097 595 tu
1114 541 1254 596 dimisisti
1270 541 1310 613 (li.
1328 541 1689 615 abstulistiliniquitatem
1705 543 1812 615 peccati

112 612 218 672 Audivi
233 612 312 666 enim
327 611 518 682 opprobriam
535 613 708 679 inultorum,
1061 612 1128 668 mei.
1151 613 1278 669 Seneca.

147 681 405 754 congregationem
420 681 450 736 iri
466 682 589 737 circuitu
604 705 612 748 3
988 688 1045 739 Pro
1060 683 1114 740 bac
1130 690 1193 740 orat
1207 685 1325 740 'omnis
1340 684 1497 753 sanctuaih
1517 683 1703 756 misericors)
1718 686 1754 741 ad
1770 690 1812 744 te:

111 756 182 813 Cum
199 755 305 808 inirent
322 752 479 809 consilium
495 754 651 809 adversum
669 767 715 808 me
733 767 741 806 t
1025 756 1061 810 nd
1076 760 1194 827 tempus
1211 756 1384 824 lovaniensi

146 831 176 882 et
190 830 222 880 ut
237 825 385 881 auferrent
401 825 532 881 animam
547 841 642 880 nieam
663 820 865 896 cogitaverunt
880 821 934 894 (it.
989 826 1027 883 Ut
1041 843 1108 882 rum
1125 828 1329 883 inundaverint
1344 844 1424 898 aquo
1440 827 1549 897 multae,

184 897 372 970 cogitarent).
1025 898 1157 954 edilium
1174 916 1232 954 aon
1247 899 1397 954 accedant.
1497 930 1501 937 ·

113 972 173 1041 Ego
189 975 288 1024 autem
305 969 336 1024 iii
352 973 381 1024 te
395 966 521 1039 speravi,
538 966 664 1023 Domine
681 982 688 1021 ι
990 970 1032 1026 Tu
1048 969 1102 1040 (it.
1119 971 1242 1039 addes)
1256 971 1398 1043 protectio
1415 985 1490 1039 mee,
1503 969 1540 1026 ab
1555 968 1644 1026 haste
1660 971 1810 1028 custodies

150 1040 223 1109 dixi,
240 1042 315 1097 Deus
328 1056 412 1095 maus
427 1044 470 1096 tu.
1025 1057 1083 1110 me,
1101 1041 1165 1098 laus
1176 1042 1367 1098 messalinus
1379 1040 1596 1097 :circumdabis
1613 1057 1673 1098 me.
1687 1042 1809 1100 Saurea.

117 1116 149 1169 ln
165 1129 255 1168 manu
272 1116 323 1167 tua
339 1118 471 1183 tempora
487 1126 570 1166 mea:
1025 1114 1165 1170 llrudiam
1180 1114 1239 1183 tal,
1255 1118 1283 1169 et
1298 1112 1471 1169 illuminabo
1485 1112 1540 1168 tibi
1555 1113 1633 1169 viam
1660 1130 1809 1187 perquam

152 1183 244 1239 libere
268 1184 303 1240 de
338 1200 426 1239 manu
456 1182 654 1248 inimicorum,
685 1183 715 1236 et
756 1194 935 1252 persequen-
1061 1185 1207 1240 ambules.

188 1256 263 1312 tium
280 1270 336 1310 me.
1026 1257 1158 1328 cogitabo
1173 1257 1208 1311 de
1223 1264 1250 1311 to
1265 1255 1350 1312 oculo
1366 1271 1442 1312 mco.

118 1326 257 1384 illumina
273 1327 280 1359 ¹
298 1325 401 1382 taciem
418 1329 502 1381 tuam
516 1340 605 1396 super
621 1339 738 1379 serium
760 1327 862 1377 tuum:
989 1327 1084 1383 Nolite
1095 1328 1155 1382 sieri
1171 1327 1248 1383 sicut
1260 1344 1352 1398 equus
1367 1333 1396 1382 et
1408 1326 1507 1382 mulus

154 1398 235 1454 salva
250 1414 296 1454 me
311 1397 340 1453 in
358 1396 557 1453 misericordia
573 1400 633 1451 tua.
1026 1399 1133 1471 quibos
1150 1401 1201 1467 (At.
1219 1399 1248 1453 in
1265 1399 1384 1470 quibus)
1400 1415 1458 1454 nou
1473 1401 1519 1455 est
1541 1396 1759 1469 intelligentia:

36 1460 42 1475 ’
120 1470 254 1538 Domine,
269 1486 326 1525 non
343 1469 404 1540 (Al.
422 1468 652 1540 nelcontundar,
665 1466 735 1550 quia
749 1463 880 1519 invocavi
892 1467 934 1520 io:
989 1471 1022 1527 ln
1038 1470 1143 1526 chamo
1160 1475 1188 1526 et
1203 1470 1294 1526 fremo
1311 1469 1445 1526 maxillas
1458 1471 1524 1541 ejus
1534 1470 1718 1541 constringis
1734 1469 1764 1538 ¹⁰,
1779 1474 1809 1526 ut

155 1542 374 1597 conlaudantur
388 1540 483 1612 impii,
497 1544 614 1595 taceant
629 1539 658 1594 in
674 1539 798 1594 inleriio.
1062 1560 1118 1598 non
1134 1543 1350 1614 appropinquat
1366 1542 1404 1598 ad
1420 1546 1459 1597 te.

118 1613 200 1670 Muta
216 1613 288 1668 siant
305 1613 382 1668 labia
397 1611 561 1668 mendacii:
991 1612 1074 1669 iiuiii
1090 1614 1205 1670 dolores
1217 1613 1311 1683 impii.

154 1703 218 1759 qua
232 1685 395 1756 loquuntur
410 1690 512 1739 contra
523 1685 640 1752 justum
656 1687 754 1737 vetrra
770 1680 789 1749 ¹,
950 1696 975 1762 B
1025 1685 1220 1741 confidentem
1237 1694 1335 1742 autem
1351 1685 1381 1740 iu
1396 1683 1520 1740 Domino
1536 1682 1742 1740 misericordia
1754 1682 1806 1741 cir·

156 1758 184 1812 in
202 1757 340 1829 superbia
356 1761 385 1811 et
399 1756 594 1826 despectione.
873 1819 880 1833 ·
912 1819 917 1832 Ι
1063 1758 1223 1813 cumdabil.

119 1832 212 1897 Quam
228 1828 321 1884 mulia
336 1832 381 1883 esi
396 1828 512 1883 bonitas
529 1832 579 1882 tuti
594 1840 683 1897 quam
701 1821 882 1880 abscondisti
897 1824 937 1878 11·
992 1828 1143 1884 Loetamini
1159 1829 1188 1884 in
1204 1827 1339 1893 Domino,
1356 1824 1551 1897 staminio,
1564 1826 1654 1898 justi.

191 1901 340 1957 montibus
355 1904 393 1964 te,
896 1963 902 1976 ⁸
1062 1906 1091 1956 et
1105 1899 1222 1957 laudate
1238 1916 1342 1956 omnes
1357 1898 1428 1956 recti
1444 1899 1540 1955 corde.

155 1977 292 2044 operatus
307 1988 339 2027 es
354 1970 541 2041 sperantibus
554 1969 582 2024 in
594 1971 621 2024 te
630 1968 673 2036 ;iii
693 1969 850 2038 conspectu
862 1965 937 2021 illio·

191 2061 256 2100 rum
273 2043 438 2098 hominum.
756 2108 762 2120 ·
888 2106 917 2119 ..
992 2041 1141 2125 (xxxiii.)
1158 2043 1299 2111 Laudare,
1317 2058 1408 2108 rusci,
1436 2042 1587 2113 Doiimuii,
1606 2042 1704 2097 rectos
1731 2040 1798 2097 deici

119 2115 288 2172 Abscondcs
300 2131 349 2170 cos
367 2115 395 2168 in
415 2112 593 2184 protectione
607 2109 704 2164 vultus
720 2112 780 2189 tui,¹
794 2106 938 2189 aduritia
1027 2114 1157 2170 laudatio
1172 2116 1227 2177 (rii.
1246 2114 1445 2184 collaudatio).

154 2187 208 2241 viri
221 2202 227 2241 :
240 2182 494 2241 abscondeseosin
505 2177 939 2251 umbre,econtradictioneliu·
991 2185 1176 2243 confitemini
1192 2187 1315 2242 Domino
1331 2186 1360 2240 in
1376 2183 1500 2239 cithara.

190 2274 327 2329 guarum.
1028 2259 1057 2313 in
1073 2256 1210 2329 psalterio
1226 2258 1406 2313 decachordo
1422 2255 1540 2328 psallite
1555 2256 1609 2328 (li.
1635 2253 1792 2327 cantalelei.

121 2326 298 2384 Benedictus
315 2325 476 2382 Dominus:
847 2391 853 2404 ⁸
880 2391 886 2403 ,
908 2391 914 2404 ,
992 2330 1112 2386 Caritate
1120 2329 1145 2384 ci
1161 2330 1308 2385 canticum
1326 2343 1455 2383 novum:

154 2400 203 2471 qui
216 2399 383 2455 mirabilem
395 2398 459 2454 lecit
473 2394 706 2452 misericordiam
718 2409 802 2450 suain
816 2391 937 2462 mihi,in
1028 2403 1101 2457 barra
1116 2403 1136 2437 ιι
1154 2400 1270 2472 psallita
1285 2401 1313 2455 ir
1327 2399 1441 2469 jubila:

191 2470 307 2527 civitate
323 2470 447 2525 munita.
992 2474 1066 2539 Quia
1081 2478 1192 2527 rectum
1208 2478 1254 2528 est
1278 2472 1398 2527 verbum
1411 2467 1544 2526 Domini:

153 2542 213 2614 Ego
228 2548 325 2599 autem
347 2541 407 2597 diiii
423 2540 581 2610 instupore
598 2554 662 2594 meo
680 2552 686 2593 :
1028 2549 1056 2600 et
1071 2560 1158 2598 omne
1175 2559 1250 2615 opus
1263 2545 1327 2613 ejus
1343 2544 1372 2598 in
1389 2543 1456 2597 fide.

154 2615 306 2685 Proiectus
321 2630 387 2670 sum
401 2613 603 2682 deconspectu
617 2609 770 2665 oculorum
788 2611 904 2663 tuorum
916 2606 937 2663 ⁸.
993 2615 1092 2688 Diligit
1103 2615 1253 2686 justitiam
1269 2619 1297 2670 ai
1308 2613 1454 2685 judicium
1470 2628 1477 2666 :

119 2685 233 2758 Ergone
248 2684 359 2743 audisti
373 2700 472 2741 vocem
489 2681 701 2755 deprecationis
713 2696 783 2735 nice
799 2696 806 2733 :
1028 2686 1229 2742 misericordia
1245 2685 1360 2742 Domini
1373 2685 1514 2756 pleaaeat
1547 2688 1636 2740 terra,

154 2775 222 2814 cum
235 2757 390 2814 clamarem
405 2756 441 2812 ad
453 2752 505 2810 toi
994 2763 1025 2815 ln
1042 2759 1095 2831 (tl.
1111 2763 1154 2814 tac
1170 2759 1312 2830 ln)verbo
1328 2756 1447 2813 Domini
1462 2755 1526 2810 cmii
1541 2755 1613 2811 lacti
1634 2758 1722 2812 aaut:

119 2829 238 2901 Diligitc
255 2829 412 2886 Dominum
433 2842 535 2883 omnes
554 2823 649 2880 sancti
669 2823 698 2896 (h
722 2820 939 2893 misericordes)
1029 2839 1058 2886 ai
1073 2830 1180 2901 spiritu
1195 2831 1329 2900 ariaajaa
1343 2828 1440 2885 oraria
1455 2832 1578 2883 ornatus
1594 2843 1704 2884 aarum.

154 2903 220 2971 eius
236 2901 337 2958 fideles
352 2903 450 2957 servat
466 2896 606 2954 Dominus
870 2964 875 2974 ¹
994 2901 1179 2970 Cougroaans
1195 2903 1279 2971 quasi
1295 2902 1324 2956 iii
1340 2905 1404 2956 utre
1419 2915 1511 2971 aquas
1527 2900 1636 2955 marie:

154 2972 299 3029 attribuit
313 2975 321 3008 ⁴
339 2972 396 3039 his,
412 2969 464 3039 qui
486 2969 559 3025 satis
574 2970 734 3039 operantur
757 2964 938 3037 superbiam.
1029 2990 1143 3046 pariaris
1160 2974 1188 3026 ia
1206 2972 1352 3029 thesauris
1366 2973 1498 3040 abyssos.

119 3043 342 3111 comortamini,
358 3046 387 3098 et
407 3042 560 3097 roboretur
574 3056 624 3094 cor
637 3043 781 3094 vestrum.
956 3064 978 3133 G
994 3045 1106 3100 Timent
1122 3045 1281 3101 Dominum
1295 3043 1353 3118 (Al.
1371 3060 1387 3098 a
1405 3041 1540 3112 Domino)
1563 3041 1660 3096 omnis
1674 3044 1757 3096 terra:

154 3131 257 3171 omues
272 3114 323 3187 qui
335 3112 513 3186 exspectatis
528 3110 698 3167 Dominum·
1033 3118 1129 3199 ipsum
1146 3117 1303 3173 lormideot
1318 3113 1447 3171 universi
1462 3111 1737 3183 habitatoresiorbis.

996 3191 1070 3254 Quia
1084 3187 1147 3260 ipse
1163 3187 1247 3254 dixit,
1263 3193 1292 3243 et
1307 3186 1458 3243 iactusest
1475 3202 1482 3239 :

397 3263 482 3301 ΜΗ)
503 3260 626 3300 ERU⁰¹T⁰
640 3244 661 3299 ⁸·
1034 3260 1096 3332 ipso
1111 3259 1307 3331 precipiente,
1324 3257 1415 3314 stetit.

120 3342 248 3417 (xxiiii)
264 3344 384 3413 Beatus,
401 3343 447 3399 cui
465 3342 590 3398 dimissa
604 3345 649 3398 est
664 3340 817 3413 iniquitas,
997 3331 1140 3415 Dominus
1156 3329 1243 3413 solvit
1255 3329 1412 3413 consilium
1424 3329 1566 3399 gentum:

155 3415 364 3470 absconditum
384 3419 430 3470 ost
445 3419 598 3485 peccalum
614 3430 620 3468 :
1034 3408 1132 3457 irritas
1147 3402 1216 3458 iecit
1232 3406 1425 3473 cogitationes
1439 3398 1629 3471 populorum.

119 3487 225 3543 Beatus
242 3485 343 3552 homo,
361 3486 407 3540 rui
420 3503 478 3541 uon
506 3482 666 3556 imputabit
690 3481 744 3553 (At.
776 3480 943 3554 imputauit)
997 3474 1160 3557 Concilium
1178 3473 1292 3529 Domini
1308 3472 1337 3556 in
1354 3476 1497 3554 aeternum
1512 3470 1623 3552 stabit:

195 3558 340 3613 Dominus
356 3557 542 3626 iniquitatem
1032 3552 1223 3628 cogitationes
1238 3545 1334 3602 cordis
1349 3560 1412 3614 cius
1423 3559 1452 3597 iii
1463 3547 1651 3615 generatione
1660 3544 1687 3597 et
1698 3551 1789 3612 generi·

157 3625 628 3699 necastinspiritucjusdolus.
1070 3624 1168 3673 tionc:
1233 3689 1239 3700 ι
1371 3685 1376 3697 Ι
1473 3684 1479 3697 υ

121 3701 194 3770 Quia
212 3701 289 3756 tacui
304 3699 485 3757 attritasunt
499 3716 566 3755 ossa
582 3714 646 3753 mea
662 3712 669 3751 :
997 3693 1083 3745 Beata
1099 3706 1181 3762 gons,
1194 3705 1278 3759 curus
1293 3693 1438 3769 Dominus
1453 3700 1535 3766 mus,-
1666 3754 1672 3766 ι
1697 3754 1702 3765 Ι

157 3773 187 3829 ἰιι
201 3772 301 3844 rugitu
319 3788 381 3828 meo
396 3775 458 3827 tota
472 3771 529 3827 dio.
1034 3760 1160 3832 populus
1177 3759 1412 3841 quemtclagitvin
1429 3757 1634 3812 hereditatem
1650 3756 1714 3811 sibi.

122 3845 173 3901 Die
188 3844 266 3901 euim
282 3849 311 3901 et
327 3848 409 3899 nocte
420 3852 559 3915 gravatur
569 3856 658 3912 super
679 3856 725 3895 uie
752 3855 857 3894 manus
868 3841 941 3895 tua:
999 3837 1038 3889 De
1052 3830 1123 3887 calo
1140 3834 1288 3903 prospciiit
1303 3834 1444 3886 Dominus
1456 3828 1498 3895 ¹¹;

157 3922 290 3973 versatus
302 3933 368 3972 suin
384 3914 414 3970 ia
432 3914 552 3971 miseria
567 3929 641 3976 mea,
659 3928 726 3968 cuin
742 3911 945 3967 exardesceret
1033 3903 1107 3958 vidit
1121 3919 1223 3958 omnes
1240 3901 1315 3957 silice
1331 3901 1431 3956 idam.
1524 3968 1529 3979 .

195 3989 302 4046 messis
316 3989 337 4041 ⁸.
354 3987 488 4043 Juoiriia.
998 3973 1038 4030 De
1053 3974 1226 4030 firmissima
1240 3974 1309 4029 sede
1325 3989 1379 4027 sna
1394 3970 1555 4042 prospexit.

158 4133 704 4206 ¹lnnostris‚etMartianeinliquot
733 4148 804 4189 mss.
834 4133 946 4190 ostende
1034 4132 1132 4186 'Trea
1146 4145 1202 4185 ms.
1217 4127 1370 4184 oculorum
1392 4127 1467 4197 ejus.
1519 4195 1524 4206 1
1573 4193 1579 4206 ⁸

120 4228 174 4287 pro
191 4210 401 4279 illumiriaiblux
415 4226 491 4265 onus
502 4206 686 4277 cisterciens.
703 4208 779 4260 lacot
802 4219 856 4260 iiic.
1034 4205 1046 4238 ⁸
1060 4202 1149 4257 iidem
1164 4218 1233 4286 mss.
1247 4199 1396 4266 retribuet,
1414 4201 1443 4251 et
1458 4196 1604 4277 retribuit.
1772 4255 1792 4268 ,Ι

161 4286 434 4339 ²lleomncsiuss.
463 4280 594 4336 codicis:
622 4277 690 4332 editi
718 4280 816 4332 autam
845 4275 946 4347 legunt
1035 4276 1211 4335 titionem,
1228 4269 1687 4342 atquoslaudatillartiun.mss.
1713 4259 1794 4319 eruditi

12 4384 16 4391 ·
125 4354 206 4410 dura.
222 4356 251 4409 S.
264 4355 461 4426 Hieronymus
476 4352 523 4407 liic
533 4357 561 4406 et
572 4351 599 4404 iu
611 4349 688 4404 iulia
699 4365 742 4420 ps.
755 4365 830 4415 xoiv,
846 4348 871 4411 l,
886 4363 946 4402 ver·
1001 4347 1102 4416 legunt
1117 4361 1170 4418 pro
1181 4344 1301 4400 credita.

126 4425 195 4481 buia
215 4426 474 4512 Uahal-,ripaltae
493 4423 705 4494 intorpretatur
732 4429 808 4475 reim
834 4420 986 4495 stanti-1)
1036 4434 1133 4489 eapse,
1162 4433 1231 4499 duo,
1258 4433 1325 4487 Cum
1352 4429 1543 4486 mamma
1570 4442 1616 4482 me
1639 4435 1739 4484 mr,-
1760 4415 1795 4474 aii

127 4512 222 4567 llum·
814 4562 818 4572 ,
1001 4507 1138 4561 vitiosum
1154 4503 1225 4559 illud
1242 4519 1286 4558 me
1300 4510 1390 4571 astas,
1406 4497 1714 4555 incurialibrnriorum
1728 4492 1796 4559 scrip·

161 4570 250 4621 Porro
269 4584 374 4623 nomen
387 4579 449 4631 :iti
464 4566 557 4621 attor.
574 4563 724 4636 singulare
757 4565 887 4635 positum
902 4564 946 4615 est
1002 4584 1062 4632 mm
1079 4577 1194 4631 viderur
1211 4592 1261 4646 pra
1277 4572 1375 4629 magri,
1394 4572 1484 4626 Mirr,

127 4671 178 4738 pio
195 4654 301 4725 plurali
321 4654 424 4737 multis
440 4656 597 4727 Scripturas
612 4650 948 4735 locisretcumvortitur
1037 4663 1380 4733 rpursumnggarimos·
1406 4676 1461 4716 „on
1488 4658 1636 4725 abscondo,
1666 4648 1798 4716 mxima.

129 4744 159 4783 in
175 4724 255 4788 dara,
271 4725 393 4796 inteligi
410 4727 517 4783 deberit
529 4727 611 4796 dara,
626 4740 712 4796 quasi
736 4725 816 4779 dicas
840 4724 948 4779 inccta·
1003 4739 1078 4795 regor
1090 4737 1180 4793 ,cerua
1195 4752 1297 4790 aream,

128 4796 312 4879 toloMtiff·
528 4871 533 4882 ,
765 4867 771 4879 .
953 4834 955 4838 “
1038 4827 1145 4882 ⁸Idem
1161 4840 1232 4880 mss.
1250 4825 1304 4878 Pro
1318 4822 1367 4877 lioc
1381 4824 1456 4890 orat,
1471 4824 1501 4875 et
1516 4834 1594 4885 mox,
1611 4824 1717 4890 tempas
1740 4816 1797 4869 iaie·

165 4900 200 4912 -
209 4869 357 4924 Veriorcm
367 4868 459 4925 multo
471 4869 624 4925 lectionem
635 4882 699 4924 esse
711 4866 846 4930 arbitror,
859 4880 948 4938 quam
1002 4900 1083 4955 niem
1094 4899 1205 4967 absque
1214 4894 1249 4950 dg
1264 4893 1480 4966 praepogpriona,

129 4939 312 5000 cisterciens.
331 4955 385 4993 iis.
403 4941 613 5064 graiertcrectc
628 4956 679 5011 pro
693 4948 799 4994 uetera.
816 4937 888 4993 Nam
913 4936 950 4992 li·

128 5020 175 5071 cet
188 5013 339 5070 Hebraeum
355 5026 404 5064 ver
428 5027 475 5065 uin
491 5023 554 5098 pria
574 5011 824 5081 (nonetuartiaa.
847 5007 951 5110 scribit
1005 4990 1054 5118 81ζὶ
1063 4979 1667 5123 θοῑέῐῑξῖὥιῃῐξῗοἳὲἓῗὲηἷὲἧὲητὲῗὲἑαέἓὲ
1690 4973 1798 5051 Dltiilffl

128 5104 205 5175 cna)
221 5100 367 5173 signillcct
384 5104 561 5165 veterascere,
585 5100 779 5170 metonymice
806 5101 902 5154 tamen
920 5116 949 5155 iii
1043 5151 1063 5185 w
1078 5146 1175 5204 Nomi
1187 5160 1304 5216 quoquo
1319 5158 1393 5198 mss·
1409 5156 1477 5195 cum
1495 5137 1546 5195 affl
1571 5154 1661 5211 penes
1689 5132 1798 5192 mm

128 5192 289 5263 smmum
316 5204 393 5260 me
428 5184 570 5257 “mmm
598 5204 650 5258 pm
687 5188 949 5260 excedm’efi‘r'i·
1005 5226 1094 5290 atquo
1109 5217 1196 5275 editis
1211 5214 1306 5280 libris,
1321 5212 1455 5269 maxillas
1469 5226 1567 5266 eoram
1588 5211 1751 5278 constrictae,
1765 5197 1800 5273 ιιι

130 5264 236 5337 hisque
252 5260 410 5319 similibus.
434 5258 507 5314 Cum
529 5273 635 5339 sensus
659 5259 694 5343 de
709 5259 815 5343 ‘uerbis
837 5265 893 5326 est,
918 5276 952 5316 ea
1146 5290 1217 5345 dm
1232 5287 1268 5342 ad
1287 5290 1323 5340 ιθ,
1342 5291 1363 5338 Α
1397 5283 1486 5340 ΠΜ
1505 5281 1612 5338 alludit
1639 5277 1801 5338 mmm

131 5336 248 5410 proprie
263 5335 393 5401 denotat,
410 5347 472 5402 quas
490 5329 727 5386 terminosoilicii
740 5338 952 5399 excurrunt,se
1006 5308 1065 5418 '122’ss
1076 5307 1178 5427 ἳξξὶο,
1194 5357 1309 5415 aemil·
1376 5303 1393 5356 q

131 5399 953 5563 i⁰u¹ss⁰rffiaeeii¹ri¹iiiiiildiriif’ssr'rbeiii'liogiundigiaiiiil
1045 5454 1065 5486 ¹¹
1082 5440 1565 5591 1{soefflgsffissealip&igneoli
1585 5442 1664 5515 arud
1691 5437 1802 5502 aarum

131 5550 191 5606 mia
205 5547 404 5622 interpretari,
420 5552 449 5604 et
463 5545 540 5618 qaod
562 5543 627 5600 ltali
651 5541 764 5613 dicunt,
787 5559 856 5609 cose,
873 5560 953 5615 opc·
1007 5537 1080 5577 ωδε·

134 5622 193 5677 rote
206 5630 310 5678 sirone.
329 5619 419 5678 Paulo
435 5623 501 5694 post
514 5617 592 5674 idem
608 5630 664 5673 me.
675 5614 775 5682 habet,
783 5615 857 5684 Quia
865 5616 955 5672 mutto
1022 5680 1028 5693 ,
1043 5610 1065 5645 ¹¹
1083 5608 1172 5664 Addit
1187 5606 1304 5678 Regina
1314 5621 1373 5684 ms.
1387 5600 1434 5688 hic
1447 5601 1579 5687 Dominae
1596 5600 1744 5675 :legitque
1761 5600 1807 5654 ia·

132 5694 179 5749 eit
194 5691 311 5758 mattas,
330 5697 386 5751 ete.
1008 5684 1049 5738 tio
1064 5680 1100 5737 ab
1114 5679 1170 5737 boc
1182 5694 1281 5745 versu,
1296 5677 1459 5747 firmamento
1473 5675 1607 5730 actiacae
1620 5688 1673 5746 pro
1684 5671 1753 5741 sede,
1765 5670 1808 5726 eia
