3870 6120
116 443 170 503 359

632 445 662 497 S.
682 441 889 498 menonem
907 440 1034 495 DlVlNA
1052 437 1300 495 pipernenses.

1764 446 1820 504 300

115 573 217 632 Omnis
232 573 331 629 anima
344 589 378 628 ex
402 569 484 626 vobis
509 586 566 625 non
591 569 722 626 comedet
749 565 934 640 sanguinem,
949 567 977 633 Α
991 563 1071 621 illius
1088 581 1145 622 non
1161 563 1296 637 accipies,
1313 580 1364 622 nec
1380 566 1522 625 revelabis
1536 570 1718 643 turpidinem
1740 576 1820 648 ejus,

116 679 173 720 occ
185 679 220 719 ex
230 662 350 717 advenis
364 659 414 731 qui
440 658 666 732 peregrinantur
679 657 756 714 inter
771 673 829 713 vos.
841 660 934 712 Homo

116 749 329 823 quicunquede
344 745 414 802 filiis
429 746 515 802 lsrael
533 750 562 801 ct
574 745 611 802 de
634 742 755 800 advenis
781 742 831 815 qui
853 756 937 815 pere·

115 840 270 911 grinentur
284 836 363 907 apud
378 852 439 902 vos,
457 835 482 890 si
498 834 746 905 veneticneatque
754 831 880 903 aucupio
892 846 936 886 ce·

114 927 189 999 perit
204 926 294 981 leram
321 924 364 980 vel
394 940 489 993 avem,
516 923 624 995 quibus
650 922 727 978 vesci
752 921 866 977 licitum
882 921 936 986 est,

114 1016 218 1071 landet
230 1012 404 1086 sanguinem
421 1013 496 1083 ejus,
510 1017 539 1068 et
558 1012 670 1084 operiet
682 1010 767 1066 illum
793 1013 871 1065 terra
894 1007 936 1079 (b.

114 1104 255 1177 pulvere).
273 1103 381 1158 anime
395 1099 718 1158 enimomnisearnisin
729 1098 936 1171 sanguineest:

114 1193 194 1249 unde
205 1192 265 1248 dixi
282 1190 351 1247 liliis
367 1189 475 1246 lsreel:
493 1189 673 1261 Sanguinem
689 1187 829 1243 universe
841 1186 937 1243 carnis

115 1299 173 1340 non
190 1280 363 1347 comedetis,
373 1280 441 1352 quis
453 1279 552 1335 anima
562 1277 658 1334 carnis
672 1276 857 1348 insanguine
869 1279 914 1331 est
929 1291 936 1331 :

91 1376 143 1443 ,et
155 1371 326 1443 quicunque
340 1369 499 1425 comederit
515 1367 610 1435 illum,
620 1366 760 1422 interibit.
777 1363 937 1438 (dxxxi.)

112 1461 218 1519 Anima
252 1475 316 1533 que
352 1457 512 1516 comederit
550 1455 762 1523 morticinum,
800 1452 844 1510 vel
888 1469 937 1508 ca·

115 1555 198 1623 ptum
213 1566 231 1605 a
247 1547 342 1604 bestie
356 1550 416 1602 tem
434 1546 469 1601 de
479 1544 637 1616 indigenis,
653 1543 789 1615 quamde
806 1540 936 1609 ndvenis,

116 1637 224 1694 levabit
239 1635 415 1692 vestimenta
429 1649 483 1689 sua
497 1635 527 1688 et
541 1632 731 1703 semetipsum
747 1633 860 1702 aquaet
870 1646 937 1686 con·

992 652 1089 709 adbuc
1116 651 1167 708 illa
1194 653 1324 710 vivente.
1354 655 1397 710 Ad
1429 655 1583 714 mulierem
1613 676 1680 733 quas
1709 663 1821 734 patitur

992 746 1154 809 menstrua,
1181 758 1239 797 non
1259 744 1391 811 accedes,
1412 759 1465 800 nee
1490 746 1632 804 revelabis
1657 749 1818 809 loeditatem

992 829 1068 900 ejus.
1081 833 1153 885 Cum
1170 846 1258 886 uxore
1273 831 1452 902 proximitui
1468 850 1526 889 non
1542 835 1645 905 coibis,
1658 854 1712 894 nec
1728 840 1818 896 semi·

993 916 1038 972 nis
1052 917 1258 974 commistione
1274 919 1479 977 maculaberis.
1500 922 1542 978 De
1556 924 1669 981 semine
1688 931 1740 983 tuo
1756 945 1815 986 non

992 1005 1075 1063 debis
1092 1011 1124 1062 ut
1148 1013 1335 1064 consecretur
1360 1008 1438 1065 idolo
1454 1009 1589 1081 Moloch,
1617 1030 1670 1071 nec
1702 1015 1816 1088 pollues

992 1110 1096 1150 nomen
1116 1095 1162 1151 [lei
1179 1096 1233 1151 tui.
1259 1097 1319 1168 Ego
1343 1097 1495 1155 Dominus.
1524 1100 1565 1172 [C.
1590 1101 1723 1177 xxxiii]
1743 1107 1816 1164 Cum

992 1183 1122 1240 masculo
1138 1201 1196 1241 nou
1222 1186 1460 1244 commisceberis
1481 1188 1559 1246 coitu
1584 1191 1724 1265 femineo,
1747 1198 1819 1269 qnia

991 1272 1170 1328 abominatio
1185 1279 1239 1330 est.
1255 1274 1326 1330 Cum
1343 1276 1424 1332 omni
1440 1292 1543 1349 pecore
1572 1296 1630 1335 non
1646 1280 1752 1354 coibis,
1762 1300 1815 1340 nee

991 1360 1186 1417 maculaberis
1198 1378 1262 1418 cum
1274 1378 1317 1419 ec.
1330 1363 1436 1421 Mulier
1447 1382 1503 1422 non
1516 1370 1690 1426 succumbet
1697 1373 1815 1443 jumen·

991 1453 1032 1517 to,
1048 1464 1101 1505 nec
1117 1448 1345 1508 miscebiturei:
1362 1452 1432 1524 quie
1443 1453 1540 1510 scelus
1554 1459 1608 1511 est.
1625 1456 1684 1513 Nec
1698 1457 1814 1531 pollua-

991 1537 1105 1593 miniin
1122 1539 1263 1596 omnibus
1288 1538 1348 1606 his,
1373 1540 1483 1612 quibus
1512 1544 1716 1602 mntsmicatre
1745 1552 1817 1604 sunt

990 1629 1128 1683 universae
1143 1626 1183 1698 (b.
1200 1645 1258 1684 non
1276 1627 1376 1697 babet)
1391 1636 1503 1701 gentes,
1524 1648 1598 1704 quas
1619 1649 1673 1706 ego
1697 1634 1814 1707 ejiciam

116 1726 278 1783 taminatus
293 1723 347 1779 erit
362 1737 456 1793 usque
471 1721 505 1777 ad
527 1736 699 1792 vesperum:
715 1718 812 1775 etheo
835 1718 937 1774 ordine
990 1720 1261 1786 antecrescentem
1288 1722 1430 1786 vestrum,
1452 1724 1481 1776 θῑ
1503 1721 1612 1792 quibus
1637 1723 1749 1795 ΡΘῙῙΙΨι
1768 1728 1815 1781 0⁸i

116 1815 246 1872 mundus
260 1813 319 1869 liet.
337 1811 418 1876 Quod
436 1811 460 1866 si
477 1826 534 1866 non
560 1809 661 1866 leverit
682 1809 853 1865 vestimenta
872 1824 934 1880 sua,
992 1807 1086 1859 issrw
1106 1804 1193 1875 ⁰⁰j⁰⁸
1209 1821 1262 1877 08⁰
1278 1805 1389 1862 icelii&
1402 1808 1540 1876 visitabo,
1556 1815 1716 1869 ”telmai
1728 1813 1816 1870 hibi·

114 1920 168 1960 nee
183 1918 291 1975 corpus
306 1898 630 1974 portabitiniquitatcm
645 1914 739 1955 ruam.
951 1929 974 1993 B
989 1895 1098 1949 latores
1113 1909 1194 1949 euos.
1208 1895 1357 1952 Custodite
1372 1895 1502 1967 legitima
1516 1902 1815 1973 meaatquejudicia,

149 1991 193 2064 (B.
207 1993 245 2058 X,
261 1992 290 2047 C.
307 1988 425 2052 xxxn.
442 1990 513 2059 Cap.
531 1985 641 2057 XVlllt
661 1986 789 2043 Locutus
813 1989 858 2042 est
879 1989 935 2042 Do·
989 1984 1018 2036 et
1033 1997 1090 2036 non
1107 1982 1219 2038 iacietis
1234 2000 1269 2039 ex
1283 1985 1422 2042 omnibus
1447 1987 1720 2047 abominationibus
1735 1992 1813 2061 istis,

117 2079 267 2137 minusad
285 2077 527 2145 Mosemdicene:
544 2076 675 2147 Loquere
693 2074 762 2131 liliis
782 2071 883 2141 lsrael,
907 2078 936 2129 et
989 2072 1049 2125 tam
1066 2069 1204 2142 indigena
1228 2087 1318 2144 quam
1345 2075 1479 2140 colonus·
1507 2077 1558 2150 qui
1587 2080 1816 2152 revestiuntur

115 2169 197 2226 dieas
211 2168 248 2223 ad
263 2182 333 2223 ecs:
358 2166 418 2238 llgc
446 2163 590 2221 Dominus
614 2162 692 2220 Deus
719 2167 825 2232 vester,
852 2163 937 2235 Juxta
991 2158 1067 2228 apud
1083 2175 1144 2215 vos.
1162 2159 1357 2218 Omnesenim
1372 2165 1586 2223 exsecrationes
1598 2168 1817 2229 istaesecerunt

116 2253 418 2325 eonsuetudinemffi,
440 2252 540 2326 opera)
563 2256 646 2309 tem,
668 2253 794 2325 AEgyprg
822 2251 852 2306 in
877 2266 936 2322 qus
990 2244 1094 2302 accole
1110 2255 1203 2317 terre,
1220 2250 1271 2321 qni
1283 2250 1403 2307 luerunt
1427 2258 1494 2310 ante
1521 2271 1582 2322 vos,
1604 2256 1816 2330 etpclluerunt

113 2347 265 2409 habitatin
280 2362 337 2403 non
354 2343 466 2401 iacietis
482 2348 510 2399 et
532 2343 619 2414 juxta
637 2358 748 2399 morem
771 2343 812 2412 (b.
836 2340 936 2414 opera)
988 2334 1263 2410 eem.Gaveteergo
1279 2341 1565 2400 naetvosaimiliter
1587 2351 1712 2415 evomat,
1744 2362 1813 2405 cum

21 2446 24 2457 =
113 2435 243 2508 agionis
257 2433 407 2499 chanaan,
422 2432 459 2488 ad
476 2449 561 2499 quem
574 2447 627 2505 ego
637 2431 934 2487 introducturussum
989 2423 1073 2495 paria
1084 2425 1223 2496 feceritis,
1239 2430 1317 2485 sicot
1330 2431 1460 2486 evomuit
1473 2440 1599 2504 gentem,
1616 2450 1680 2505 que
1696 2436 1753 2492 luit
1762 2453 1815 2493 an·

112 2540 176 2594 ros,
197 2519 465 2595 nonagetis,neoin
476 2518 934 2594 legitimiseornmambulabitis.
988 2512 1017 2567 tc
1031 2528 1092 2569 vce.
1104 2512 1206 2570 Omnis
1223 2516 1335 2587 anima,
1350 2534 1415 2589 ques
1431 2520 1814 2581 leceritdeabominationi-

115 2610 239 2669 Fecistis
251 2608 365 2682 judicia
382 2624 456 2675 mea,
472 2614 500 2665 et
523 2612 665 2681 precepta
679 2623 745 2664 mea
768 2607 935 2678 servabitis,
988 2599 1045 2655 bus
1059 2600 1126 2658 istis
1141 2603 1306 2676 quidpiam,
1323 2607 1430 2678 peribit
1450 2609 1486 2664 de
1505 2610 1603 2667 medic
1629 2612 1729 2683 populi
1754 2613 1814 2671 sui.

112 2705 142 2758 at
157 2699 352 2758 ambulabitis
367 2699 396 2754 in
414 2697 456 2753 eis
470 2696 513 2770 [h.
529 2702 562 2753 ut
577 2696 733 2754 ambuletis
747 2696 778 2752 in
793 2696 861 2769 bis).
875 2696 935 2768 Ego
988 2690 1140 2745 Custodite
1157 2694 1298 2749 mandate
1312 2711 1387 2751 mea.
1400 2695 1494 2753 Nolite
1504 2697 1670 2771 fecereque
1683 2704 1817 2759 lecerunt

114 2788 259 2847 Dominus
275 2788 353 2844 Deus
368 2792 472 2843 vester.
490 2787 642 2843 custodite
657 2785 737 2858 leges
753 2802 833 2842 meae
846 2790 935 2857 atque
988 2776 1020 2842 ii·
1037 2779 1087 2849 qui
1104 2780 1223 2837 suerunt
1237 2786 1305 2838 inii
1320 2800 1380 2852 *1⁰⁸¹
1406 2791 1436 2841 ⁰2
1461 2803 1498 2842 1¹⁰
1520 2786 1816 2859 P⁰l¹⁰³ffli1¹ii¹i⁸i⁸·

20 2920 25 2935 .
109 2877 234 2951 iudicia,
249 2875 437 2949 quantociens
452 2874 552 2944 bomo,
566 2874 644 2931 vivet
655 2874 686 2930 in
701 2875 817 2948 ais.Ego
834 2873 934 2930 Domi·
989 2865 1047 2937 Ei8⁰
1064 2868 1204 2925 ⁰⁰ffli¹¹¹¹⁸
1223 2871 1301 2927 90⁰⁸
1316 2878 1418 2929 miii·

113 2984 180 3024 nus.
198 2965 302 3023 Omnis
316 2964 404 3021 bomo
420 2963 455 3019 ad
472 2964 633 3036 proximam
654 2964 808 3037 sanguinis
823 2963 869 3019 sui
892 2962 933 3033 (h.
1023 2958 1063 3027 (T·
1092 2957 1185 3028 ΧΗ·
1212 2960 1324 3027 XXXVv
1349 2961 1415 3031 cap.
1445 2963 1532 3034 iiix·)
1557 2966 1743 3039 1⁴⁰⁰¹¹i¹1⁸il⁰⁰
1767 2975 1814 3025 ⁰⁸2

113 3053 213 3115 cmi,
228 3054 300 3124 m)
322 3069 380 3109 non
399 3053 526 3123 medei,
542 3056 575 3108 ut
598 3051 704 3107 mergi
718 3051 933 3125 turpitudinem
989 3043 1130 3102 Dominus
1145 3048 1181 3102 ad
1203 3048 1313 3119 Mosen,
1339 3050 1458 3108 dicens:
1487 3054 1617 3126 Loquere
1637 3057 1674 3112 ed
1695 3072 1815 3115 omnem

113 3144 189 3217 elna.
206 3144 264 3215 Ego
277 3140 428 3197 Dominus.
444 3140 666 3213 'turpitudinem
682 3141 775 3214 patris
789 3141 933 3196 tuiettnr-
987 3138 1094 3191 coetum
1118 3136 1248 3194 filiorum
1278 3140 1430 3207 {eructet
1453 3142 1532 3199 dices
1554 3143 1590 3199 ad
1614 3160 1688 3201 ece:
1714 3148 1815 3204 Sancti

115 3231 282 3305 pitudinem
298 3228 468 3286 matristue
482 3245 538 3285 non
553 3228 765 3300 discooperies:
781 3232 934 3284 materlua
987 3227 1091 3288 estole,
1106 3224 1176 3296 quia
1192 3242 1245 3299 08⁰
1257 3232 1378 3285 ⁸⁸n0i¹1³
1389 3246 1465 3296 sum,
1490 3231 1632 3288 Dominus
1657 3232 1737 3292 Dm
1763 3251 1817 3292 VO·

113 3316 614 3392 estlicnrevelabisturpitudinem
625 3319 698 3389 ejus.
709 3318 934 3390 Turpitudinem
951 3290 973 3360 c
992 3311 1280 3386 siet·U¹1¹¹⁸(l⁰i⁸(lue
1291 3319 1815 3396 matrem(l¹utq.cdsuemletpatrem

119 3407 218 3466 uxoria
231 3408 324 3479 patris
339 3406 381 3461 tui
397 3422 453 3463 non
469 3407 674 3478 discooperies:
691 3407 844 3478 turpitudo
858 3405 936 3462 enim
993 3401 1201 3457 suumtinieet.
1211 3403 1341 3460 Sabbata
1352 3421 1416 3462 mea
1426 3407 1581 3465 custodite.
1594 3410 1653 3481 Ego
1670 3412 1816 3470 Dominus

113 3497 207 3571 patris
222 3496 266 3551 tui
280 3499 336 3551 est.
352 3495 576 3567 Turpitudinem
594 3496 703 3551 sororis
719 3505 773 3551 tue
788 3511 821 3550 ex
843 3499 936 3566 patre,
992 3487 1070 3544 Deus
1086 3495 1190 3547 iiiiii·
1206 3492 1302 3549 Nolite
1332 3497 1461 3551 willerii
1485 3498 1519 3553 id
1547 3498 1635 3569 ΝΟΜ,
1662 3517 1717 3556 ¹¹0⁰
1744 3502 1816 3559 ‘10⁰⁸

111 3584 173 3643 siva
187 3601 222 3640 ex
239 3587 344 3650 matre,
362 3599 427 3654 que
444 3583 524 3639 domi
538 3582 583 3639 vcl
598 3582 669 3639 loris
684 3584 784 3654 genita
798 3590 854 3649 est,
879 3600 938 3640 ncn
991 3578 1154 3636 conflatiles
1164 3580 1279 3639 lecistis
1293 3583 1387 3639 vobis.
1405 3584 1462 3657 ligo
1474 3585 1695 3645 Dominuslleus
1708 3594 1816 3647 vester.

112 3672 269 3731 revelabis.
285 3671 512 3745 Turpitudiuem
529 3671 594 3727 lille
611 3671 662 3727 lilii
678 3672 720 3727 tui
736 3671 779 3728 vel
796 3671 891 3744 neptis
902 3689 937 3728 ex
991 3667 1021 3723 Si
1037 3668 1820 3747 imm⁰¹⁸il0liii⁸ih⁰³ii²m9005i¹00i11m00ffli¹¹0sl¹iiii

992 3757 1157 3829 placabilis,
1172 3776 1205 3816 eo
1222 3761 1270 3817 die
1285 3778 1343 3832 quo
1370 3763 1458 3819 luerit
1473 3764 1636 3833 immolata,
1655 3768 1819 3826 comedetis

990 3862 1066 3917 eam,
1079 3852 1109 3903 et
1122 3848 1170 3904 die
1186 3849 1279 3907 altero
1294 3850 1335 3922 (b.
1347 3850 1372 3907 si
1388 3852 1612 3911 immolaveritis
1624 3855 1754 3914 hostiam
1765 3874 1819 3931 pa·

112 3939 151 3997 tri
165 3947 225 4007 tuo,
241 3943 271 3995 et
285 3943 332 3995 est
343 3955 425 3995 soror
439 3943 490 3995 tua
505 3939 547 4009 (b.
565 3955 656 4010 quam
670 3939 782 4011 peperit
793 3938 936 4010 patrituo,
990 3934 1154 4000 cificorum,
1170 3937 1338 3995 voluntarie
1354 3940 1515 4009 immolate,
1532 3946 1560 3998 et
1574 3959 1608 4000 ec
1623 3943 1671 4001 die
1684 3961 1744 4014 quo
1755 3947 1818 4003 lue·

115 4045 173 4086 non
189 4026 343 4093 revelabis,
359 4043 443 4084 soror
456 4031 507 4083 tua
522 4031 577 4097 est)
594 4044 650 4083 non
667 4026 818 4084 revelabis.
834 4017 937 4098 'l'urpi-
992 4022 1031 4079 rit
1046 4024 1199 4082 immolata
1212 4032 1346 4085 vescetur
1361 4035 1390 4085 ct
1405 4030 1452 4086 die
1465 4030 1580 4104 alteret:
1595 4033 1740 4105 quidquid
1762 4051 1818 4090 aa·

108 4116 244 4175 tudinem
260 4116 372 4173 sororis
388 4115 483 4189 patrie
498 4116 540 4172 tui
557 4132 615 4172 nco
629 4116 826 4188 discooperies
842 4133 849 4172 :
866 4116 937 4188 quia
993 4117 1052 4168 lem
1067 4113 1436 4174 residuumlucritindiem
1449 4121 1815 4194 tertiumignefccmburs·

110 4222 178 4263 om
193 4204 234 4278 (h.
252 4207 430 4279 propinqua)
445 4210 492 4261 sat
516 4206 608 4278 patris
632 4204 686 4261 tui.
709 4204 934 4278 Turpiludinem
995 4203 1074 4259 tissi
1089 4203 1155 4275 quis
1171 4209 1239 4277 post
1253 4205 1377 4262 biduum
1393 4209 1551 4265 comederit
1565 4226 1601 4266 ex
1615 4225 1661 4278 ea,
1673 4211 1818 4283 protenus

110 4295 221 4353 sororis
238 4294 341 4351 matris
357 4299 414 4351 ture
430 4310 489 4350 non
505 4293 656 4361 revelabis,
672 4294 877 4366 ecquodnam
892 4294 934 4366 (b.
997 4292 1063 4360 erit,
1074 4295 1102 4347 et
1112 4291 1271 4365 impietatis
1287 4310 1365 4349 reus.
1378 4295 1508 4352 Portabit
1519 4297 1815 4370 iniquitatemsuam,

111 4383 291 4458 propinqua)
305 4383 344 4440 sit
355 4383 537 4440 matristuar.
548 4382 771 4454 Turpitudinem
782 4381 879 4455 patrui
892 4381 935 4439 tui
990 4381 1209 4451 quiasauctum
1225 4382 1342 4438 Domini
1359 4382 1474 4455 polluit,
1489 4388 1517 4442 et
1527 4386 1633 4457 peribit
1642 4389 1742 4444 anima
1762 4389 1815 4445 illa

110 4470 210 4546 (Volo.
239 4475 294 4529 tce.
328 4472 382 4533 luit
404 4488 461 4528 non
490 4470 642 4539 revelabis,
667 4487 719 4529 neo
748 4472 869 4528 accedes
898 4472 935 4529 ad
991 4468 1492 4544 depopulosuo.(c.llelV.)cum
1517 4476 1677 4532 messueris
1700 4482 1817 4550 segetes

111 3762 244 3819 liliancn
261 3760 414 3818 revelabis:
430 3760 501 3832 quia
526 3760 679 3834 turpitudo
705 3765 755 3816 tua
780 3766 835 3817 est.
863 3761 936 3817 Tur·

114 3850 280 3925 pltudinem
297 3849 365 3905 illie
382 3850 483 3907 uxoris
499 3849 654 3923 patristui,
668 3848 936 3923 quempeperitpa·

4 4634 7 4643 Ι
109 4576 229 4619 uxorem
258 4561 345 4633 aJ‘ua,
373 4577 437 4633 que
452 4560 506 4616 tibi
522 4559 664 4616 allinitete
692 4560 870 4635 cocungitur
883 4561 931 4633 (b.
989 4560 1084 4624 terrae,
1099 4575 1157 4615 non
1170 4559 1307 4615 tondebis
1327 4562 1465 4631 usquead
1481 4562 1586 4635 solum,
1623 4568 1816 4638 superficiem

110 4651 185 4709 licor
198 4650 295 4723 petrei
308 4651 353 4707 tci
366 4650 429 4719 aet.)
445 4648 670 4722 'lurpitudinem
686 4666 780 4707 nurus
795 4654 852 4706 ture
877 4667 934 4706 noc
952 4655 977 4723 ῃ
992 4651 1086 4702 terre:
1103 4662 1157 4703 nec
1172 4652 1358 4706 remanentes
1373 4651 1471 4721 spicas
1487 4651 1607 4726 colliges
1618 4653 1731 4717 (heum
1741 4672 1819 4714 mes·

106 4737 265 4803 revelabis,
281 4740 351 4809 quia
367 4755 441 4795 uxor
455 4738 508 4794 filii
524 4737 567 4793 tui
583 4743 638 4804 est,
665 4753 719 4794 nee
740 4739 936 4811 discooperies
992 4734 1087 4791 suern
1102 4740 1214 4807 segetes
1230 4741 1313 4792 terre
1329 4742 1396 4807 tue,
1413 4756 1470 4795 non
1486 4747 1578 4798 metes
1591 4747 1684 4798 totum
1696 4760 1817 4817 agrum,

107 4825 303 4900 ignominiam
321 4828 397 4897 ejus.
416 4826 643 4901 Turpitudinem
661 4827 760 4884 uxoris
776 4828 875 4884 iratrie
890 4829 934 4886 tui
990 4825 1040 4881 sed
1057 4830 1168 4897 partem
1185 4824 1359 4897 relinques).
1373 4827 1471 4900 Neque
1485 4828 1514 4884 ic
1530 4831 1614 4888 vinea
1623 4836 1673 4886 toa
1681 4849 1817 4891 racemos

106 4931 165 4972 non
181 4912 336 4982 revelabis,
353 4914 425 4984 quia
438 4915 589 4986 turpitudo
603 4914 702 4970 fratris
717 4915 761 4971 tui
785 4921 840 4974 est.
861 4918 936 4974 Tur-
989 4917 1018 4968 et
1027 4928 1119 4985 grene
1134 4913 1299 4970 decidentia
1314 4917 1515 4989 congregabis,
1530 4920 1581 4974 sed
1596 4920 1780 4993 puaperibus
1790 4928 1820 4980 et

107 5001 277 5076 pitudinem
293 5002 393 5058 uxoris
410 5008 466 5058 tue
482 5009 511 5059 et
527 5003 592 5057 illie
608 5004 673 5074 ejus
688 5003 730 5075 (h.
752 5004 886 5062 mulieris
907 5011 937 5063 et
990 5002 1153 5074 peregrinis
1168 5004 1314 5075 carpende
1328 5004 1471 5063 dimittes.
1488 5007 1545 5076 Ego
1560 5009 1713 5078 {Dominus
1736 5010 1818 5070 Dens

111 5090 179 5147 illie
194 5089 271 5162 ejus)
289 5106 346 5145 non
366 5089 519 5147 revelabis.
533 5090 635 5146 Filiam
652 5091 702 5147 dlii
718 5094 793 5164 eius,
809 5094 935 5151 etliliem
989 5095 1094 5148 vester·
1111 5093 1151 5160 (C.
1175 5092 1263 5155 XXX.
1283 5097 1346 5150 Non
1366 5093 1480 5152 facietis
1499 5096 1624 5153 lurtum.
1642 5099 1704 5156 Non
1729 5117 1818 5158 men·

107 5178 934 5254 flliaillioanonsumesmirevelesingnominiamzrjus:
989 5178 1818 5257 nemini,necdecipiet¹unusquisquepr0ximumsuum.

108 5267 181 5339 quia
196 5282 265 5324 cem
281 5265 321 5338 (li.
343 5267 529 5339 propinque)
544 5266 624 5324 illius
639 5274 718 5336 aunt,
742 5278 770 5326 et
784 5270 852 5327 talis
875 5271 935 5327 oci-
990 5267 1051 5323 Non
1068 5267 1232 5338 perjmebie
1245 5269 1274 5324 in
1291 5271 1411 5327 nomine
1426 5288 1503 5342 meo,
1520 5291 1572 5331 nec
1584 5274 1698 5347 pollues
1714 5277 1823 5345 (brio-

108 5359 158 5414 tas
173 5356 309 5413 incastus
324 5360 379 5413 est.
396 5355 531 5412 Sororem
546 5357 645 5413 uxoris
659 5358 755 5414 tuerin
767 5358 935 5431 pellicatum
990 5352 1077 5424 labis)
1095 5370 1201 5412 nomen
1220 5357 1269 5414 [lei
1286 5360 1343 5417 iiii·
1358 5364 1417 5434 Ego
1434 5363 1585 5422 Dominus·
1602 5365 1643 5436 (C.
1658 5366 1821 5443 XXXVll.)

150 5534 158 5567 ¹
176 5532 278 5591 Cenon
294 5549 363 5590 cum
380 5533 493 5605 aliquot
504 5550 589 5606 mss,
604 5535 664 5593 Non
682 5535 828 5608 pejerabis,
857 5541 935 5610 quod
990 5541 1106 5599 bevitici
1117 5542 1214 5600 locum
1228 5562 1235 5601 z
1251 5546 1310 5602 lion
1324 5549 1514 5629 profanabitis
1527 5565 1625 5607 nomen
1638 5552 1753 5609 Domini
1766 5555 1819 5613 nei

113 5598 195 5658 idem
212 5610 268 5662 est.
283 5608 376 5663 Mser.
989 5615 1085 5680 vestri,
1110 5615 1193 5687 qvod,
1216 5616 1323 5689 inquit,
1346 5620 1509 5692 lirercnpmi
1534 5623 1686 5680 trcrrslctr'e
1714 5625 1814 5685 edidit.

138 5703 181 5753 .—
199 5674 324 5760 Urbines
340 5695 396 5735 ms.
412 5692 463 5734 nec
477 5677 605 5750 decipiet.
622 5681 686 5734 llcx
700 5678 857 5750 fidejussor
883 5699 936 5754 pro
989 5687 1049 5743 lton
1064 5686 1170 5757 polluas
1188 5689 1239 5744 Dei
1252 5691 1304 5745 tei.

109 5739 340 5818 Hieronymiane
355 5749 548 5808 translatione
566 5756 612 5809 est
635 5750 796 5825 Hesychius
806 5753 837 5810 in
857 5753 936 5812 huuc
