3870 6120
102 282 158 340 787
623 275 653 328 S.
674 271 880 327 nlssortvnss
898 266 1027 323 nlvnts
1044 271 1293 333 slstlornscll.
1741 278 1787 336 iffi

105 411 203 466 rectas
217 406 247 461 in
264 402 344 460 coelo.
356 399 505 471 Numquid
516 399 622 471 poterit
632 412 696 454 esse
707 395 785 468 quod
801 391 931 466 loquorlt
944 393 972 461 Α
986 392 1136 456 Tollamus
1152 401 1282 474 quinque
1296 418 1400 475 equos,
1414 400 1466 474 qni
1476 405 1690 459 remanserunt
1702 401 1792 462 inerte

109 496 163 565 Qui
178 496 220 551 sit
236 511 242 549 :
259 490 371 547 videbis
386 487 479 545 oculis
495 488 567 560 tuis,
579 493 608 543 ct
627 488 696 543 inde
712 502 768 541 non
784 482 929 540 comedes.
988 481 1253 560 (quiuipsitsntum
1265 488 1796 549 suntinuniverssmultitudinelsrset

109 586 153 659 [T.
180 579 353 646 cxxxvii]
384 580 515 644 Qustuor
543 593 612 650 ergo
633 575 685 631 viri
715 577 797 631 erant
825 569 933 643 leprosi
987 571 1035 629 atii
1072 578 1150 633 enim
1179 580 1348 652 consumpti
1373 580 1484 652 suut),
1515 584 1546 637 et
1570 579 1732 649 mittentes,
1761 596 1794 639 sn·

108 676 191 746 juxta
219 668 373 725 introitum
388 671 488 739 porte,
517 666 566 738 qui
583 665 720 722 dixerunt
734 663 769 719 ed
786 661 931 717 invicem:
988 660 1102 734 plorare
1117 668 1291 738 poterimus.
1316 668 1512 725 Adduxerunt
1526 683 1600 743 ergo
1624 669 1699 726 dnos
1712 685 1794 743 equor,

111 760 185 830 Quid
215 757 262 814 bic
274 773 339 814 esse
353 759 491 813 volumus
507 757 600 812 donec
616 749 874 810 moriamur‘lsiva
889 747 933 803 in·
990 753 1129 825 misitque
1156 772 1205 812 rex
1230 758 1266 813 sd
1289 757 1379 830 [Vutp.
1409 757 1450 831 in]
1467 761 1566 815 castre
1594 761 1744 831 Syrorum,
1763 759 1795 815 di·

111 848 193 925 gredi
208 847 388 907 voluerimus
411 845 569 910 civitatem,
586 844 663 899 lame
675 842 835 899 moriemur
849 855 857 893 ε
873 838 933 893 sive
989 858 1078 901 rens:
1094 848 1145 912 Its,
1162 852 1190 903 et
1205 848 1309 904 videte¹
1351 846 1404 912 Qui
1419 847 1558 904 adierunt
1573 854 1644 921 post
1658 864 1708 905 eos
1722 864 1795 921 usque

111 937 311 996 manserimus
326 935 384 1007 bic,
398 934 582 992 moriendum
600 929 873 989 nobisestzvcnite
887 941 931 982 er-
990 935 1024 988 ud
1044 935 1217 992 Jordanem:
1247 938 1543 993 erceaulemomnis
1562 937 1614 993 uis
1646 937 1794 1010 plenaent

111 1047 148 1104 go
163 1035 192 1087 et
206 1031 268 1102 [ms.
290 1029 343 1101 ut],
358 1026 594 1098 transfugiamus
611 1024 647 1080 ad
665 1029 763 1080 cestro
777 1020 877 1094 Syrius.
904 1015 932 1071 Si
989 1024 1120 1080 vestibus
1135 1028 1164 1080 et
1174 1025 1252 1082 vasis
1265 1042 1272 1081 :
1285 1043 1348 1098 que
1360 1020 1544 1098 projecerant
1553 1025 1622 1099 Syri
1638 1026 1794 1085 cumturbl·

114 1119 300 1194 pepercerint
321 1115 417 1186 nobis,
439 1115 570 1170 vivemus
596 1132 603 1184 ;
628 1114 652 1169 si
683 1117 781 1167 autern
805 1107 936 1164 occidere
990 1116 1107 1168 rentur:
1124 1115 1288 1185 reversique
1299 1115 1396 1171 nuntii
1412 1115 1619 1171 indicaverunt
1635 1117 1656 1172 ¹.
1674 1115 1708 1171 iit
1721 1132 1797 1190 egres·

110 1209 267 1279 volueriut,
293 1205 489 1263 nihilominus
503 1210 533 1261 et
556 1205 618 1276 [ms.
633 1206 686 1259 too.
712 1201 749 1273 et]
765 1198 934 1255 moriemur·
990 1216 1041 1257 sus
1057 1201 1183 1273 populus
1208 1202 1329 1276 diripuit
1350 1208 1446 1260 cestra
1459 1204 1571 1277 Syris:
1595 1203 1748 1277 laetusque
1764 1208 1795 1261 ast

110 1301 307 1356 surrexerunt
319 1293 535 1369 igiturvesperi
563 1293 604 1365 [b.
621 1292 730 1363 mune],
756 1294 788 1344 ut
804 1286 937 1343 venirent
991 1290 1107 1346 modius
1118 1291 1221 1347 similes
1235 1297 1343 1349 stetere
1359 1292 1400 1365 [h.
1416 1291 1499 1367 siclo]
1515 1309 1586 1359 uno,
1617 1297 1648 1350 et
1676 1292 1734 1350 duo
1750 1309 1797 1350 mo·

117 1389 154 1445 sd
170 1392 267 1443 castra
280 1386 377 1459 Syrie.
395 1383 526 1456 Cumque
542 1379 741 1439 venissentad
759 1374 936 1451 principium
991 1377 1146 1436 diihordei
1179 1384 1286 1437 statere
1310 1381 1354 1453 [h.
1374 1381 1458 1453 siclo]
1487 1383 1664 1454 sno,juxta
1698 1382 1796 1439 verbun

117 1482 283 1535 castrorum
309 1473 410 1546 Syriae,
427 1470 542 1526 nullum
568 1469 675 1526 ibidem
703 1468 885 1540 repererunt·
909 1461 936 1518 Si
992 1468 1117 1525 Domini.
1143 1469 1231 1526 Porro
1253 1485 1302 1525 rex
1317 1470 1422 1527 ducem
1447 1470 1545 1541 illum,
1566 1470 1598 1526 in
1626 1471 1796 1544 cujusmsua

114 1566 233 1640 quidem
250 1564 392 1621 Dominus
408 1561 537 1617 sonitum
554 1560 650 1616 uudiri
666 1559 775 1615 lecerat
788 1556 819 1612 in
833 1553 938 1611 castris
992 1558 1182 1615 incumbebat
1206 1559 1267 1634 [ms.
1284 1559 1482 1632 incubuerat],
1504 1560 1665 1618 constitnit
1688 1560 1724 1617 nd
1746 1576 1795 1633 pur·

114 1656 215 1730 Syrie,
242 1669 395 1722 curruum,
411 1654 440 1707 et
456 1665 600 1723 equorum
629 1648 774 1704 exercitus
797 1642 936 1718 plurimi:
992 1652 1073 1703 tam:
1088 1648 1506 1721 quemcouculcavitturbain
1523 1649 1646 1706 introitu
1662 1647 1796 1722 portatu.

115 1746 311 1816 dixeruntque
333 1740 530 1797 adinvicem:
553 1738 626 1794 Ecce
646 1735 780 1793 mercede
798 1731 939 1789 conduxit
992 1737 1156 1810 populuain
1169 1737 1797 1812 portn],etmortuusest,juxtaqnodlocutas

115 1837 269 1894 adversum
300 1848 354 1888 nos
383 1846 433 1886 rex
461 1826 549 1886 lsrael
578 1843 662 1900 reges
689 1824 885 1882 Hetlbeorum
909 1823 939 1876 et
997 1827 1091 1883 luerat
1113 1827 1159 1883 sir
1181 1827 1243 1894 Dei,
1260 1830 1378 1900 quondo
1400 1828 1662 1885 descenderatrex
1686 1828 1793 1885 adeun.

115 1924 327 1998 AEgyptiorum,
352 1924 381 1977 et
394 1923 537 1976 venerunt
551 1933 639 1990 super
654 1932 719 1972 nos.
743 1912 941 1970 Surrexerunt
994 1915 1174 1989 Factumque
1185 1921 1231 1973 est
1242 1919 1583 1974 secundumsermonem
1594 1917 1717 1988 viritlei,
1731 1931 1796 1991 quen

116 2030 197 2087 ergo,
227 2018 256 2071 ot
284 2009 467 2083 ingeruntin
496 2006 636 2072 tenebris,
666 2008 695 2061 et
720 2001 941 2073 dereliquerunt
994 2004 1106 2061 dixerut
1130 2008 1201 2079 regi,
1218 2007 1335 2079 quando
1360 2007 1420 2064 ait:
1438 2011 1500 2064 Duo
1518 2007 1612 2063 modii
1640 2006 1794 2063 hordeista·
1831 2052 1834 2069 ,

115 2101 240 2161 tentoria
256 2117 322 2169 sus,
351 2095 642 2169 stequosetasinos
664 2093 693 2150 in
722 2090 837 2161 castris,
856 2089 939 2162 tuge-
992 2094 1109 2164 tere[b.
1139 2093 1220 2165 siclo]
1239 2101 1410 2163 unoerunt,
1438 2095 1603 2153 etmodlns
1628 2095 1730 2153 similar
1753 2100 1796 2151 sta·
1830 2098 1834 2119 “

116 2195 256 2263 suntque,
272 2188 387 2245 unimus
403 2187 549 2242 intantum
565 2200 636 2241 sues
652 2182 763 2240 salvere
778 2179 939 2253 cupientes.
994 2187 1055 2240 tere
1070 2184 1111 2256 [h.
1135 2183 1219 2258 siclo]
1248 2201 1318 2253 uno,
1346 2185 1518 2242 hoceodem
1541 2182 1794 2258 temporecras,in

117 2283 212 2354 Igitur
241 2294 308 2336 cum
336 2275 486 2333 venissent
504 2273 611 2347 leprosi
640 2272 733 2329 iltisd
762 2267 940 2344 principium
996 2276 1079 2345 porta
1106 2274 1264 2343 samarie,
1281 2274 1607 2348 quandoresponderct
1628 2274 1744 2331 duxr'tte
1762 2271 1793 2345 [Ιι.

117 2374 294 2437 uestrorum,
319 2364 444 2438 ingressi
460 2366 530 2420 sunt
546 2378 637 2418 unum
652 2359 888 2429 tubernaculum,
913 2361 943 2414 et
996 2379 1052 2419 non
1069 2363 1166 2434 babet]
1181 2363 1242 2420 viro
1256 2363 1319 2434 Dei,
1343 2366 1373 2418 et
1385 2363 1514 2420 dixerat:
1531 2362 1654 2420 Etiamsi
1674 2362 1793 2421 Dominus

119 2458 321 2526 comederunt,
337 2462 365 2511 et
378 2451 742 2524 biberunt.Tuleruntque
757 2450 824 2505 inde
839 2464 944 2521 argen-
996 2451 1096 2508 lecerit
1119 2458 1278 2509 cataractus
1292 2453 1321 2508 in
1352 2452 1435 2524 coelo,
1452 2453 1598 2526 numquid
1628 2448 1793 2527 poteritbsri

23 2588 34 2609 .
117 2554 194 2617 tum,
209 2553 370 2614 eteorum,
386 2547 532 2613 etvestes,
548 2545 577 2598 et
606 2540 753 2612 abierunt,
769 2543 798 2595 et
817 2538 942 2594 abscon·
997 2541 1073 2613 qnod
1088 2540 1218 2614 loqueris
1243 2542 1283 2612 [h.
1299 2543 1371 2599 Ecce
1386 2542 1529 2598 Dominus
1549 2540 1639 2599 faciet
1660 2543 1794 2599 cstrmctus

119 2638 244 2695 derunt:
275 2637 304 2691 et
330 2647 444 2689 rursum
468 2629 509 2700 [h.
527 2647 584 2686 non
613 2629 711 2701 habet]
740 2627 846 2686 reversi
875 2631 944 2683 suut
997 2631 1026 2686 in
1042 2630 1304 2704 coelo‘lNumquid
1320 2630 1427 2704 poterit
1450 2632 1609 2704 essequod
1625 2626 1795 2704 inquorlttt

121 2728 157 2785 ed
178 2725 257 2783 eliud
279 2720 514 2791 tabernaculum,
529 2724 558 2776 et
572 2720 640 2776 indc
654 2718 791 2776 similiter
813 2718 944 2774 auteren-
998 2719 1071 2775 dixit
1084 2721 1108 2776 ei
1126 2737 1133 2776 ε
1150 2720 1267 2777 Videbis
1282 2720 1376 2777 oculis
1390 2720 1463 2787 tuis,
1474 2724 1503 2775 et
1517 2720 1587 2778 inde
1600 2737 1659 2777 non
1675 2718 1794 2778 comedet
1829 2746 1834 2781 τ

121 2821 167 2874 tes
188 2813 416 2875 absconderunt,
431 2808 631 2881 Dineruntque
654 2808 829 2865 adinvicem
848 2823 855 2862 :
881 2806 944 2863 Non
998 2810 1100 2865 Evenit
1114 2824 1183 2884 ergo
1198 2810 1222 2866 ei
1250 2809 1325 2866 sicul
1341 2810 1514 2883 predictum
1529 2809 1635 2881 tuerat,
1651 2813 1682 2866 et
1702 2805 1795 2866 conoul·

123 2908 202 2962 recte
226 2900 364 2970 iacimus,
378 2899 441 2956 hacc
465 2896 543 2954 enim
560 2897 622 2955 dies
638 2897 706 2955 boni
722 2897 818 2953 nuntii
843 2900 898 2953 est.
914 2893 945 2952 si
999 2897 1075 2955 cavit
1090 2915 1156 2954 eum
1169 2896 1296 2970 populus
1311 2898 1340 2954 in
1361 2902 1467 2971 portat,
1480 2904 1510 2956 et
1525 2902 1663 2955 mortuos
1678 2905 1729 2956 est.
1813 2940 1819 2952 .

123 2990 306 3051 tacuerimus
322 2994 351 3046 et
375 2986 557 3045 noluerimus
576 2987 714 3043 nuntiare
741 3001 834 3060 usquc
848 3001 944 3053 mans,
1035 2988 1112 3060 [Cup.
1124 2987 1210 3057 vllll
1225 2987 1346 3045 Elissrus
1361 2992 1459 3045 sutem
1475 2987 1593 3046 loculus
1607 2992 1654 3046 est
1666 2989 1702 3045 ed
1718 2984 1799 3043 mulis·

124 3079 243 3138 sceleris
268 3075 568 3151 urguemurzvenite,
597 3080 754 3146 esmna,ot
774 3075 946 3130 nuntiemus
1002 3092 1075 3144 rem,
1092 3077 1177 3148 cnjus
1202 3076 1419 3135 viverelecerat
1438 3077 1545 3149 filium,
1575 3077 1677 3135 dicens
1699 3075 1807 3144 :Sospes

122 3170 153 3227 ln
164 3169 231 3227 aula
242 3167 473 3241 regis.Cumque
484 3166 633 3223 venissent
641 3166 677 3221 ad
687 3169 800 3236 portam
809 3163 945 3233 civitntis,
962 3140 983 3210 C
1002 3167 1074 3223 vado
1089 3170 1121 3223 tu
1143 3171 1173 3223 et
1186 3167 1300 3239 ,domus
1315 3169 1377 3234 tus,
1403 3170 1432 3223 et
1447 3166 1635 3239 peregrinere
1660 3167 1809 3235 ubicunque

124 3262 316 3315 narraverunt
330 3256 384 3327 eis,
399 3253 671 3311 dicenteszlvimus
685 3254 721 3310 ud
736 3258 832 3311 castra
846 3253 945 3326 syrie,
1002 3256 1143 3327 repereris
1165 3256 1302 3313 :vocavit
1327 3255 1389 3328 [ms.
1415 3255 1542 3328 vocabit]
1577 3256 1656 3314 enim
1685 3252 1815 3313 Dominus

120 3353 149 3405 et
165 3345 281 3404 uultum
291 3344 397 3401 ibidem
413 3343 731 3417 reperimushominem
744 3343 840 3416 [Volo.
852 3341 948 3399 bomi·
1001 3346 1121 3414 lumem,
1137 3353 1165 3403 et
1178 3346 1371 3418 renietsnper
1386 3350 1492 3401 terram
1510 3349 1625 3418 septem
1646 3346 1738 3402 annis.
1750 3341 1812 3407 Ouo

122 3436 217 3508 num],
234 3434 290 3491 nisi
305 3450 397 3506 equos
412 3439 441 3489 et
455 3432 555 3490 ssiuos
571 3431 716 3505 alligatos,
733 3437 761 3489 et
775 3434 832 3490 srxn
853 3436 947 3491 tento·
1001 3436 1127 3494 surrexit
1150 3440 1179 3493 et
1208 3435 1275 3492 tecit
1301 3436 1383 3508 juxta
1405 3436 1528 3491 verbum
1555 3434 1685 3493 hominis
1703 3432 1746 3491 [tsi
1766 3429 1811 3503 [t.

121 3526 174 3597 ria,
191 3526 287 3582 icrunt
301 3539 369 3596 ergo
384 3522 515 3595 portarii,
528 3521 778 3578 etnuntisverunt
793 3522 822 3578 in
839 3520 947 3594 palutio
1000 3526 1053 3582 viri
1069 3526 1151 3599 Dei]:
1180 3526 1333 3582 etvadens
1362 3524 1614 3597 cumdumosus,
1639 3524 1812 3599 peregrinus

122 3617 200 3691 regis
229 3614 418 3671 intrinsecus.
452 3613 506 3680 Qui
531 3613 658 3669 surrexit
686 3613 881 3683 nocte,ctuit
910 3613 946 3670 ad
1000 3616 1089 3671 setin
1116 3612 1618 3671 terrsPhilisthimdiebusmultis
1643 3614 1684 3684 [b.
1708 3614 1807 3684 septem

123 3722 223 3763 servos
253 3717 342 3760 suus:
368 3701 438 3758 Dico
453 3701 537 3758 vobis
565 3701 635 3775 qnid
652 3701 774 3759 iecerint
792 3702 852 3776 [ms.
869 3703 947 3759 lece·
1001 3704 1107 3762 annis⁸
1121 3704 1141 3778 ].
1153 3708 1284 3776 Cumque
1292 3702 1367 3759 finiti
1378 3703 1558 3760 essentsnui
1573 3708 1810 3777 septemremis!

124 3795 203 3867 runt]
233 3790 415 3865 nobisSyri:
444 3791 542 3847 sciunt
569 3790 638 3863 quia
662 3791 737 3847 lame
765 3790 947 3864 laboramus,
1000 3790 1807 3866 cstmulierdeterruPbilistbim,etegressaestutintsr·

123 3882 269 3941 etidcirco
284 3877 393 3952 egressi
404 3881 474 3935 sunt
488 3879 524 3934 de
539 3876 655 3945 castris,
672 3876 788 3935 lstitsnt
802 3878 832 3934 in
856 3878 946 3952 egris,
1001 3883 1121 3956 pelleret
1131 3898 1229 3955 regem
1242 3881 1808 3954 prodomosuaetprosgrissuis[b.sgr⁰

127 3972 291 4030 dicentes:
335 3967 408 4024 Cum
443 3966 555 4041 egressi
595 3965 706 4023 fuerint
740 3967 776 4023 de
817 3967 945 4036 civitate,
1000 3962 1805 4045 suultmautsmloquebaturcumetezipueroviriuri.

123 4061 276 4135 capiemus
309 4073 360 4115 eos
383 4057 474 4128 vivos,
504 4061 533 4113 et
560 4060 630 4114 tunc
658 4055 803 4113 civitatem
832 4057 946 4130 ingredi
1000 4062 1229 4118 dicens:Nurru
1244 4059 1316 4116 mibi
1332 4059 1432 4116 omnia
1448 4059 1595 4134 magnalia
1610 4077 1673 4134 qus
1685 4052 1808 4118 tecitttli·

123 4151 306 4225 poterimus:
321 4145 482 4220 Respondit
496 4149 594 4203 autem
609 4162 686 4203 unus
702 4162 852 4203 servorum
866 4147 946 4218 ejus:
1000 4167 1085 4207 usus.
1098 4149 1231 4222 Cumque
1239 4148 1426 4205 illenarrsret
1437 4149 1497 4223 regi
1510 4151 1659 4222 quomodo
1671 4154 1804 4206 mortuum

122 4273 201 4331 uliud
225 4273 316 4330 habet
352 4271 501 4341 Hebrum,
529 4277 633 4343 praetel
661 4271 727 4342 iste,
758 4282 836 4334 'llllfl
861 4283 944 4335 'llnlll
999 4274 1115 4331 evincit.
1140 4272 1509 4330 Vernmnonsxtisbreo
1536 4270 1807 4348 aroberyp0,sede1

122 4356 190 4414 nin,
215 4345 326 4401 lateret
341 4342 596 4414 haddebarim,
611 4344 652 4409 id,
668 4348 723 4413 est,
744 4345 879 4415 sermonis
890 4347 944 4401 erit
1000 4347 1102 4402 Lutina
1113 4343 1810 4417 aliqueversione,suasbasosvsrianteslsotiono

121 4416 317 4473 verbumboo?
332 4415 363 4471 ld
383 4416 579 4497 Hieronymus
592 4416 680 4472 relort
693 4417 729 4471 ad
746 4420 849 4472 ducem
867 4417 943 4491 regis
1000 4419 1148 4490 accepisse
1162 4415 1353 4486 scholissteu,
1380 4416 1465 4472 nobis
1481 4416 1640 4489 probatum
1670 4422 1715 4475 est
1732 4424 1811 4487 supr}

121 4488 210 4543 lsrael
225 4486 400 4559 loquentem,
417 4492 445 4543 et
460 4485 554 4543 slrsaei
569 4487 771 4559 prophetantis
780 4489 867 4543 verba
877 4506 944 4617 sug·
1000 4507 1052 4546 uec
1067 4506 1124 4546 uno
1141 4489 1170 4545 in
1185 4487 1259 4544 loco.

121 4557 297 4686 guam&
311 4558 410 4640 Quare
420 4558 529 4628 optima
544 4558 606 4642 baec
620 4566 667 4615 est
680 4559 900 4648 interpretatio:
932 4562 943 4617 i
1033 4582 1041 4616 r
1058 4578 1147 4636 Addit
1175 4578 1325 4635 vgpoms
1340 4592 1396 4632 mg,
1414 4576 1491 4647 pepi,
1508 4578 1587 4648 quod
1605 4577 1692 4634 habet
1713 4575 1808 4634 nedum

144 4645 254 4687 omullus
278 4632 389 4701 (iuquit
403 4629 574 4685 incredulus
597 4630 647 4685 rlls
662 4632 732 4706 dux)
746 4637 843 4703 feccrit
856 4640 942 4689 etrum

121 4702 319 4758 catarectoss'n
346 4701 421 4767 coeto,
442 4702 576 4773 numquid
600 4704 774 4774 poteritcsse
802 4703 873 4775 qrvod
901 4705 941 4760 to·
1206 4757 1213 4770 ,
1250 4757 1254 4767 .
1374 4756 1380 4767 .
1636 4756 1642 4767 .

123 4773 238 4847 queris?
265 4770 393 4837 Honest,
423 4773 568 4844 numquid
596 4777 704 4844 poterit
721 4792 785 4834 esse
814 4774 881 4830 talis
909 4792 942 4832 eo
1032 4760 1110 4814 ῬΝ
1135 4756 1274 4814 l'el'bfflm
1293 4755 1813 4826 ²”2'02Wll0'1oe2Hssbffllfflfflefflm'

122 4851 206 4903 teuta
226 4859 323 4899 rerum
341 4843 532 4911 abundantia,
555 4860 643 4917 quum
660 4850 702 4912 tu,
722 4848 831 4911 ulisse,
857 4846 942 4904 nobis
996 4831 1060 4903 plis
1088 4834 1203 4914 Uinium
1220 4827 1308 4912 bffbssi
1333 4826 1553 4897 inportunum
1581 4827 1744 4886 Veronens.
1762 4839 1809 4881 ms·

123 4913 306 4992 promptis?
333 4913 435 4970 aegrae
459 4914 558 4986 itaque
581 4916 803 4983 juxtasonsum
815 4918 942 4975 1101),oeoe
996 4908 1112 4956 tantum
1130 4903 1298 4956 rorntrostu.
1324 4901 1458 4954 Fortasse
1474 4898 1654 4957 alterutrum
1671 4898 1809 4957 abundare

119 4988 276 5060 scripture
301 4985 543 5058 legendumcum
574 4986 749 5064 Hieronymo
765 4993 794 5047 in
814 4989 943 5045 secunda
995 4973 1098 5054 butino
1126 4971 1279 5046 interpreti
1306 4974 1417 5037 ⁰⁰⁸²P⁰2
1458 4970 1625 5043 11009Ῑᾶ00
1663 4970 1811 5033 imfflfflwv

121 5075 257 5134 persona,
285 5058 361 5128 quod
376 5056 507 5138 loqueris,
524 5061 553 5139 et
568 5074 623 5114 nan
639 5060 669 5115 in
687 5063 790 5134 prima,
806 5061 877 5133 quod
901 5064 941 5117 tu·
996 5043 1159 5099 ”debatur-

117 5148 188 5207 quor
214 5135 247 5186 ut
271 5128 578 5185 habeturrnsebolln.
599 5131 842 5190 Advertatlector
863 5131 941 5187 idem
1045 5132 1165 5188 ³Verbs
1187 5130 1329 5188 Hebraics
1356 5140 1433 5191 nllus
1465 5141 1543 5196 unul,
1571 5132 1636 5188 sela
1665 5134 1767 5201 sanim,
1788 5131 1814 5185 et

118 5175 250 5264 scholion
273 5197 436 5273 marginsle
450 5199 617 5271 appositum
634 5203 663 5259 in
679 5205 737 5261 llne
752 5205 842 5277 hujus
861 5201 942 5275 oepi-
995 5206 1209 5283 septemsortes,
1234 5209 1262 5259 et
1276 5203 1375 5258 multos
1396 5217 1483 5259 annos
1498 5202 1671 5275 significant
1687 5220 1756 5261 nam
1776 5217 1814 5259 se·

119 5276 186 5334 tuli.
203 5278 295 5330 Mser.
997 5274 1030 5329 to
1044 5290 1104 5329 sive
1116 5275 1205 5345 sirice,
1218 5274 1425 5347 interpretetur
1441 5277 1555 5346 septem,
1574 5275 1620 5331 vol
1630 5276 1818 5349 iuramentum

155 5378 189 5389 —
201 5344 278 5403 Falsi
293 5340 392 5415 arguit
406 5356 494 5396 suum
506 5340 698 5401 Scholiastem
710 5346 757 5403 blc
769 5342 944 5418 atqusinire
996 5343 1040 5400 vel
1055 5347 1201 5401 saturitas.
1213 5348 1359 5402 Suturitus
1382 5347 1481 5402 nutem
1497 5362 1660 5415 annorum,
1677 5365 1742 5422 qus
1765 5362 1820 5404 non

122 5415 295 5489 adcapituli
316 5412 512 5485 hujustluem
533 5413 719 5473 Murtinneus
746 5420 817 5489 ipse.
848 5420 943 5487 Atque
996 5426 1112 5472 resonat
1127 5418 1157 5473 in
1172 5419 1432 5482 Lstinosermone,
1449 5416 1823 5493 multorumdierumsps·

121 5490 260 5547 liebrnus
288 5486 407 5560 quidem
423 5487 520 5541 textus
537 5501 587 5555 pro
601 5487 671 5557 quud
686 5488 814 5561 loqueris,
827 5492 942 5544 tantum
996 5486 1038 5543 tia
1053 5488 1208 5545 denuntiat
1232 5490 1309 5545 Bene
1337 5504 1406 5560 ergo
1430 5488 1627 5563 Hieronymus
1641 5493 1713 5549 sebo
1735 5493 1824 5549 sarim

123 5561 218 5642 hebet·
233 5559 344 5617 uerbum
358 5557 443 5630 istud,
456 5568 513 5617 nin
526 5566 615 5626 narn,
630 5561 706 5631 quod
721 5560 822 5618 reterri
844 5564 942 5617 umen
996 5557 1044 5614 bic
1059 5565 1088 5617 et
1098 5561 1161 5620 dies
1172 5561 1326 5634 multos,st
1337 5564 1453 5636 septem
1463 5576 1557 5622 annos
1567 5561 1675 5624 Letiue
1687 5564 1825 5625 reddidit.

123 5630 160 5690 ed
174 5629 272 5690 blisei
291 5645 447 5705 personum
475 5632 619 5704 oportere,
634 5633 724 5693 series
734 5637 794 5693 tots
803 5628 944 5693 cretionis
997 5629 1092 5692 Mser.
1706 5654 1709 5659 ·

996 4684 1014 4731 :l
1032 4669 1168 4725 tlebraeus
1180 4672 1277 4724 textus
1292 4650 1385 4753 ἹΒῺΒ,
1402 4667 1453 4722 sed
1478 4665 1568 4722 etium
1598 4665 1719 4741 Vulgati
1740 4660 1808 4722 libri.
