3870 6120
106 286 163 345 239
615 294 645 347 S.
665 291 869 348 elaeonem
889 294 1016 349 mvms
1034 292 1281 349 elsutorflxcs.
1765 290 1821 347 240

105 423 154 473 ter
170 415 468 487 Dominusetjudicet
483 415 559 472 inter
574 433 627 473 nos
641 418 758 489 quando
776 418 932 475 recesseri-
946 423 974 492 Α
989 418 1088 475 asinas
1103 418 1217 492 viginti,
1230 422 1260 475 et
1274 417 1372 491 pullos
1386 432 1487 474 earum
1503 417 1613 475 decem.
1625 418 1660 475 lit
1675 417 1758 475 misit
1768 433 1820 491 per

109 525 176 565 mus
191 525 207 565 a
223 509 319 576 nobis,
333 507 358 564 ei
374 506 511 564 afflixeris
535 506 610 563 filias
635 524 725 578 meas,
742 514 770 565 et
794 509 818 565 si
843 510 936 565 intre·
992 525 1098 565 manus
1114 525 1265 565 servorum
1281 523 1402 564 suerum
1413 506 1546 580 singulos
1559 524 1692 564 seorsum
1703 522 1818 581 greges:

109 598 228 679 duxeris
244 613 346 655 uxores
368 596 440 653 alias
466 613 554 670 super
567 616 616 655 ras
632 617 638 654 :
667 598 767 655 nullus
791 597 937 655 sermonis
991 598 1122 670 dixitque
1138 597 1238 671 pueris
1253 596 1315 654 suis
1328 614 1334 652 :
1348 596 1517 653 antecedite
1528 613 1585 669 me,
1596 596 1673 654 etsit
1687 597 1817 670 spatium

110 687 202 743 nostri
217 687 300 742 testis
315 690 360 743 est
376 687 487 759 absque
503 687 573 757 Dee,
589 688 638 760 qui
661 705 789 760 presens
807 688 936 760 respicit.
992 685 1069 743 inter
1080 703 1196 759 gregem
1210 694 1239 742 et
1253 701 1383 759 gregem.
1396 686 1430 741 ut
1444 686 1581 759 precepit
1596 686 1687 759 priori
1698 686 1802 742 dicens

108 775 245 848 Dixitque
259 791 364 832 rursus
374 776 409 831 ad
422 776 509 832 laceb
523 792 529 831 :
544 776 583 832 lin
600 777 733 833 tumulus
748 777 807 845 hic,
820 783 850 833 et
864 775 939 849 lapis
993 775 1023 833 Si
1038 775 1156 832 obviam
1172 775 1311 832 habueris
1327 779 1402 831 Esau
1419 775 1538 832 tratrem
1555 791 1666 841 meam,
1682 779 1711 831 ot
1726 775 1820 832 inter·

110 880 198 936 quem
223 864 300 920 erexi
324 865 402 921 inter
426 882 473 922 me
488 871 518 922 et
532 871 572 935 te,
587 866 672 923 testis
687 867 765 923 erit:
792 865 938 939 tumulus,
994 865 1137 937 rogaverit
1161 866 1301 936 tc,Cejus
1321 865 1377 921 es?
1401 864 1532 931 aut,0uo
1556 863 1662 921 vadis?
1684 872 1713 920 et
1727 864 1821 937 [γεῖς.

112 953 247 1026 inquam,
262 954 318 1010 iste
332 958 361 1009 et
375 953 451 1027 lapis
477 955 537 1012 sint
558 956 586 1011 in
612 956 827 1024 testimonium,
842 955 867 1012 si
889 959 940 1012 aut
994 954 1065 1026 aut],
1080 954 1171 1025 Cujus
1187 958 1258 1010 sunt
1272 954 1329 1011 ista
1343 970 1407 1025 que
1423 953 1579 1025 sequeris?
1593 953 1819 1027 Respondebis:

113 1058 168 1115 ego
180 1040 335 1099 translacio
351 1042 434 1099 illum
451 1060 575 1117 pergens
590 1045 626 1102 ad
643 1050 681 1115 te,
697 1049 748 1102 aut
762 1052 793 1101 tu
819 1051 940 1117 praeter·
994 1042 1074 1100 Servi
1091 1042 1144 1111 tui,
1159 1042 1260 1114 Jacob,
1275 1060 1399 1100 munera
1413 1042 1496 1098 misit
1509 1042 1628 1099 domine
1642 1059 1707 1099 meo
1723 1043 1819 1099 lisam

113 1131 195 1203 ieris,
222 1132 333 1189 malum
363 1133 437 1189 mihi
464 1134 605 1207 cogitans.
632 1139 706 1191 Deus
727 1134 886 1201 Abraham,
911 1136 941 1189 et
994 1133 1057 1205 ipsc
1082 1149 1198 1206 quoque
1228 1136 1293 1205 post
1322 1148 1375 1188 nos
1398 1133 1486 1188 venit.
1511 1130 1652 1188 Similiter
1681 1132 1823 1189 mandata

115 1221 193 1279 Deus
218 1222 323 1288 Naher,
335 1222 448 1293 judicet
461 1223 538 1279 inter
551 1241 614 1292 noe,
631 1229 708 1281 Deus
721 1223 812 1296 patris
828 1239 939 1280 eorum.
995 1222 1075 1278 dedit
1089 1222 1228 1291 secundo,
1239 1226 1268 1278 et
1279 1221 1374 1290 tertie,
1385 1225 1415 1278 ot
1429 1220 1543 1277 cunctis
1556 1221 1606 1293 qui
1621 1221 1823 1294 sequebantur

114 1310 288 1384 duravitque
311 1312 397 1367 Jacob
422 1312 630 1384 pertimerem
659 1313 752 1387 patris
774 1312 820 1369 eui
842 1312 940 1385 isaac,
995 1330 1109 1387 greges,
1125 1314 1247 1371 dicens:
1276 1313 1382 1370 lisdem
1394 1314 1491 1369 verbis
1507 1312 1664 1385 loquimini
1679 1314 1717 1370 ad
1732 1314 1820 1382 Reae,

114 1399 940 1472 immolatisquevietimisinrnente‚veeavitlratressuos,
996 1420 1062 1459 curu
1087 1403 1256 1460 inveneritis
1286 1420 1365 1460 eum.
1390 1404 1425 1459 m
1451 1403 1589 1459 addetis:
1615 1405 1681 1476 lpse
1705 1416 1824 1475 quoque

117 1490 280 1546 utederent
292 1490 463 1562 panemQui
475 1507 542 1546 cum
555 1491 943 1562 comedissent,manserunt
996 1509 1097 1549 seimus
1123 1500 1192 1548 tuus
1214 1493 1304 1549 ‹lacot›
1327 1492 1383 1547 iter
1398 1498 1532 1548 nostrum
1557 1493 1733 1564 insequitur,
1750 1491 1824 1548 dixit

115 1578 166 1635 ibi.
179 1580 276 1635 Lahan
293 1596 371 1651 vero,
383 1580 512 1636 denecte
527 1596 719 1653 consurgens,
731 1579 882 1637 osculatus
897 1582 942 1635 est
996 1584 1074 1637 enim
1092 1599 1098 1637 :
1126 1581 1248 1637 Placabo
1264 1580 1346 1636 illum
1364 1582 1534 1638 muneribus
1559 1597 1624 1653 quea
1641 1581 1823 1654 praecedunt,

50 1713 53 1720 .
117 1667 194 1724 lilios
208 1672 236 1723 et
252 1666 328 1724 illias
343 1684 424 1735 suas,
438 1672 466 1725 et
480 1668 630 1726 benedixit
645 1669 704 1725 illis
720 1686 726 1725 :
752 1683 942 1741 reversusque
996 1677 1025 1728 et
1040 1674 1141 1743 postea
1156 1670 1259 1727 videbo
1275 1687 1353 1739 eum,
1370 1669 1493 1726 forsitan
1507 1668 1714 1743 propitiabitur
1738 1668 1826 1725 mihi.

115 1761 162 1813 eat
178 1756 206 1811 iu
223 1755 319 1812 lecum
336 1773 436 1814 suum.
997 1764 1212 1817 Praecesseruut
1237 1761 1336 1832 itaque
1358 1774 1484 1815 munera
1497 1765 1565 1815 ante
1580 1775 1659 1829 eum,
1677 1758 1742 1832 ipse
1758 1774 1826 1815 vere

151 1845 197 1916 [T.
213 1844 324 1915 xxvu,
341 1845 370 1900 G.
389 1845 487 1913 Lvlll,
512 1849 579 1919 Cep.
604 1846 734 1919 XXXll.]
755 1846 844 1904 Jacob
869 1862 944 1919 quo·
998 1849 1107 1905 mansit
1124 1854 1206 1905 cocto
1219 1848 1270 1904 illa
1284 1848 1314 1904 in
1331 1848 1446 1905 eastris.
1462 1849 1596 1921 Cumque
1619 1852 1735 1905 mature
1758 1864 1826 1904 sur·

115 1949 172 2006 qus
183 1933 369 1990 ahiititinere
380 1950 436 2005 que
447 1939 588 2008 coeperat:
602 1936 778 2008 fueruntque
790 1935 815 1991 oi
827 1936 942 1991 obviarn
998 1940 1132 2004 rexisset,
1147 1938 1217 1993 tulit
1231 1939 1305 1994 duas
1322 1954 1424 1994 uxorea
1438 1954 1519 2004 suas,
1536 1942 1565 1993 et
1580 1936 1704 1994 totidem
1727 1938 1826 1992 lame·

116 2024 211 2097 segeti
227 2023 289 2092 Dei,
302 2040 376 2095 quos
391 2040 458 2079 cum
474 2025 606 2092 vidisset,
618 2026 677 2081 sit:
692 2025 793 2082 Castra
810 2026 858 2082 bei
875 2028 945 2083 sunt
997 2028 1052 2096 las,
1068 2045 1135 2085 curn
1152 2028 1288 2084 undecim
1305 2027 1412 2083 filiiset
1428 2027 1565 2083 transivit
1577 2027 1685 2083 vadum
1701 2026 1826 2083 lebbee.

116 2112 198 2170 hee:
224 2116 253 2168 et
271 2112 427 2185 appellavit
444 2130 549 2171 nomen
566 2114 621 2170 leci
637 2114 718 2171 illius
734 2115 895 2183 hlahnaim,
912 2114 941 2171 id
958 2124 980 2188 Β
996 2117 1247 2188 Transductieque
1269 2115 1408 2172 omnibus
1432 2132 1497 2187 quae
1522 2116 1557 2170 ad
1577 2131 1608 2171 se
1625 2115 1825 2187 pertinebant,

116 2206 171 2270 est,
184 2202 296 2258 Castra.
309 2202 390 2258 Misit
405 2207 503 2259 autem
515 2208 543 2260 et
554 2203 674 2260 nuntios
689 2209 756 2260 ante
767 2221 798 2261 se
813 2205 849 2260 ud
865 2206 941 2260 Reae
997 2205 1139 2263 remansit
1152 2205 1232 2262 solus
1249 2221 1255 2260 :
1276 2221 1342 2261 eece
1357 2206 1402 2260 vir
1417 2205 1584 2261 luctabatur
1598 2221 1666 2260 cum
1681 2220 1715 2261 eo
1732 2218 1826 2275 usque

117 2291 237 2346 iratrem
272 2307 360 2346 suum
390 2291 419 2346 in
445 2296 553 2348 terram
587 2294 681 2366 [Vale.
712 2293 741 2348 in
769 2293 940 2366 regionem]
997 2311 1092 2352 mane.
1106 2295 1160 2359 Qui
1185 2311 1249 2349 cum
1267 2293 1378 2349 videret
1402 2294 1479 2367 qued
1505 2309 1572 2349 eum
1597 2309 1740 2366 superare
1765 2309 1824 2350 non

116 2380 188 2445 Scir,
206 2380 333 2452 regionis
350 2380 428 2436 econ
443 2398 449 2436 :
467 2382 662 2454 precepitque
677 2382 739 2438 eis:
756 2382 876 2439 dicens:
894 2381 941 2438 Sic
996 2389 1106 2457 posset,
1118 2383 1215 2454 tetigit
1225 2400 1347 2439 nervum
1362 2383 1481 2439 semoris
1496 2383 1604 2454 ejus‚et
1614 2384 1715 2440 statim
1726 2398 1827 2439 emar·

115 2468 272 2541 loquimini
288 2469 407 2525 domino
423 2485 486 2526 meo
501 2471 592 2526 Reae:
605 2475 670 2527 llaec
682 2471 753 2527 dicit
768 2472 858 2527 irater
873 2475 941 2527 tuus
997 2473 1066 2529 cuit.
1093 2472 1228 2544 Dixitque
1253 2472 1288 2528 ad
1314 2488 1405 2528 eum:
1431 2471 1551 2528 Dimitte
1576 2487 1632 2541 me,
1656 2472 1721 2544 jam
1744 2473 1824 2529 enim

116 2557 223 2615 Jacob:
235 2558 319 2630 Apud
339 2558 436 2614 haban
452 2559 654 2632 peregrinatus
670 2564 783 2628 suimet
794 2559 834 2615 lui
850 2575 942 2631 usqua
997 2562 1129 2618 ascendit
1145 2578 1259 2617 aurora.
1276 2560 1457 2633 Respondit:
1474 2560 1537 2616 Non
1552 2560 1702 2618 dimittam
1719 2559 1827 2631 le‚nisi

119 2647 149 2703 in
166 2651 338 2720 presentem
355 2647 443 2703 diem.
462 2648 557 2704 liabeo
574 2647 670 2718 hoves,
687 2653 716 2705 ct
737 2648 847 2717 asinos,
863 2664 942 2716 ores,
998 2650 1179 2707 benedixeris
1195 2650 1279 2706 mihi.
1296 2650 1343 2707 sit
1358 2666 1425 2723 ergo
1442 2667 1448 2705 :
1465 2651 1546 2718 Quod
1563 2667 1670 2707 nomen
1686 2660 1731 2707 est
1746 2650 1829 2722 tibi?

119 2740 272 2805 etservos,
293 2735 541 2806 atquaancillas:
567 2737 709 2809 mittoque
728 2736 942 2809 nunciegetio·
997 2739 1180 2812 Respondit:
1208 2738 1308 2794 Jacob.
1331 2741 1367 2794 At
1395 2737 1454 2810 ille,
1483 2738 1688 2812 Nequaquam,
1719 2739 1826 2812 inquit,

120 2841 186 2881 nem
203 2825 239 2880 ad
255 2824 408 2880 dominum
424 2841 532 2893 meum,
549 2831 582 2882 ut
603 2826 749 2882 inveniam
771 2828 896 2899 gratiam
913 2827 942 2882 in
996 2829 1087 2885 Jacob
1102 2827 1299 2900 appellabitur
1313 2845 1419 2884 nemen
1434 2835 1530 2894 tuum,
1546 2829 1598 2886 sed
1614 2828 1707 2886 lsrael
1724 2846 1731 2886 :
1756 2845 1823 2900 quo·

119 2918 276 2986 conspectu
302 2919 363 2970 tuo.
386 2914 504 2971 Reversi
526 2918 597 2971 sunt
618 2915 713 2970 nuntii
729 2915 764 2971 ed
779 2915 879 2983 laceb,
896 2916 941 2970 di·
997 2919 1076 2975 niem
1101 2918 1126 2975 si
1148 2921 1250 2973 contra
1273 2917 1365 2973 Deum
1392 2917 1474 2974 sortis
1494 2917 1587 2987 luisti,
1603 2923 1715 2989 quante
1732 2918 1826 2991 magis

120 3007 241 3058 centes:
265 3002 408 3057 Venimus
433 3004 468 3057 ed
496 3004 943 3070 Rseulratrcmtuum,otecce
997 3013 1100 3063 contra
1138 3006 1273 3061 homines
1311 3006 1503 3077 prevalebis!
1535 3006 1732 3079 interrogavit
1760 3020 1826 3063 eum

118 3090 298 3163 properatin
314 3092 532 3148 occursumtibi
545 3108 611 3147 cum
623 3093 846 3164 quadringentis
860 3094 940 3150 viris.
995 3095 1105 3151 Jacob:
1124 3095 1174 3149 llic
1191 3093 1274 3162 mihi,
1291 3112 1349 3168 que
1366 3094 1523 3167 appellaris
1540 3095 1657 3151 nemine
1670 3099 1683 3150 i
1695 3096 1825 3167 Respon-

118 3180 288 3250 ‘l'imuitque
299 3179 390 3236 Jacob
405 3180 488 3236 valde
505 3198 512 3235 ε
537 3186 565 3237 et
581 3183 755 3253 perterritus
773 3183 872 3239 divisit
888 3200 940 3256 po·
997 3185 1040 3240 dit
1056 3201 1062 3240 :
1079 3185 1136 3240 Cur
1150 3184 1256 3256 quaeris
1272 3200 1377 3240 nomeu
1395 3184 1518 3240 meum?
1539 3185 1574 3240 llt
1589 3184 1741 3241 benedixit
1754 3184 1780 3240 ei
1796 3184 1825 3240 in

115 3269 219 3343 pulum
244 3266 294 3341 qui
320 3285 420 3325 secum
436 3275 509 3337 erat,
524 3286 627 3343 greges
658 3287 775 3344 queque
790 3277 899 3329 stores
914 3278 942 3329 et
996 3273 1097 3328 eodem
1122 3272 1195 3328 leco.
1213 3270 1390 3344 Vocavitque
1414 3272 1503 3327 Jacob
1529 3288 1636 3329 nomen
1661 3271 1721 3329 loci
1747 3271 1827 3329 illius

116 3358 204 3414 beves
219 3362 248 3414 et
262 3360 400 3425 camelos,
415 3358 444 3414 iu
461 3360 536 3415 duas
551 3364 675 3431 turmas,
691 3361 815 3417 dicens:
840 3362 868 3417 Si
895 3378 941 3418 re·
996 3361 1136 3427 Phanuel,
1154 3360 1253 3416 dicens
1272 3377 1278 3415 :
1304 3360 1370 3416 Vidi
1397 3360 1489 3417 Deum
1512 3361 1585 3418 lacis
1604 3362 1641 3418 ad
1662 3361 1781 3433 faciem,
1797 3362 1827 3416 at

118 3447 193 3503 uerit
210 3448 284 3503 idean
300 3447 335 3502 ad
353 3464 442 3503 unam
459 3452 599 3515 turmam,
615 3454 644 3504 et
669 3450 847 3521 percusserit
865 3467 940 3516 eam,
996 3451 1076 3508 salva
1099 3451 1176 3506 laeta
1191 3454 1235 3506 est
1250 3449 1349 3506 anime
1370 3467 1445 3506 mea.
1461 3450 1607 3522 Ortusquo
1622 3455 1668 3507 est
1682 3450 1709 3507 ei
1726 3450 1825 3507 statim

118 3536 175 3593 alia
199 3539 308 3601 turma,
328 3553 392 3608 quae
418 3536 527 3607 relique
551 3537 788 3605 examinabitur.
809 3540 942 3613 llixitqus
997 3541 1051 3609 sol,
1067 3545 1219 3611 postquam
1235 3543 1436 3608 transgressus
1450 3544 1495 3595 est
1507 3538 1658 3595 Phanuel:
1680 3539 1746 3612 ipse
1760 3553 1825 3595 rere

117 3625 207 3681 Jacob
224 3641 231 3680 :
248 3631 325 3682 Deus
350 3627 441 3697 patris
467 3627 520 3682 mei
545 3627 699 3695 Abraham,
717 3635 743 3683 et
757 3629 835 3685 Deus
850 3629 942 3701 patris
997 3629 1181 3685 claudicabat
1196 3629 1279 3701 pede.
1291 3629 1383 3693 Quam
1399 3628 1435 3684 oh
1453 3644 1572 3684 causam
1588 3644 1647 3684 non
1664 3630 1825 3685 comedunt

120 3713 177 3770 mei
204 3715 302 3771 Isaac:
328 3715 460 3781 Domine,
485 3716 535 3788 qui
560 3716 660 3771 dixisti
686 3717 768 3784 mihi,
789 3718 943 3776 Revertere
998 3717 1049 3773 lilii
1065 3717 1153 3774 lsrael
1171 3734 1303 3787 nervum,
1319 3716 1368 3789 qui
1392 3717 1536 3772 emarcuit
1552 3717 1581 3772 in
1598 3716 1709 3773 temore
1723 3715 1824 3787 Jaeoh,

119 3804 149 3860 in
185 3806 293 3860 terram
322 3808 415 3871 tuam,
446 3809 474 3861 et
501 3804 529 3859 in
560 3804 657 3861 locum
683 3806 842 3863 nativitatis
870 3815 1094 3883 tumensque
1119 3806 1146 3861 in
1171 3810 1341 3877 presentem
1358 3804 1451 3861 diem:
1472 3820 1505 3860 eo
1519 3805 1595 3876 qued
1611 3803 1744 3877 tetigerit
1764 3820 1826 3861 nar·

119 3897 148 3950 et
176 3893 356 3950 benefaciam
386 3893 468 3950 tibi:
499 3895 595 3950 minor
621 3912 687 3951 sum
714 3898 828 3951 cunetis
854 3898 943 3954 mise·
996 3895 1198 3951 vumlemoris
1214 3895 1289 3966 ejus,
1306 3898 1334 3950 et
1348 3892 1545 3966 obstupuerit.

119 3983 293 4051 rationibus,
323 3988 352 4039 et
377 3984 497 4039 veritate
530 3982 619 4058 [Vulg.
649 3984 887 4042 miserationibus
915 3991 944 4044 ct
1034 3983 1113 4057 [Cap.
1125 3982 1265 4055 xxxiii]
1277 3981 1387 4038 berane
1403 3985 1502 4038 aetem
1518 3981 1607 4039 Jacob
1623 3981 1727 4039 oculffl
1743 3997 1823 4048 ³⁰⁰⁸,

117 4072 239 4129 veritate
263 4073 333 4145 tua]‚
351 4089 440 4145 quam
465 4072 586 4146 explesti
611 4090 694 4129 serve
714 4077 774 4130 tue.
793 4075 822 4130 ln
840 4075 943 4132 baculo
996 4073 1068 4128 vidit
1097 4071 1259 4127 venientem
1284 4071 1371 4142 Esau,
1387 4076 1417 4127 et
1438 4087 1507 4127 eum
1532 4087 1565 4127 ee
1589 4071 1824 4144 quadringentos

119 4176 183 4216 meo
211 4162 333 4224 transivi
363 4162 522 4218 Jordanem
552 4162 643 4218 istum
673 4180 680 4219 ε
710 4169 738 4220 et
766 4181 845 4221 nunc
873 4183 940 4222 cum
996 4161 1082 4232 viros,
1097 4159 1251 4231 divisitque
1268 4159 1343 4216 filios
1360 4160 1414 4215 hie
1429 4166 1458 4216 et
1473 4157 1593 4229 Rachel,
1609 4159 1823 4232 ambarumque

11 4298 14 4305 ,
117 4249 233 4306 duabus
272 4251 379 4307 turmis
418 4252 576 4323 regredior.
609 4253 683 4307 Erue
713 4269 758 4310 me
787 4255 822 4310 dc
852 4271 941 4311 manu
996 4247 1824 4332 famularum:etposuitutramqueencillam,etlibares

118 4337 217 4394 fratris
250 4339 323 4404 mei,
357 4341 393 4394 de
425 4356 513 4396 manu
546 4343 645 4414 lt'alp.
681 4352 737 4396 ree.
776 4343 811 4398 de
841 4345 941 4414 manu]
995 4356 1107 4407 earum,
1125 4339 1153 4394 in
1170 4337 1333 4411 principio:
1359 4337 1441 4394 Liem
1456 4354 1536 4406 vero,
1552 4343 1581 4394 et
1599 4336 1677 4395 lllies
1702 4338 1825 4411 ejus,in

15 4476 18 4481 .
117 4426 203 4492 ltsau,
217 4428 380 4499 quiavalde
394 4443 460 4484 eum
478 4429 586 4485 timeo:
605 4446 639 4485 ne
657 4430 728 4485 torte
746 4431 864 4487 veniens
880 4449 943 4503 per·
995 4429 1124 4486 seeundo
1143 4427 1230 4484 loce:
1256 4426 1362 4483 Rachel
1387 4432 1484 4483 autem
1509 4431 1538 4484 et
1560 4427 1685 4500 Joeoph,
1701 4426 1829 4485 novissi·

116 4516 208 4571 cutiat
224 4524 346 4572 matrem
362 4534 427 4573 cum
446 4517 572 4573 filiis.Te
586 4518 701 4575 locutus
716 4536 748 4575 es
763 4521 839 4591 quod
854 4521 941 4576 bene·
995 4534 1068 4574 mos.
1082 4517 1113 4572 m
1125 4516 1188 4589 ipse
1201 4517 1391 4589 progrediens
1406 4516 1538 4573 adoravit
1550 4532 1664 4589 pronus
1674 4516 1706 4573 in
1719 4521 1827 4575 terram

117 4606 227 4661 laceres
247 4605 329 4673 mihi,
347 4611 375 4662 et
399 4606 539 4663 dilatares
555 4624 652 4663 semen
670 4624 768 4663 meum
785 4609 862 4663 sicut
877 4626 941 4664 ars·
995 4606 1114 4680 septies,
1126 4607 1218 4662 donee
1233 4605 1484 4678 appropinquaret
1497 4606 1586 4662 irater
1601 4605 1678 4677 ejas.
1695 4605 1827 4663 Correus

117 4710 186 4750 narn
202 4695 379 4767 macieque
409 4712 467 4767 prae
493 4696 683 4751 urultitudine
710 4697 856 4751 numerari
883 4713 940 4752 non
995 4695 1094 4769 itaque
1122 4695 1199 4751 esau
1226 4694 1340 4750 obviam
1373 4694 1458 4751 fratri
1486 4711 1549 4767 suc,
1570 4695 1760 4768 amplexatus
1784 4698 1828 4752 est

116 4789 223 4858 potest.
240 4785 370 4856 Cumque
382 4785 537 4842 dormisset
557 4785 595 4840 ibi
622 4790 705 4840 nocte
721 4784 780 4854 ille,
797 4785 942 4858 separavit
994 4801 1081 4841 euru:
1108 4784 1316 4856 stringensque
1337 4782 1445 4839 collum
1459 4784 1563 4855 ejuset
1577 4784 1719 4842 osculans
1734 4783 1825 4841 llsvit.

116 4874 152 4930 de
167 4873 213 4929 his
229 4890 291 4947 que
305 4874 442 4943 habebat,
457 4890 580 4929 munera
604 4873 676 4929 Esau
702 4874 783 4928 tratri
810 4891 874 4943 suo,
890 4892 938 4930 ria·
994 4874 1162 4947 teretisque
1178 4873 1504 4945 oculis,riditmulieres
1515 4878 1545 4930 et
1560 4873 1827 4947 pertimescerem,

115 4979 183 5035 pras
207 4964 360 5029 ducentas,
386 4963 483 5019 hircos
507 4961 622 5035 viginti,
648 4980 714 5018 eves
739 4963 893 5029 ducentas,
913 4969 940 5019 et
992 4964 1097 5021 ctait:
1123 4965 1196 5029 Ouid
1222 4965 1279 5020 sibi
1296 4962 1397 5020 velunt
1419 4961 1493 5020 istil
1516 4971 1543 5019 et
1567 4962 1592 5019 si
1618 4964 1655 5020 ad
1681 4969 1711 5021 te
1735 4964 1827 5037 perti·

114 5051 221 5109 arietes
240 5051 355 5124 viginti,
383 5051 511 5108 camelos
534 5052 608 5107 letas
623 5067 690 5107 cum
707 5051 872 5122 pullicenis
888 5052 939 5108 tri·
993 5054 1088 5110 nenti
1104 5054 1280 5126 Respondit:
1293 5051 1409 5109 Parvuli
1425 5056 1506 5120 sunt,
1522 5068 1597 5125 quos
1612 5053 1738 5110 donavit
1752 5053 1827 5110 mihi

113 5141 206 5215 ginta,
235 5156 337 5197 vaccas
368 5140 576 5213 quadraginta,
605 5144 634 5195 et
661 5148 760 5196 tauros
789 5140 889 5196 decem
918 5142 937 5209 ¹,
992 5143 1070 5199 Deus
1086 5159 1168 5199 servo
1184 5147 1246 5198 tuo.
1258 5144 1293 5198 u:
1308 5141 1579 5215 appropinquantes
1594 5140 1713 5199 ancillas
1730 5145 1761 5200 et
1777 5141 1829 5199 lilii

111 5271 160 5321 tar
173 5282 305 5351 acervum
319 5263 481 5331 testimonii,
499 5264 553 5319 hoc
568 5267 623 5345 est.
636 5263 757 5345 dolend,
774 5266 870 5334 tingue
889 5283 938 5338 ep·
1012 5298 1059 5349 .-
1075 5266 1156 5323 Hanc
1181 5266 1364 5350 clausulam,¹
1379 5273 1496 5352 aterque
1514 5266 1600 5338 juata
1621 5268 1831 5340 propriaram

111 5337 229 5407 petierit
244 5339 386 5394 Hebraea:
411 5337 503 5391 dcirca
521 5351 586 5391 vero
601 5335 731 5406 scirpeum,
748 5335 776 5391 ed
799 5347 839 5392 esc
859 5354 938 5394 ecer-
993 5336 1099 5407 leupus
1113 5356 1178 5406 aaa,
1196 5339 1280 5394 addit
1305 5340 1425 5395 Latinus
1450 5345 1597 5411 interpres
1618 5338 1655 5395 da
1676 5356 1745 5397 suo.
1762 5340 1830 5397 illd.

112 5425 175 5464 vam
200 5412 361 5477 testimonii,
378 5411 441 5481 igar
463 5406 599 5474 sedutha,
620 5410 709 5477 poetis
731 5423 790 5464 sam
813 5425 939 5467 sermone
993 5411 1100 5475 Queat.
1118 5411 1285 5466 Hebraicae.

111 5483 240 5548 vocarit:
262 5484 325 5562 crat
342 5481 530 5564 enimlo'yrue,
546 5481 572 5532 et
588 5480 728 5606 cerignana
745 5477 874 5551 linquam
887 5451 978 5554 prs-D
1012 5552 1018 5561 .
1032 5482 1039 5516 ¹
1055 5482 1155 5567 Nostri
1166 5498 1356 5564 omncsnmss.
1372 5480 1474 5552 viginti
1488 5485 1660 5552 numerant,
1678 5499 1751 5542 eum
1776 5483 1833 5558 Sy·

111 5559 396 5682 mezigaeigrrofflff
415 5567 445 5608 aa
469 5566 524 5623 qua
546 5549 645 5606 hebete
663 5559 702 5618 et,
716 5566 840 5608 sermone
863 5568 939 5611 com-
996 5569 1074 5609 rracc
1090 5558 1118 5609 ct
1133 5553 1256 5627 telguto
1273 5558 1443 5627 interprete.
