3870 6120
114 281 178 345 aaa
820 269 1125 336 racuuconuus.
1767 291 1826 355 m

114 423 189 498 Plssf
218 414 360 488 &multia
391 429 472 491 <1⁰⁰³
503 410 680 473 censoriam
713 409 868 489 virgulam
911 419 943 475 et
958 411 987 478 Α
1005 407 1065 470 hac
1104 409 1242 471 editione
1283 413 1384 474 sancti
1425 415 1608 500 Hieronymi
1657 430 1824 502 paeonum

115 514 222 576 multa
250 511 393 575 convicia
420 509 511 590 operi
537 516 647 571 nostro
689 509 846 569 intentare
888 512 947 573 aci·
1006 513 1063 578 est,
1084 507 1396 587 mihiimputandum
1420 513 1586 579 admoneo.
1614 521 1742 585 Oaeteria
1770 541 1825 587 so-

117 632 202 674 mus.
231 612 388 673 Gaeterum
416 627 516 689 apem,
547 626 619 688 qum
648 625 705 668 nos
734 606 835 668 tenuit
860 609 946 690 apud
1006 604 1130 665 delibus
1159 607 1236 667 maia
1264 608 1351 670 nulla
1378 612 1591 677 conviciorum
1618 619 1682 680 ,013
1709 620 1826 685 debon,

118 708 437 792 aequosaceraditos
466 708 598 768 lectores
626 724 827 786 nequaquam
858 706 947 788 abje-
1006 702 1186 777 adhaerere,
1215 706 1291 784 quia
1330 706 1496 788 imperitiae
1526 731 1604 775 mere
1645 718 1826 782 nullatenus
1901 748 1908 755 .

119 811 235 883 cimus,
265 807 391 869 veniam
420 806 503 868 enim
528 805 575 865 illi
604 804 695 865 uobis
711 804 803 865 iacile
833 823 947 867 conce.
1006 801 1176 881 participes
1203 802 1341 864 fuerunt.
1371 808 1460 868 Bona
1487 809 1595 889 igitur,
1611 813 1637 873 si
1660 817 1824 896 quaesint,

116 911 208 982 dent,
238 906 368 987 siquid
394 904 595 986 peccavimus
622 904 655 964 in
686 903 824 965 editione
851 903 948 985 hujus
1008 900 1378 964 utveremultasuntin
1394 903 1454 967 hcc
1477 925 1583 988 opere,
1613 912 1700 974 Patri
1726 913 1825 977 lumi-

118 1008 243 1070 Dirinse
283 1003 500 1066 Bibliotheca.
543 1002 641 1081 idque
683 1001 881 1081 potissimum
921 1002 948 1063 si
1007 1014 1082 1056 num
1099 999 1368 1062 utreddasetiam
1386 1009 1481 1082 atque
1500 1005 1594 1067 etiam
1623 1027 1714 1088 rogo.
1743 1014 1825 1074 baa-

119 1107 230 1168 animc
245 1103 291 1165 ita
306 1120 355 1164 me
384 1104 605 1180 comparatum
634 1098 789 1174 noverint,
822 1103 855 1160 ut
884 1118 948 1162 non
1006 1092 1077 1155 dem
1107 1096 1199 1156 etiam
1243 1097 1360 1160 domno
1387 1102 1524 1163 Antonio
1563 1107 1702 1184 Pcuget,
1746 1108 1826 1172 mihi

117 1204 304 1283 multopere
345 1199 525 1262 criticorum
562 1197 763 1277 quorundam
806 1198 946 1277 superci·
1007 1192 1211 1255 fraternitatis
1226 1213 1333 1257 amore
1356 1204 1388 1258 et
1416 1200 1527 1261 studiis
1554 1202 1823 1283 conjunctissimo,
1915 1214 1920 1223 '

121 1301 204 1363 lium
234 1298 472 1380 pertimescens,
514 1294 675 1356 benevolis
710 1293 946 1373 reprehensori.
1006 1290 1144 1352 debitam
1171 1311 1234 1353 non
1262 1296 1403 1373 negabis,
1434 1316 1505 1359 cum
1535 1301 1613 1362 mira
1641 1303 1828 1367 dexteritate

125 1400 189 1461 bug
230 1397 411 1477 quibusque
452 1411 562 1473 parere
604 1392 738 1454 multum
776 1392 945 1471 gaudeam.
1007 1407 1143 1451 canones
1184 1393 1429 1471 Evangelicrum
1457 1397 1521 1459 suia
1555 1399 1632 1461 locis
1672 1401 1829 1466 inveneris

120 1498 265 1558 Caram
292 1493 359 1567 alii,
389 1492 445 1571 qai
471 1491 591 1551 tulmen
634 1491 804 1568 intentant,
834 1508 873 1549 ue
914 1492 948 1550 in
1007 1488 1179 1550 restitutos.
1210 1490 1244 1550 In
1286 1493 1426 1566 crateris,
1456 1501 1512 1556 aut
1555 1498 1660 1576 profer
1686 1500 1831 1564 meliores

118 1594 235 1671 snum,
252 1589 398 1673 quamiu
418 1591 560 1651 Fratrem
587 1589 742 1651 loannem
772 1586 949 1666 Martianay
1008 1585 1128 1665 epulas,
1145 1589 1388 1651 etmecouviva
1405 1599 1503 1668 utere,
1535 1602 1589 1656 aut
1617 1598 1831 1681 qualicunque

121 1692 188 1753 tela
216 1692 451 1769 contorqueant
477 1703 566 1747 sua:
611 1685 767 1767 quidquid
792 1686 876 1746 enim
914 1685 948 1745 in
1008 1689 1115 1746 nostra
1130 1684 1294 1746 coenaoula
1308 1695 1475 1751 contentus
1489 1698 1568 1754 esto.

120 1849 1832 1891 Μ

314 1983 474 2081 LAUS
506 1982 796 2079 VIRORUM
828 1982 1101 2095 ALIQUOT
1136 1984 1648 2086 CLARISSIMORUM

571 2198 651 2260 OUld
671 2196 802 2258 lNDlCE
823 2193 1200 2256 MANUSCRIPTORUM
1221 2196 1395 2262 contenti

425 2361 473 2424 rtd
493 2379 629 2442 quorum
650 2359 746 2422 fidem
761 2357 908 2420 restituta
927 2361 975 2418 est
997 2356 1110 2418 Divina
1128 2356 1313 2439 Hieronymi
1328 2361 1536 2426 Bibliotheca.

966 2519 1004 2569 ‡···

163 2670 233 2735 Qua
261 2670 444 2744 accepimus,
454 2668 512 2726 cito
540 2675 570 2726 et
593 2685 662 2725 cnm
688 2668 788 2724 lenore
803 2665 956 2723 reddenda
969 2667 994 2733 Β
1008 2667 1080 2732 tenu
1096 2667 1262 2737 pontificem
1278 2669 1343 2726 dico
1358 2675 1535 2740 Romanum,
1547 2673 1678 2730 ambibat
1693 2673 1836 2748 Hierony·
1925 2741 1932 2749 ⁵

127 2758 328 2833 Hieronymus
352 2758 454 2815 docuit
470 2775 476 2814 :
493 2758 565 2830 quia
584 2757 673 2814 sortis
688 2755 791 2814 dilatio
815 2755 957 2826 majorem
1013 2771 1079 2810 mus
1098 2759 1198 2812 noster
1214 2762 1382 2828 patronum,
1396 2759 1425 2815 iu
1441 2777 1499 2831 qua
1514 2761 1643 2828 dignitas
1658 2761 1837 2835 episcopalis
1887 2827 1890 2831 φ

128 2847 227 2905 adhuc
257 2863 381 2905 usuram
398 2845 533 2920 parturit.
558 2846 688 2902 indicem
704 2846 795 2918 igitur
813 2843 956 2900 librorum
1012 2859 1080 2899 cum
1104 2844 1227 2902 scientia
1254 2848 1418 2920 pietateque
1441 2849 1598 2920 conjuncta
1624 2856 1729 2923 potens
1757 2855 1837 2908 esset

129 2936 505 3011 manuscriptorum,quem
518 2952 569 3008 prc
582 2951 662 2991 more
673 2938 789 3006 recepto
799 2935 836 2990 ad
847 2933 957 2990 calcem
1012 2933 1160 2988 exhortari
1171 2937 1200 2989 iu
1212 2935 1345 2992 doctrina
1354 2953 1437 3009 sana,
1451 2942 1537 2994 steca
1552 2938 1604 3011 qui
1619 2939 1834 3012 contradicunt,

128 3026 221 3098 hujns
235 3025 398 3083 voluminis
413 3024 559 3097 conjicere
575 3021 851 3096 poteramus,hicin
865 3021 959 3078 ironis
1013 3037 1136 3093 arguere
1151 3040 1158 3080 ε
1175 3039 1297 3095 arguere
1311 3029 1420 3094 autem,
1438 3043 1515 3083 nuuc
1529 3026 1739 3084 eruditissimis
1750 3027 1837 3084 lucu·

130 3131 280 3188 apponere
302 3113 498 3172 voluizatex
522 3112 712 3169 hoctaudem
738 3111 840 3168 ordine
859 3125 958 3166 rerum
1014 3109 1198 3168 bratiouibue
1232 3111 1334 3170 hostes
1371 3113 1503 3171 Ecclesia
1532 3116 1728 3189 profligando,
1761 3131 1840 3174 nuno

130 3204 213 3277 quasi
239 3207 419 3278 prepostero
435 3201 602 3275 intelligant
625 3216 728 3258 cmuea
757 3200 901 3257 sinceram
925 3215 959 3255 ao
1014 3199 1197 3257 luxuriantes
1207 3200 1512 3273 imperitatemaritate
1522 3206 1667 3277 quosdam
1679 3203 1840 3263 catholicos

130 3311 334 3369 praepcperam
345 3295 436 3352 animi
452 3293 545 3351 nostri
557 3292 768 3365 gratitudinem
779 3307 848 3363 erga
858 3291 960 3347 doctos
1015 3289 1172 3361 scriptores
1188 3307 1205 3346 a
1228 3291 1313 3347 tibris
1332 3292 1454 3349 edendis
1469 3293 1644 3351 cohibendo.
1659 3295 1700 3351 lia
1715 3294 1842 3353 breviter

130 3381 703 3458 studiososquehcmines,quosexperti
719 3397 824 3438 sumus
838 3379 960 3436 editioni
1015 3393 1246 3435 commemorare
1274 3381 1414 3452 oportuit,
1431 3389 1462 3438 ut
1487 3382 1687 3441 indicaremus
1703 3383 1841 3456 posteris,

130 3473 351 3548 §.Hieronymi
380 3472 547 3546 impensius
574 3469 795 3528 lovaniensem
824 3485 871 3526 me
894 3485 961 3542 pro·
1017 3465 1270 3539 sapientissimum
1293 3469 1609 3549 supradictumvirum
1634 3471 1842 3545 nobisubique

130 3561 812 3634 missotancmerqucoonecripsiprcdrcmnm
824 3557 962 3615 editionis
1017 3556 1259 3626 benevolentiam,
1276 3558 1453 3632 Hieronymo
1468 3560 1537 3617 item
1553 3565 1654 3618 nostm
1669 3566 1841 3635 perpetuam
1933 3623 1935 3630 ,

131 3656 246 3709 nostras
258 3670 267 3721 ;
277 3651 309 3707 in
323 3651 410 3721 cuius
424 3649 516 3723 priori
524 3654 605 3722 parte
616 3648 708 3706 animi
720 3648 794 3721 grati
810 3646 962 3720 siguifica-
1017 3644 1231 3722 observantium
1247 3647 1430 3703 exhibuisse.

130 3743 249 3798 tionem
277 3738 430 3808 pollicitus
442 3754 508 3794 aum
537 3754 607 3811 erga
622 3755 683 3804 eos,
696 3737 748 3808 qui
772 3735 882 3809 aliquid
898 3735 963 3808 opis
1053 3733 1258 3805 Iudicemjam
1275 3752 1347 3791 mas.
1358 3736 1492 3793 codicum
1504 3740 1636 3794 texentes
1647 3739 1682 3795 ab
1695 3736 1845 3812 exempla·

128 3834 188 3887 aut
209 3827 387 3886 eruditionis
415 3827 582 3884 conterrent
603 3828 639 3883 ad
668 3842 775 3882 novam
804 3824 962 3881 editionem
1018 3820 1101 3876 ribus
1116 3821 1242 3879 Cenoma
1258 3823 1403 3881 Hebraieae
1418 3825 1550 3882 veritatis
1564 3825 1843 3899 exordimur:quia
1921 3880 1931 3892 ,

127 3935 260 3991 opernm
299 3917 327 3972 S.
356 3916 537 3988 Hieronymi.
561 3916 635 3988 Ergo
664 3919 725 3970 tam
754 3914 858 3986 grandi
885 3912 965 3970 velut
1018 3910 1327 3985 adecrumpraecipue
1348 3913 1447 3985 tidem,
1464 3915 1590 3987 primam
1610 3915 1843 3988 nobilioremque

128 4008 238 4065 tencre
262 4005 443 4062 liberaturus
464 4004 579 4061 exsolvo
602 4005 708 4060 lubens
727 4003 778 4060 illa
793 4001 940 4075 promissa
953 4018 964 4058 :
979 4032 1000 4099 G
1018 3999 1123 4054 divine
1140 4000 1326 4058 bibliothece
1341 4007 1453 4075 partem
1470 4003 1630 4059 edidimus·
1655 4003 1709 4060 Sex
1730 4007 1842 4069 cutim·

126 4097 192 4155 etsi
216 4111 271 4168 pro
292 4095 397 4152 marito
421 4093 615 4150 humanitatis
630 4109 663 4149 ac
684 4091 964 4164 benevolentiaque
1019 4087 1048 4143 ni
1058 4087 1152 4155 fallor,
1164 4089 1240 4145 nacti
1251 4107 1356 4146 sumus
1367 4091 1394 4145 td
1406 4107 1500 4163 genua
1510 4090 1700 4164 exemplaria,
1714 4097 1844 4165 quatuor

125 4200 246 4242 sumus
257 4182 401 4252 obstricti,
413 4181 585 4239 lauscmnis
600 4181 722 4238 inferior
737 4181 786 4236 sit.
1018 4192 1082 4246 quar
1110 4181 1204 4233 totum
1220 4178 1355 4234 dividunt
1369 4179 1460 4235 Vetus
1479 4180 1700 4236 Testamentum
1717 4197 1768 4255 per
1782 4185 1842 4241 tres

168 4272 210 4330 Εἰ
225 4271 294 4346 quis
308 4272 400 4346 digne
412 4271 505 4327 vicem
523 4270 619 4327 laudis
635 4271 764 4341 primum
777 4269 885 4325 referat
898 4283 965 4324 eru·
1019 4265 1147 4335 ordines,
1164 4267 1214 4337 qni
1235 4268 1383 4339 conceptis
1399 4268 1496 4324 verbis
1510 4268 1583 4325 tales
1608 4268 1720 4326 habeut
1735 4270 1843 4329 iuscri-

122 4357 965 4432 ditissimodcminotaccbcBenignoiicsscar,episcopc
1019 4354 1135 4425 pticnes
1150 4355 1180 4410 iu
1209 4372 1282 4413 mss.
1312 4356 1485 4415 codicibus:
1502 4357 1603 4431 Incipit
1630 4361 1740 4430 primns
1762 4360 1841 4432 crde,

122 4449 377 4510 HeldsuailNcn
391 4449 471 4506 enirn
485 4447 660 4504 mediocrem
675 4462 793 4519 operam
809 4447 839 4502 in
852 4446 966 4503 edenda
1019 4443 1116 4514 ἱερέες
1131 4445 1232 4516 incipit
1249 4445 1385 4502 amandus
1407 4447 1484 4514 crdo,
1500 4446 1707 4519 Prophetarum
1718 4467 1726 4517 ;
1739 4448 1841 4523 incipit

120 4538 434 4598 divinaBibtictheca
459 4536 608 4594 illencbie
637 4537 728 4606 dedit,
743 4552 811 4592 cunr
834 4534 965 4591 laborem
1020 4533 1119 4588 tertius
1139 4532 1215 4602 ordo,
1239 4534 1505 4606 chicprcplrorcm.
1535 4537 1656 4593 Codices
1684 4536 1727 4593 illi
1760 4541 1843 4610 eunt,
1926 4550 1932 4557 '

123 4633 277 4687 nochum
287 4627 396 4683 honore
410 4626 606 4696 tautcsrepius
621 4625 737 4682 allicere
751 4625 890 4697 dignatus
909 4627 965 4690 eat,
1020 4637 1098 4678 uuus
1108 4621 1232 4694 insignis
1247 4623 1382 4680 tioclesiae
1394 4624 1604 4697 Narbonensis,
1620 4622 1845 4686 alterllcclssio

121 4714 530 4775 utdixeritaummamexeo
542 4713 675 4770 licclesie
685 4712 793 4769 Christi
805 4711 963 4768 utilitatem
1020 4711 1274 4783 carcassonensis,
1290 4714 1395 4770 tertius
1420 4715 1589 4771 monasterii
1615 4714 1706 4788 huius
1729 4720 1758 4772 8.
1775 4718 1844 4776 Ger·

119 4808 386 4865 essaveutumm.
402 4804 545 4860 Preterea
571 4802 686 4876 quoties
714 4802 828 4858 animos
854 4799 963 4857 addidit
1019 4801 1138 4856 mania
1165 4802 1272 4872 Patria,
1287 4806 1411 4874 quartus
1439 4803 1622 4860 bibliotheca
1646 4804 1843 4863 illustrissimi

122 4894 278 4955 nobisad
294 4888 964 4965 absolwndumcpusditlicillimuleucties
1018 4888 1133 4944 Domini
1149 4888 1183 4946 de
1209 4891 1328 4962 Hermes,
1344 4891 1375 4946 in
1399 4891 1481 4947 curia
1509 4891 1667 4950 Parisiensi
1696 4894 1841 4966 presidis.

121 4981 344 5042 vetustissima
359 4985 549 5038 monumenta
562 4985 663 5037 nostra
680 4980 775 5036 oculis
791 4978 916 5047 curiosis
930 4993 964 5035 sc
1018 4978 1098 5033 luter
1109 4987 1236 5051 quatuor
1251 4979 1302 5036 illa
1316 4979 1505 5053 exemplaria,
1520 4983 1728 5039 Memmianum
1744 4983 1843 5055 peria·

119 5070 278 5145 benignis
289 5070 467 5144 perlustrare
480 5071 637 5139 voluit‚ut
650 5071 735 5126 testis
754 5073 832 5126 esset
855 5068 964 5125 fideiet
1018 5067 1095 5123 ctiua
1120 5073 1166 5125 est
1184 5074 1213 5125 et
1239 5069 1515 5140 absolutissimum
1545 5071 1619 5129 nihil
1644 5074 1722 5129 euim
1749 5073 1781 5128 in
1808 5087 1842 5129 ec

118 5159 300 5234 diligentiae
313 5164 418 5216 nostre
444 5157 602 5216 oculatus?
615 5159 830 5229 Manuscriptoe
844 5157 964 5229 quidem
1020 5156 1156 5212 mutilum
1166 5163 1211 5213 est
1220 5163 1271 5214 aut
1285 5158 1428 5230 lacerum,
1440 5161 1509 5232 quia
1519 5177 1638 5216 summa
1647 5177 1762 5233 semper
1774 5159 1844 5217 dlli-

120 5255 244 5318 libros,
260 5247 369 5320 quibus
393 5248 520 5316 carebat,
536 5247 755 5305 communicare
770 5264 827 5304 non
844 5246 962 5318 potnit:
1019 5246 1118 5319 geutia
1136 5254 1342 5305 conservatum
1359 5254 1413 5319 est,
1430 5254 1494 5305 tum
1520 5256 1640 5324 propter
1655 5248 1844 5322 antiquitatis

120 5336 813 5410 sedhaudimparprestititbeueficium,dum
829 5336 963 5393 codicum
1019 5335 1204 5407 dignitatem,
1221 5342 1284 5392 tum
1311 5342 1429 5410 propter
1456 5337 1632 5410 elegantiam
1659 5343 1688 5396 et
1716 5339 1844 5410 pretium

123 5433 313 5489 nostrorum
327 5424 480 5483 vetustatis
496 5426 602 5481 merito
617 5429 647 5483 et
661 5425 804 5498 dignitate
824 5429 964 5498 praestan·
979 5401 1003 5465 Ῑ)
1019 5426 1174 5496 scripturae
1200 5441 1294 5481 aurern
1323 5431 1412 5497 atque
1440 5436 1594 5495 argentee,
1623 5443 1682 5496 qua
1709 5426 1843 5499 plurimes

123 5518 327 5577 tissimcrcm
349 5513 666 5588 approbatcrsccessit
682 5513 759 5586 apud
784 5529 886 5569 omues
901 5511 966 5585 pios
1021 5517 1119 5586 paries
1147 5513 1216 5569 libri
1245 5515 1463 5571 describuntur.
1480 5515 1542 5570 Non
1573 5514 1662 5570 hahet
1680 5515 1729 5574 illa
1753 5516 1844 5573 codex

124 5625 169 5669 ιο
185 5605 460 5666 acrimoniarum
475 5604 580 5679 utique
590 5608 819 5677 postcommum
828 5605 967 5662 blacena·
1020 5603 1196 5677 marginalia
1209 5603 1322 5661 scholia
1338 5601 1449 5661 Hebrei
1463 5602 1665 5675 antiquissimi
1681 5622 1773 5684 supra
1786 5619 1846 5665 ms·
