3870 6120
106 274 159 335 691
635 282 664 336 Β.
684 280 888 336 HIERONYMI
906 280 1034 335 ulvius
1051 279 1300 336 Brssuofflttcs.
1762 279 1811 336 002

110 417 208 477 regem
221 403 319 476 [Vale.
338 401 444 457 addunt
456 401 558 474 David]
580 418 587 459 :
610 401 735 469 Vadam,
760 407 790 458 et
813 402 935 459 reddam
950 409 976 477 Α
991 402 1095 458 vadam
1117 418 1175 474 quo
1190 402 1286 460 iturus
1301 420 1387 461 sum:
1404 408 1548 462 revertere
1569 408 1601 463 et
1615 404 1707 462 reduc
1720 406 1808 461 tecum

113 498 180 550 vote
205 508 269 548 mea
293 506 357 563 quae
381 489 443 546 vovi
470 491 595 547 Domino
616 491 647 547 in
672 492 803 548 Hebron.
827 493 938 549 vovens
994 491 1187 560 tratrestuos,
1201 493 1341 564 quonism
1357 493 1511 551 ostendisti
1526 493 1656 568 gratim
1676 494 1808 551 etirdem⁸

114 581 192 638 enim
204 579 393 636 vovitservus
405 584 487 647 tuus,
502 580 940 653 cumessetlinGessurSyriae,
994 579 1035 650 lb.
1052 581 1206 636 ostendisti
1223 582 1455 639 misericordium
1471 587 1501 641 et
1517 583 1699 653 veritatemJ.
1720 582 1753 639 bt
1770 598 1808 640 re·

116 669 216 726 dicens
233 686 241 723 ε
257 666 286 724 Si
301 667 448 724 reduxerit
472 685 519 724 me
544 668 686 725 Dominus
710 670 740 724 iu
762 669 940 738 Jerusalem,
994 670 1113 742 spondit
1128 670 1210 726 Debai
1228 670 1287 744 regi
1304 672 1423 729 dicens:
1440 672 1517 729 Vivit
1532 673 1690 737 Dominus,
1705 672 1807 731 elstret

115 756 286 815 sacrificabo
303 755 344 827 [b.
361 757 499 830 serviam}
522 758 657 815 Domino.
680 758 818 830 Dixitque
842 758 867 813 ai
891 774 941 814 rex
997 758 1059 830 [ms.
1073 756 1475 832 vivitldominusmeusr013
1489 760 1633 832 quoniam
1650 761 1805 833 inquocun·

115 845 205 904 David
219 846 230 880 ²
246 864 253 901 r
269 843 349 900 Vade
364 845 394 900 in
409 863 490 919 pace.
505 847 540 902 ut
554 846 692 916 surrexit,
707 851 737 903 et
751 846 823 903 abiit
838 848 868 902 in
884 850 940 903 He·
996 862 1053 918 que
1067 845 1239 918 innotueris,
1257 848 1376 905 domiue
1392 849 1431 905 mi
1446 865 1506 920 rex,
1520 849 1582 907 sive
1597 850 1629 906 in
1641 854 1745 914 morte,
1756 849 1805 907 siro

114 935 198 991 bron.
215 933 296 991 Misit
311 941 409 991 autem
432 935 570 992 absalom
595 935 793 1009 exploratores
817 935 847 991 in
875 936 942 992 uni·
997 935 1026 991 in
1043 935 1114 1004 vita,
1130 936 1170 992 ibi
1186 937 1242 992 erit
1256 954 1358 994 servus
1382 944 1462 994 tuus.
1487 938 1692 995 scatanavia
1715 938 1803 995 Dtbsi:

114 1040 214 1081 versas
228 1024 325 1080 tribus
342 1023 444 1092 Israel,
466 1024 567 1080 dicens
584 1043 590 1081 :
607 1024 710 1080 Statim
737 1030 769 1079 ut
790 1024 942 1081 audieritis
996 1022 1082 1091 Veni,
1097 1027 1126 1080 et
1139 1025 1243 1081 transi.
1267 1027 1303 1082 ut
1328 1026 1465 1084 transivit
1488 1026 1575 1084 Ethai
1604 1026 1763 1095 Gettbaeus,
1784 1034 1804 1085 et

115 1115 284 1189 clangorem
299 1115 440 1183 buccina,
457 1116 544 1172 dieite
562 1133 568 1171 :
586 1116 727 1189 Regnavit
748 1117 887 1173 Absalom
913 1116 943 1172 iu
999 1129 1101 1170 omnes
1116 1113 1168 1169 viri
1183 1114 1234 1186 qui
1249 1131 1317 1171 cum
1332 1121 1471 1186 socrant,
1487 1122 1516 1173 et
1527 1116 1644 1190 reliqua
1655 1116 1803 1174 multitudo.

66 1232 69 1237 ’
116 1204 244 1263 Hebron.
259 1210 348 1263 Porro
363 1221 431 1262 cum
443 1204 578 1261 absalom
595 1205 692 1261 ierunt
707 1206 824 1262 ducenti
839 1204 893 1262 viri
909 1206 945 1262 de
999 1202 1167 1275 Omnesque
1181 1203 1291 1260 tlebaut
1305 1203 1346 1278 [b.
1362 1204 1519 1277 omnisque
1533 1210 1613 1262 terra
1637 1205 1734 1278 tiebat]
1754 1220 1804 1263 seeo

117 1292 283 1353 Jerusalem
298 1294 403 1364 vocati,
425 1299 527 1351 euntes
552 1294 680 1366 simplici
705 1296 802 1365 corde,
827 1300 856 1351 et
879 1311 946 1351 cau·
1000 1306 1117 1362 magna,
1128 1296 1157 1347 et
1168 1292 1323 1350 universus
1334 1294 1462 1367 populus
1473 1295 1618 1351 transibat
1630 1312 1637 1351 :
1650 1310 1700 1352 rex
1712 1311 1804 1367 quoquo

120 1401 185 1441 sam
200 1384 318 1456 penitus
334 1384 510 1453 ignorantes.
534 1383 692 1440 Accersivit
714 1400 832 1456 quoque
851 1384 945 1440 libea-
1001 1380 1273 1453 transgrediebatur
1287 1386 1445 1440 torrentem
1460 1383 1585 1451 cedron,
1600 1387 1629 1440 et
1641 1388 1804 1456 cunctuspo·

120 1474 181 1532 lom
191 1471 349 1546 Abitophel
360 1472 507 1529 Giloniten
518 1472 719 1530 consiliarium
727 1473 867 1543 David‚de
878 1472 947 1529 civi·
1004 1468 1093 1541 putus
1109 1469 1265 1527 incedebat
1280 1476 1380 1528 contra
1394 1471 1482 1541 siam,
1497 1489 1561 1544 que
1577 1473 1701 1546 respicit
1714 1473 1747 1529 ad
1768 1474 1804 1529 de·

122 1567 184 1620 tate
199 1578 253 1619 sua
269 1561 343 1630 (iilo,
360 1578 427 1618 cum
449 1560 617 1619 immolaret
640 1561 785 1618 victimas.
813 1562 848 1617 Et
872 1562 948 1618 iacta
1002 1564 1124 1616 sertum.
1141 1559 1229 1616 Venit
1243 1565 1342 1617 autem
1355 1566 1384 1617 et
1398 1562 1492 1619 Sadoo
1507 1560 1547 1628 [lr.
1564 1561 1654 1619 etiam
1673 1567 1703 1618 et
1723 1562 1803 1634 Sedu]

123 1657 169 1710 est
183 1649 348 1722 conjuratio
364 1649 473 1719 valida,
489 1650 674 1723 populusque
694 1667 872 1708 concurrens
895 1668 947 1707 eu·
1003 1648 1140 1705 sacerdos
1155 1650 1175 1718 ⁸,
1192 1654 1220 1705 et
1242 1650 1374 1707 universi
1396 1649 1490 1707 levite
1514 1667 1581 1707 cum
1608 1666 1655 1720 eo,
1679 1655 1804 1722 penades

122 1740 247 1815 gebatur
270 1755 337 1796 cum
360 1739 510 1796 libsalom.
536 1739 623 1796 Venit
646 1740 736 1813 igitur
767 1740 947 1795 nuntiusad
1003 1754 1099 1793 arcam
1117 1737 1627 1812 laederisDci,deposueruntarcam
1645 1744 1804 1798 Damascen-

122 1829 225 1901 Darid,
242 1829 342 1885 dicens
357 1844 364 1884 :
381 1831 453 1886 Toto
469 1829 555 1886 corde
570 1830 727 1885 universus
743 1828 831 1886 lsrael
851 1828 948 1901 sequi·
1006 1827 1050 1882 dit
1064 1825 1216 1898 abiathar,
1232 1827 1325 1884 donec
1339 1827 1471 1901 expletus
1487 1832 1567 1887 esset
1579 1829 1678 1886 omnis
1692 1828 1806 1903 populus,

121 1917 352 1976 turltbsalcm¹.
370 1919 414 1991 [Τ.
432 1916 585 1988 divique
603 1916 644 1973 ait
659 1917 750 1974 David
768 1918 860 1975 servis
876 1917 951 1987 suis,
1007 1916 1057 1988 qui
1082 1931 1219 1989 egressus
1242 1918 1337 1973 tuerat
1359 1921 1394 1974 de
1418 1917 1542 1974 civitate.
1566 1919 1602 1975 lit
1625 1918 1699 1975 dixit
1721 1917 1806 1975 rexst

121 2008 172 2080 qui
183 2011 346 2065 erantcum
357 2023 390 2063 eo
402 2006 431 2061 in
442 2004 606 2062 Jerusalem
619 2022 625 2061 :
638 2006 765 2079 Surgite,
778 2006 950 2078 fugiamus],
1006 2005 1100 2061 Sadoo
1116 2020 1122 2060 :
1140 2009 1263 2077 Deporta
1279 2021 1376 2062 arcam
1394 2007 1441 2061 Dei
1458 2006 1488 2062 iu
1505 2007 1608 2063 urbem
1625 2023 1633 2063 ε
1650 2007 1676 2064 si
1695 2006 1807 2063 invenero

122 2113 218 2168 neque
243 2096 321 2153 enim
339 2096 395 2152 erit
407 2094 492 2151 nobis
507 2094 650 2166 eliugium
665 2112 682 2151 a
698 2096 769 2150 facie
786 2094 925 2151 absalom
942 2112 949 2151 :
1006 2095 1131 2166 gretiam
1148 2095 1177 2150 in
1193 2094 1287 2151 oeulis
1300 2094 1428 2161 Domini,
1445 2095 1566 2152 reducet
1582 2111 1641 2166 me,
1657 2100 1686 2153 et
1699 2094 1809 2155 ostendet

122 2171 261 2242 festinate
275 2186 387 2257 egredi,
404 2199 440 2241 ne
455 2183 530 2240 torte
553 2184 674 2239 veniens
697 2189 826 2256 occupet
845 2201 898 2240 nos
924 2188 952 2241 et
1008 2183 1079 2238 mihi
1095 2199 1169 2249 eam,
1186 2183 1447 2240 ettabernaculum
1459 2200 1547 2240 suum
1564 2184 1605 2259 [b.
1623 2193 1651 2242 et
1665 2183 1808 2259 glorilieabo

122 2272 256 2346 impellat
271 2289 361 2346 super
376 2289 429 2328 uos
439 2272 555 2329 ruinam
571 2271 753 2345 [b.malum],
765 2278 794 2329 et
806 2271 953 2346 percutiat
1007 2273 1098 2344 euml.
1115 2272 1145 2329 si
1163 2276 1262 2329 autem
1277 2271 1384 2329 dixerit
1408 2272 1481 2329 mibi
1495 2274 1506 2308 ἵ
1519 2289 1526 2329 :
1537 2272 1601 2330 Nou
1625 2272 1744 2346 places:
1759 2287 1808 2346 prs·

125 2361 273 2420 civitatem
293 2361 323 2418 in
348 2378 398 2418 ore
424 2360 526 2434 gladii.
551 2363 748 2436 vixeruntque
770 2364 848 2419 servi
873 2361 952 2436 regis
1007 2365 1053 2417 sto
1082 2377 1160 2429 sum,
1191 2360 1278 2417 iaciat
1304 2360 1377 2416 mibi
1401 2361 1491 2433 [Volo.
1529 2368 1601 2418 locet
1635 2360 1721 2433 mibi]
1750 2358 1808 2433 quod

126 2451 162 2510 ed
174 2468 242 2511 cum
254 2467 261 2507 :
272 2450 378 2507 Omnia
388 2467 570 2523 quecunque
580 2452 750 2524 praeceperit
763 2451 805 2525 lh.
819 2451 951 2526 elegerit]
1006 2451 1117 2507 bonum
1133 2453 1177 2507 est
1192 2466 1291 2506 coram
1306 2466 1339 2505 se
1354 2448 1395 2520 [b.
1411 2450 1490 2522 quod
1505 2449 1616 2507 bonum
1633 2454 1680 2506 est
1692 2449 1724 2506 in
1738 2445 1809 2507 oeulis

126 2541 266 2600 dominus
289 2541 388 2595 noster
416 2554 476 2607 rex,
500 2538 627 2594 libenter
659 2553 855 2613 exsequemur
887 2539 952 2612 [ms.
1007 2539 1091 2611 eiust
1103 2539 1138 2594 Et
1152 2539 1223 2594 dixit
1240 2555 1290 2595 rex
1304 2539 1340 2595 ad
1355 2539 1448 2596 sadoc
1476 2538 1808 2596 sacerdotemrovidenr

126 2629 326 2704 exsequimur]
343 2625 490 2685 servitui.
511 2626 653 2700 Egressus
676 2632 721 2685 est
744 2644 812 2702 ergo
837 2644 898 2699 rex,
923 2631 953 2685 et
1007 2634 1150 2685 revertere
1162 2628 1204 2700 [b.
1221 2628 1250 2684 Si
1266 2627 1382 2684 videtur
1394 2627 1448 2684 tibi
1461 2627 1615 2700 revertere]
1634 2627 1665 2683 in
1687 2627 1808 2685 civitaten

127 2719 265 2779 universa
280 2719 386 2774 domus
400 2716 602 2789 ejus,pedibus
616 2718 722 2789 suis,et
734 2717 893 2790 dereliquit
903 2734 952 2774 rex
1007 2717 1037 2774 in
1054 2734 1141 2790 pace;
1157 2717 1295 2774 thimeas
1312 2716 1418 2774 ⁸illius
1433 2724 1512 2786 tuus,
1529 2720 1558 2774 et
1576 2716 1727 2775 Jonatban
1749 2715 1808 2772 illias

125 2811 226 2867 decem
243 2805 382 2864 mulieres
397 2805 578 2862 concubinas
593 2807 630 2862 ad
651 2806 875 2863 custodiendam
900 2806 952 2863 do·
1006 2806 1161 2874 Abiatbar,
1194 2806 1225 2862 hi
1257 2807 1315 2862 duo
1348 2806 1403 2862 tilii
1436 2805 1541 2873 vestri,
1575 2806 1637 2863 sint
1668 2805 1808 2863 vobiscum.

124 2914 220 2957 mum.
235 2900 435 2971 ngssusque
450 2910 500 2951 rex
515 2900 544 2952 et
565 2893 662 2952 omnis
678 2895 719 2966 [b.
735 2895 834 2953 omnis
857 2911 952 2968 popu·
1007 2895 1079 2951 Ecce
1093 2911 1161 2969 ergo
1176 2896 1341 2952 abscondar
1364 2895 1405 2969 [b.
1431 2894 1578 2968 morabor]
1604 2894 1636 2951 in
1659 2891 1809 2969 campestri·

125 2984 296 3060 tus]1srael,
313 2983 440 3058 pedibus
454 2984 518 3041 suis
534 2982 614 3040 stetit
633 2983 734 3056 procul
759 3000 777 3040 a
800 2983 898 3051 domo,
924 2986 953 3040 et
1007 2985 1064 3041 bus
1077 2985 1195 3052 deserti,
1213 2985 1304 3041 donec
1318 2985 1416 3041 veniat
1430 3001 1527 3043 sermo
1550 3001 1568 3041 a
1591 2983 1676 3042 vobis
1700 2985 1810 3042 indicens

127 3074 258 3135 universi
269 3073 345 3130 servi
354 3072 420 3143 ejus
430 3071 624 3129 ambulabant
629 3073 715 3144 juxta
725 3088 805 3138 erim,
822 3076 850 3127 et
860 3070 951 3145 legio·
1007 3074 1325 3146 mibi.ileportaverunt
1339 3073 1430 3146 igitur
1443 3073 1536 3130 sadoc
1546 3076 1575 3130 et
1584 3073 1727 3131 abiathar
1735 3084 1809 3131 aran

126 3180 180 3223 nee
194 3163 238 3238 ]b.
250 3180 306 3219 non
323 3162 410 3218 babet
421 3161 561 3234 legiones]
577 3160 712 3218 Cberetbi
727 3165 756 3218 ct
770 3161 914 3230 Pbeletbi,
924 3152 990 3220 elC
1008 3160 1059 3219 Dei
1075 3162 1104 3216 in
1120 3160 1294 3231 Jerusalem,
1310 3165 1339 3217 et
1354 3165 1528 3217 manserunt
1540 3160 1600 3233 ibi.
1629 3164 1718 3219 Porro
1743 3156 1809 3217 David

129 3270 232 3314 omnes
246 3249 504 3321 Gettbroi‚sexcenti
522 3250 574 3306 viri
590 3252 610 3319 ⁶,
627 3250 676 3323 qui
693 3251 786 3307 secuti
799 3267 878 3322 eum,
891 3251 954 3307 tue·
1008 3249 1184 3307 ascendebat
1199 3249 1304 3306 clivum
1320 3249 1475 3317 olivarum,
1491 3250 1655 3306 ascendens
1667 3255 1695 3307 et
1709 3248 1809 3319 uenae

132 3347 198 3402 rant
208 3341 320 3416 pedites
331 3340 366 3395 do
376 3339 462 3410 Goth,
474 3339 792 3411 precedebantregem.
809 3338 886 3395 Dixit
901 3355 955 3395 au·
1009 3343 1111 3413 operto
1126 3339 1221 3411 capite
1234 3343 1263 3395 et
1279 3338 1365 3395 nudis
1390 3338 1515 3412 pedibus
1540 3337 1700 3409 incedens;
1725 3340 1770 3397 ssd
1788 3336 1808 3391 sl

132 3438 190 3492 tem
207 3447 257 3488 rex
277 3430 312 3486 ad
336 3427 424 3486 sobai
450 3427 614 3485 Gettbreum
629 3429 648 3501 !²
671 3427 731 3484 Gur
753 3429 834 3486 venis
859 3428 955 3486 nobis·
1009 3428 1104 3487 omnis
1119 3427 1256 3501 populus,
1276 3428 1327 3501 qui
1349 3432 1412 3485 erat
1436 3444 1503 3484 cum
1519 3445 1564 3497 eo,
1595 3434 1697 3501 operto
1724 3425 1807 3501 capita

134 3523 226 3581 cumi
239 3523 401 3590 Revertere,
412 3524 441 3574 et
457 3518 556 3574 babila
569 3534 635 3574 cum
652 3533 730 3591 rege,
743 3517 813 3590 quia
828 3517 957 3592 peregri·
1013 3518 1192 3575 ascendebat
1207 3516 1336 3590 plorans.
1352 3517 1527 3574 Nuntiatum
1546 3522 1592 3575 est
1606 3522 1706 3575 autem
1730 3512 1809 3577 beat,

137 3628 193 3669 nus
208 3627 250 3679 es,
267 3614 295 3666 et
308 3623 445 3681 egressus
460 3623 491 3665 ee
506 3607 542 3663 de
564 3605 627 3664 loco
652 3612 701 3664 tuo
727 3625 734 3665 ε
757 3606 820 3664 beri
841 3607 957 3681 venisti,
1012 3606 1089 3680 qnod
1105 3605 1299 3680 etltbitopbel
1311 3611 1389 3664 esset
1403 3607 1434 3663 in
1449 3606 1654 3679 conjuratione
1674 3608 1715 3682 [b.
1737 3598 1810 3665 rabel·

136 3696 835 3771 etbodiecompellerisnobiscumegredilego
859 3700 957 3754 autem
1010 3696 1099 3768 lione]
1130 3711 1197 3752 cum
1227 3695 1376 3765 absalom,
1405 3695 1535 3768 dixitque
1566 3696 1681 3753 David:
1706 3696 1812 3755 lutatus,

137 3824 253 3883 est.Nos
268 3821 341 3878 illud
357 3836 497 3904 urgemus
511 3820 605 3894 magis
619 3837 687 3877 cum
707 3822 784 3878 Luca
807 3820 960 3948 Brupensi,
1049 3817 1511 3889 ⁸iijusdemsententiaduashoc
1522 3815 1814 3891 locoretiuetvulgtlt

138 3896 279 3968 quidquid
295 3899 406 3951 auctori
419 3895 604 3963 Quasi-ionum
616 3893 817 3951 liebrciecrum
827 3894 856 3950 in
882 3894 962 3951 ibros
1015 3896 1115 3947 nostra
1127 3890 1393 3963 interpretationes,
1409 3890 1513 3947 Hieron
1568 3890 1667 3948 ianam
1683 3891 1815 3950 scilicettt

138 3969 251 4040 Regum
267 3965 412 4031 videatur,
427 3966 505 4037 quod
522 3967 544 4021 si
560 3966 629 4022 anni
644 3970 761 4038 quotuor·
783 3966 961 4038 scribantur,
1016 3966 1153 4032 veterem,
1168 3979 1232 4035 qne
1247 3961 1319 4019 ltala
1332 3963 1492 4019 dicebatur.
1534 3979 1567 4018 os
1583 3979 1671 4020 unam
1692 3964 1816 4023 edidinttt

138 4043 252 4095 constet
265 4038 336 4094 satis
351 4038 469 4093 initium
485 4052 585 4093 eorum
608 4039 773 4094 ducendum
798 4055 815 4094 a
838 4036 962 4095 reconci-
1017 4033 1089 4092 tenti
1101 4034 1220 4091 Hebraeo
1235 4035 1472 4107 respondentem.
1489 4034 1582 4090 Mser.

139 4111 259 4168 ilatioae
274 4108 376 4182 patris,
392 4110 446 4164 boc
462 4113 507 4165 est
522 4111 559 4165 ab
571 4108 751 4166 admissione
766 4110 962 4167 absalonisin
1052 4135 1086 4150 -
1099 4104 1818 4179 interseruntvulgati,Dominostoeiettecommitt·

138 4181 718 4251 Jerusalem.aut,quodduobusannis
740 4183 885 4254 posterius
907 4183 962 4249 eet,
1017 4177 1168 4236 ricordiam
1200 4186 1226 4234 et
1264 4179 1410 4235 veritatem
1444 4194 1533 4250 :qna
1572 4178 1676 4234 eadem
1716 4178 1821 4235 babetur

140 4255 176 4311 ad
191 4253 348 4309 videndam
368 4253 461 4326 patris
486 4253 599 4310 taciem.
623 4254 652 4309 Si
678 4269 745 4310 vero
769 4254 962 4325 quodraginta,
1017 4251 1073 4308 sub
1089 4250 1154 4306 aliis
1169 4249 1348 4305 vorbiscum
1364 4248 1557 4321 subsequenti
1582 4250 1739 4317 sententia,
1770 4250 1823 4320 ooo

141 4325 218 4381 unde
231 4325 292 4380 sint
302 4325 477 4380 numerandi
490 4327 643 4381 commode
654 4323 777 4381 inveniri
791 4341 847 4381 non
860 4323 962 4399 possit.
1017 4325 1098 4379 aiam
1112 4321 1255 4378 ostendisti
1268 4321 1388 4393 qratiam
1403 4326 1427 4377 et
1442 4321 1537 4393 fidem.
1554 4319 1608 4377 Pro
1626 4321 1674 4377 bis
1702 4323 1824 4378 omuibus

140 4396 259 4467 Adbrsc,
274 4401 303 4452 et
316 4396 488 4468 losepbam,
505 4396 555 4453 lib.
570 4413 608 4452 vu
624 4398 771 4469 loricata,
795 4413 857 4470 cap.
883 4398 911 4464 9,
936 4399 966 4452 et
1019 4396 1076 4451 duo
1091 4394 1152 4449 brec
1167 4398 1281 4448 tantum
1298 4392 1386 4449 verba
1401 4391 1430 4447 in
1446 4392 1564 4449 Hebraeo
1587 4397 1658 4449 sunt
1672 4397 1765 4464 textu,
1778 4402 1827 4471 'mtt

140 4469 488 4540 Theodoretrrm,quaest.
504 4470 549 4539 28,
565 4474 684 4541 quatuor
699 4469 842 4526 duntaxat
855 4484 965 4540 suppu-
1018 4475 1112 4531 nnbat,
1142 4464 1335 4521 misericordia
1375 4471 1402 4521 et
1442 4464 1541 4520 ueritus
1563 4480 1569 4518 :
1595 4480 1661 4536 qus
1696 4466 1828 4538 superiori

140 4546 203 4598 tare
219 4558 226 4596 :
244 4557 301 4596 non
316 4541 398 4607 adeo,
414 4540 492 4612 quod
506 4541 639 4597 Hebraici
661 4539 836 4666 exemplaris
860 4541 963 4595 vitium
982 4526 1003 4591 D
1019 4539 1151 4612 proxime
1164 4548 1240 4621 γὲν,
1256 4544 1355 4608 tecum,
1366 4536 1472 4606 juncta
1504 4537 1577 4592 bene
1605 4538 1736 4609 optantis
1751 4551 1830 4594 sensu

141 4617 263 4681 ῦΡθῦῑθῑ.
279 4611 501 4694 ᾶῑθξῑῑῃῦῑθῐῃΰθ
516 4612 691 4703 (ἓθξῦῑῐῡῑέψῑ,
709 4628 742 4667 ⁰⁰
765 4611 818 4693 ῑθῑὲ
844 4615 862 4667 2
884 4612 960 4700 &Duil
1019 4627 1208 4699 proferuntur
1225 4642 1231 4680 :
1248 4625 1343 4680 Tecum
1357 4624 1550 4680 misericordie
1575 4635 1600 4681 et
1624 4628 1726 4682 veritas
1749 4644 1760 4682 .·
1783 4625 1835 4683 sisa

140 4683 506 4770 M⁰¹¹¹¹⁸⁰9⁰¹¹¹¹¹mfl⁰ifffl
533 4680 811 4771 2,Et,1t’„ssi““it’
834 4688 918 4737 TW
937 4702 965 4736 α·
1019 4698 1095 4769 quod
1113 4699 1190 4754 idem
1207 4712 1271 4752 csse
1282 4696 1367 4767 juxta
1383 4694 1554 4751 Hebraicam
1571 4694 1704 4767 phrasim
1718 4714 1776 4755 non
1788 4696 1836 4753 dil-

141 4773 225 4842 ΜΨ
238 4774 324 4809 *⁸²³²*
337 4774 410 4829 mitt
430 4774 522 4823 caera,
548 4774 573 4840 aa
597 4752 637 4840 δί,
649 4774 689 4826 aq»
713 4749 833 4831 Ἑὸΰαῖψ
856 4701 962 4830 Ἀρέα·
1019 4770 1103 4825 liteor
1120 4784 1126 4824 :
1144 4770 1236 4823 Terram
1250 4768 1342 4839 qratia
1356 4770 1381 4823 et
1397 4766 1477 4838 fider.
1498 4766 1585 4823 Porro
1610 4766 1759 4841 impressa
1781 4786 1840 4825 seu·

143 4847 209 4904 pua.
225 4828 256 4883 Μ
271 4828 404 4899 silwim,
419 4829 698 4911 ‘luidrisslssifllsst'ti
709 4830 784 4899 “llud
807 4844 909 4900 omnes,
934 4843 965 4883 m
1019 4842 1112 4896 tentia
1128 4840 1213 4894 unice
1228 4839 1354 4896 habetur
1369 4854 1421 4910 pro
1437 4838 1758 4922 Hieronymianaquod
1775 4857 1842 4898 con·

143 4900 261 4958 istim
275 4907 366 4955 “mm
381 4898 511 4955 Album·
1020 4912 1080 4969 cise
1096 4909 1189 4982 magis
1205 4910 1379 4967 Hebraicum
1395 4910 1511 4978 reserat,
1528 4914 1624 4979 sitque
1639 4909 1727 4983 lunge
1740 4929 1840 4970 emen·

180 4992 189 5026 1
205 4986 339 5043 Pressius
354 4984 474 5042 Hebraeo
489 4996 582 5057 inm,
598 4989 629 5044 ln
655 4989 793 5046 monendo
816 5004 870 5046 me.
897 4988 964 5045 cod.
1020 4983 1167 5039 datiarum
1183 4981 1404 5054 exemplarium.
1419 4983 1498 5038 ltdeo
1514 4979 1620 5038 rectius
1635 4980 1739 5056 legerit
1753 4984 1845 5043 Vero-

145 5060 303 5115 Veronens.
319 5072 490 5115 ramessem.
1020 5070 1104 5111 nans.
1121 5070 1176 5108 ms.
1201 5053 1231 5107 in
1256 5071 1313 5125 quo
1337 5053 1436 5125 ipsum
1462 5053 1646 5110 desideratur
1670 5056 1845 5114 adverbium

180 5130 320 5186 ²Rursus
346 5144 414 5186 oum
443 5128 563 5186 ltebraeo
591 5146 646 5186 ms.
676 5128 837 5187 Veronens.
866 5127 964 5185 Dauid.
1019 5124 1643 5199 queniam,quodetscboliasteprobstur.

144 5218 249 5260 nomen
266 5201 414 5258 hictscet.
1055 5195 1192 5252 lVerius
1221 5212 1286 5252 cum
1325 5197 1443 5255 ltebrose
1471 5201 1551 5254 textu
1581 5212 1688 5253 conten
1718 5198 1850 5259 sacerdos

179 5275 191 5310 ⁸
206 5274 285 5330 idem
302 5290 358 5331 ms.
383 5271 555 5344 Sequebatur
579 5270 717 5327 dioclem.
741 5272 830 5329 Hebr.
847 5271 883 5328 nd
905 5284 967 5326 ver·
1020 5268 1181 5324 Veronens.
1199 5284 1251 5323 ms.
1269 5268 1316 5325 hic
1331 5272 1417 5326 tacet.

146 5345 227 5413 bum,
234 5345 299 5474 1{ait
312 5349 371 5418 post
385 5343 522 5401 Aetatem.
1056 5341 1066 5375 ἵ
1093 5342 1198 5395 lterum
1226 5340 1409 5398 adamussim
1435 5339 1547 5397 Hebrei
1572 5342 1671 5396 textus
1696 5338 1746 5399 bio
1771 5347 1852 5402 tacet

182 5416 230 5471 *Α
254 5418 329 5473 dunt
343 5416 472 5489 vulgati,
488 5418 654 5487 poqrmtores
672 5412 770 5481 validi,
816 5429 859 5469 ure
880 5412 968 5469 verba
1020 5412 1170 5469 Veronens
1185 5429 1241 5468 ms.
1257 5411 1338 5469 eniti.

146 5490 246 5546 textus
261 5495 289 5546 et
304 5488 522 5561 Hieronymiani
537 5485 621 5542 cedd.
636 5486 782 5557 ignorant.
833 5502 868 5541 ox
892 5486 968 5541 tacet
1056 5483 1171 5540 ⁸idem
1204 5501 1260 5541 ms.
1288 5484 1443 5540 Acirimeos.
1479 5482 1617 5540 debraico
1649 5498 1773 5613 qu⁰fl⁰⁹
1805 5492 1852 5545 eal

146 5557 299 5614 t'ermrrns
327 5579 381 5615 me.
399 5561 509 5629 praterea,
528 5557 603 5629 «pared
621 5572 715 5627 neque
728 5554 883 5615 chaldeus
906 5560 966 5625 est;
1021 5564 1157 5646 vmbria.
1175 5555 1241 5614 Mox
1255 5554 1392 5614 voculam
1408 5555 1439 5612 bi
1453 5555 1575 5627 omittit,
1589 5570 1679 5627 quam
1732 5556 1852 5619 ebreus

146 5652 245 5703 tamen
261 5650 291 5706 in
306 5635 524 5719 [laurentiam.
540 5652 570 5704 io
582 5647 649 5721 pede
660 5662 719 5702 aoo.
1022 5643 1126 5704 naseit.
