3870 6120
64 229 141 289 iiii
479 212 482 219 '
623 226 792 290 ⁷''ninna
810 235 934 292 auom
951 234 1162 292 rauranum.
1706 236 1775 293 iiis

105 371 163 412 non
179 352 388 426 relinquebant
402 352 432 409 in
449 369 546 410 mane.
906 359 932 427 Α
1021 372 1100 426 meo,

64 426 222 499 Prophetae
236 426 301 497 ejus
316 425 428 491 vesani,
949 427 984 483 llt
999 427 1200 500 derelinquam
1218 429 1246 486 in
1263 431 1359 488 medio
1372 430 1412 487 tui
1422 431 1561 505 populum
1573 448 1730 504 pauperem
1743 437 1772 489 ct

106 496 167 554 veri
181 496 316 554 inlldelee
333 512 340 551 :
1019 516 1155 572 egenum,

64 569 243 628 Sacerdotes
258 570 323 640 ejus
340 566 509 637 polluerunt
526 572 674 634 sanctum,
983 575 1012 626 et
1027 573 1188 644 sperabunt
1204 573 1232 628 ia
1249 574 1366 630 nomine
1380 574 1506 630 Domini.

105 642 215 713 injuste
226 644 353 713 egerunt
368 643 469 695 contra
483 637 588 723 legem.
949 642 1088 712 Reliquis
1103 645 1191 699 lsrael
1208 661 1264 700 aon
1280 645 1385 701 sacient
1400 646 1598 718 iniquitatem,

68 712 217 771 Dominus
227 712 329 783 justus
343 710 372 766 in
389 710 486 767 medio
502 726 567 782 epus
582 727 640 767 uon
654 711 741 768 societ
756 712 896 785 iniquita·
985 731 1038 770 nec
1053 713 1209 787 loquentur
1224 717 1422 784 mendacium,

106 790 188 841 tem:
206 781 644 854 mene,meneJ'udieiumeuiim
656 784 778 840 debitio
789 782 895 855 lucani,
985 789 1014 841 et
1028 803 1086 842 nou
1102 787 1266 843 invenietur
1283 789 1310 844 ia
1327 804 1377 845 cre
1399 804 1499 844 eorum
1525 787 1625 857 lingua
1650 788 1765 846 dulosa.

144 861 173 912 et
188 872 246 911 non
263 854 460 911 abscondetur
475 872 482 922 ς
949 857 1093 925 Quoniam
1103 858 1160 930 ipsi
1177 865 1335 930 pascentur
1349 864 1377 914 et
1389 861 1582 930 accubabunt,

67 925 197 984 Neseivit
211 931 310 983 autem
325 925 444 995 iniquus
458 923 669 981 contusionem.
985 934 1014 984 et
1025 945 1081 986 noa
1097 930 1152 985 erit
1167 929 1217 1001 qui
1232 935 1384 988 exterreat.

67 997 251 1071 Disperdidit
265 1002 377 1071 gentes,
393 1002 422 1053 et
438 997 573 1069 dissipati
584 1000 655 1053 sunt
667 996 767 1069 anguli
778 1013 897 1066 earum;
948 999 1059 1067 Lauda,
1071 1001 1132 1056 silis
1146 1001 1216 1057 Sion
1233 1019 1240 1058 ι

105 1072 239 1127 desertas
250 1069 305 1126 leci
318 1069 380 1126 viae
395 1084 508 1136 eorum,
521 1069 590 1124 dum
607 1085 666 1127 nan
681 1075 727 1126 est
741 1069 792 1141 qui
802 1075 897 1126 trans·
1015 1072 1151 1142 jubilate,
1168 1072 1257 1129 lsrael
1273 1074 1281 1108 ¹
1299 1091 1306 1129 ε

103 1147 152 1199 eat
168 1157 177 1198 i
983 1142 1090 1214 letare,
1103 1148 1133 1200 et
1144 1143 1259 1201 exsulta
1274 1144 1396 1202 inomni
1412 1145 1508 1212 eorde,
1523 1143 1583 1200 filia
1594 1143 1768 1202 Jerusalem.

104 1211 242 1271 desolate
258 1216 329 1269 sunt
344 1210 478 1267 civitates
501 1227 615 1280 earum,
638 1227 697 1269 non
726 1217 897 1269 remanente
948 1214 1080 1271 Abstulit
1094 1216 1236 1272 Dominus
1248 1217 1394 1286 judicium
1413 1222 1510 1284 tuum,

140 1286 213 1350 viro,
230 1300 281 1340 nec
298 1283 358 1340 ullo
375 1284 549 1339 habitatore.
984 1287 1088 1342 evertit
1101 1288 1238 1344 inimicos
1252 1293 1339 1343 tuos:

67 1355 131 1412 Dixi
151 1375 158 1414 :
174 1358 310 1412 Attamen
327 1353 447 1411 timebis
459 1370 517 1422 me,
534 1354 680 1427 suscipies
695 1353 895 1427 disciplinam:
949 1357 1008 1414 ilex
1021 1357 1109 1414 lsrael
1121 1359 1263 1415 Dominus
1279 1361 1307 1414 in
1326 1359 1421 1415 medio
1436 1358 1489 1427 tui,

101 1434 132 1484 et
148 1444 206 1484 uon
222 1426 329 1499 peribit
345 1425 549 1482 habitaculum
565 1429 640 1498 ejus,
662 1432 782 1500 propter
797 1428 897 1483 omnia
984 1445 1042 1485 non
1058 1431 1174 1486 timebis
1191 1431 1302 1486 malum
1319 1430 1407 1486 ultra.

28 1522 29 1527 ¹
141 1499 171 1554 in
189 1499 297 1570 quibus
312 1496 426 1554 visitavi
439 1514 504 1554 eam
522 1514 529 1553 :
947 1499 1037 1557 lodie
1052 1501 1102 1557 illa
1117 1501 1407 1558 diceturlerusalem
1424 1517 1431 1556 ε
1447 1500 1510 1556 Noli
1527 1499 1642 1571 timere,

64 1570 279 1628 Verumtamen
296 1567 426 1625 diluculo
441 1572 595 1642 surgentes
947 1572 1027 1640 Sion,
1055 1590 1112 1629 noa
1138 1572 1336 1629 dissolvantur
1350 1589 1456 1629 manus
1471 1577 1538 1627 tua.

102 1647 301 1714 corruperunt
315 1656 418 1697 omnes
433 1641 625 1714 cogitationes
636 1658 714 1697 sues.
948 1643 1090 1701 Dominus
1099 1649 1174 1700 Deus
1183 1650 1252 1700 tuus
1263 1645 1293 1702 ia
1305 1643 1450 1701 mediotui
1463 1641 1622 1715 fortis,ipse
1634 1641 1766 1712 salvabit3

65 1715 253 1787 Quapropter
267 1721 402 1784 exspecta
417 1729 475 1782 me,
491 1712 563 1768 dicit
577 1712 731 1780 Dominus,
742 1711 771 1766 in
786 1709 832 1768 die
847 1728 893 1770 re·
910 1734 933 1801 B
983 1714 1125 1785 gaudebit
1135 1733 1224 1787 super
1237 1720 1264 1772 te
1276 1718 1305 1772 in
1320 1716 1431 1779 letitia,

140 1784 332 1841 surrectionis
349 1800 419 1840 mee
435 1785 464 1840 in
481 1783 624 1851 laturum,
983 1787 1082 1843 silebit
1095 1786 1124 1842 in
1141 1788 1295 1844 dilectione
1307 1804 1361 1844 sua
1375 1789 1386 1822 ²
1402 1787 1455 1855 (At.
1472 1784 1545 1857 tua),

102 1858 175 1929 quis
187 1857 334 1928 judicium
353 1870 450 1912 ruenni
476 1860 508 1911 ut
529 1870 704 1928 congregem
730 1859 841 1929 gentes,
863 1860 892 1912 et
980 1858 1141 1914 exsultabit
1155 1865 1284 1931 superte
1298 1860 1327 1915 iu
1343 1858 1440 1914 laude.

141 1928 275 2001 colligam
292 1943 382 2000 regna
397 1943 404 1982 :
949 1929 1060 2003 Nugas,
1076 1930 1125 2001 qui
1141 1930 1231 2004 alege
1246 1930 1634 2003 recesseraut‚congrsgabo‚
1648 1927 1719 2002 quia
1733 1945 1767 1986 ex

101 1999 137 2056 Ill
153 2001 302 2056 ellundam
318 2013 407 2072 super
433 2014 483 2055 eas
498 1998 552 2083 (ll.
583 1999 663 2056 Ut...
679 1999 741 2082 eas)
757 1998 892 2072 indigui·
1019 2007 1048 2057 te
1063 2005 1157 2066 crunt,

141 2073 249 2128 tionem
266 2086 372 2141 nisam,
388 2085 507 2127 omnam
522 2086 598 2126 iram
613 2071 721 2127 luroris
734 2071 792 2126 mei
810 2089 817 2128 i
984 2076 1017 2128 ut
1031 2089 1089 2128 non
1107 2072 1183 2129 ultre
1196 2072 1304 2129 habeas
1319 2089 1407 2145 saper
1421 2072 1463 2129 eis
1475 2071 1676 2144 opprobrium.

64 2141 99 2200 ln
115 2141 185 2214 igne
199 2143 278 2199 enim
293 2141 345 2199 aeli
361 2141 418 2197 mei
947 2143 1020 2201 llere
1035 2159 1088 2217 ego
1103 2144 1276 2201 interficiam
1291 2160 1405 2216 omnes,
1425 2145 1477 2216 qui
1499 2143 1668 2199 sltlixerunt
1684 2145 1712 2198 te
1736 2141 1767 2199 ia

102 2215 293 2271 devorabitur
307 2215 405 2270 omnis
419 2217 508 2269 terra.
1019 2223 1150 2289 {empore
1165 2215 1235 2281 illo;

65 2285 142 2352 Quia
157 2291 227 2342 tunc
242 2286 362 2343 reddam
379 2283 496 2358 populis
512 2283 622 2340 labium
631 2283 767 2350 electum,
983 2290 1012 2343 et
1026 2288 1146 2343 salvabo
1161 2287 1378 2343 claudicantem
1391 2306 1398 2355 ;

104 2362 139 2413 ut
154 2358 289 2414 invocent
299 2372 402 2413 omnes
413 2356 443 2411 in
455 2354 574 2412 nomine
585 2355 893 2430 (linamenlnomiai,
983 2363 1013 2415 et
1026 2374 1102 2426 eam,
1118 2375 1182 2431 quae
1195 2359 1287 2428 ejecta
1303 2360 1407 2427 iuerat,
1421 2355 1603 2430 congregabo
1618 2371 1625 2411 r
1757 2423 1764 2438 ¹

103 2432 135 2485 et
149 2429 278 2485 serviant
292 2429 318 2485 ei
333 2428 456 2485 humero
471 2443 540 2484 uno.
948 2429 983 2486 Et
997 2446 1104 2502 ponem
1121 2446 1170 2487 eos
1186 2429 1359 2496 intendem,
1383 2433 1412 2487 et
1433 2428 1464 2484 ia
1492 2444 1610 2499 nomen,
1632 2425 1662 2482 in
1685 2441 1767 2483 omni

67 2498 153 2557 Ultra
167 2500 291 2557 numine
304 2499 468 2572 AEthiopie‚
484 2499 552 2554 inde
568 2498 718 2571 supplices
734 2498 802 2570 mei,
984 2506 1060 2557 terra
1074 2500 1256 2557 contusionis
1267 2517 1388 2558 eorum:

104 2572 158 2628 illii
174 2573 375 2645 dispersarum
392 2570 674 2638 meorum,deierunt
685 2587 794 2626 manus
809 2569 892 2628 mihi:
947 2573 979 2629 lu
995 2577 1127 2646 tempore
1141 2572 1203 2642 illo,
1220 2588 1278 2645 quo
1294 2573 1437 2628 addacem
1453 2586 1523 2637 vos3

69 2643 100 2699 ln
113 2644 161 2701 die
175 2643 225 2700 illa
240 2662 297 2701 iion
313 2643 503 2701 confunderis
518 2657 607 2715 super
622 2643 737 2699 eunetis
752 2642 892 2699 adiuveu·
982 2649 1011 2701 et
1025 2644 1055 2700 ia
1071 2649 1213 2717 tempore,
1231 2660 1288 2715 quo
1303 2642 1487 2716 congregabo
1502 2658 1563 2698 vos.
1701 2709 1707 2723 ι

140 2716 273 2772 tionibus
287 2715 358 2783 tuis,
947 2715 1026 2772 Dabo
1042 2717 1118 2772 enim
1134 2732 1185 2771 vos
1200 2716 1230 2770 in
1247 2731 1354 2771 nomen
1378 2719 1407 2771 et
1429 2715 1458 2768 in
1488 2711 1604 2768 leudem
1630 2709 1767 2766 omnibus

104 2787 215 2870 quibus
231 2785 420 2861 pravaricata
431 2802 463 2842 es
478 2786 507 2841 in
521 2799 568 2840 me
584 2800 592 2842 ι
1016 2787 1135 2859 populis
1151 2791 1246 2854 terrm,

67 2855 142 2923 Ouia
156 2864 228 2915 tunc
243 2860 373 2916 euieram
388 2859 425 2914 de
440 2856 536 2914 media
552 2856 593 2912 tui
610 2855 814 2929 magniloquos
841 2871 892 2912 eu·
980 2874 1048 2915 euin
1064 2863 1233 2914 convertero
1248 2856 1445 2940 captivitatem
1462 2858 1598 2911 vestram.

139 2930 248 3002 perbis
263 2934 330 3001 tua,
981 2946 1078 2987 coram
1095 2929 1187 2986 oculis
1200 2934 1316 2999 vestris,
1336 2928 1406 2985 dlcit
1421 2927 1573 2983 Dominus.

100 3004 131 3058 et
146 3019 205 3059 non
221 3003 340 3074 adjicies
354 3000 475 3058 exaltari
491 2999 620 3072 amplius
635 2999 664 3055 in
678 3001 776 3055 monte
791 3002 893 3056 sancta
908 2999 931 3069 c

98 3176 893 3252 ¹Vulgatitiibila,lsrael:pluriumeutemnumer0
946 3174 1771 3257 textussaceriaCommentariisllierouymiauisiquad
1872 3240 1876 3245 Ι
1920 3166 1924 3175 ’

62 3248 891 3322 iaHebrieoamminiculata-unuspenesllartian.
946 3255 1046 3307 tamen
1081 3255 1158 3309 stare
1187 3268 1245 3307 nou
1273 3254 1370 3323 potest
1395 3266 1462 3306 ruia
1495 3250 1560 3320 ipsa
1588 3251 1771 3319 expositione

60 3337 122 3380 uis.
139 3322 239 3378 lubitu
253 3327 294 3381 tii.
947 3323 974 3379 S.
989 3322 1134 3392 Ductoris,
1144 3322 1195 3379 ubi
1210 3323 1252 3381 sit
1266 3338 1272 3379 :
1284 3324 1317 3379 lit
1332 3321 1390 3379 laec
1402 3322 1487 3392 [amet
1498 3322 1529 3376 iii
1544 3319 1694 3375 dilectione
1707 3332 1769 3384 suc,

95 3394 197 3451 ’Tris
212 3394 390 3468 exemplaria
411 3409 483 3450 mss.
508 3393 538 3449 iii
565 3392 713 3449 dilectione
734 3401 795 3449 tua.
822 3393 894 3450 Pro·
947 3410 1003 3451 nea
1017 3403 1063 3452 tuo
1077 3397 1186 3462 meritc,
1201 3395 1247 3453 sed
1262 3393 1456 3451 misericordia
1469 3408 1530 3449 aiio.
1547 3391 1643 3447 llanr.

57 3480 175 3525 nomen
192 3482 310 3542 quaque
336 3467 472 3525 secunde
499 3480 630 3538 persone
659 3464 768 3521 retinet
796 3464 894 3522 editus

657 3638 778 3713 Explicit
793 3638 865 3695 liber
878 3638 1022 3713 Septciiiie
1033 3639 1183 3713 prophete.

847 3955 990 4018 lupicis

509 4132 699 4228 LIBER
732 4131 940 4229 AGGAEI
974 4130 1333 4228 PROPHETAE.

51 4551 144 4624 (Cap.
162 4547 196 4615 ll
218 4549 249 4603 ln
266 4563 342 4604 anno
366 4548 494 4604 secundo
522 4547 602 4621 Darii
625 4548 711 4621 regis,
738 4547 767 4604 in
794 4551 932 4617 mensal)
983 4547 1111 4613 bibistis,
1129 4551 1157 4603 et
1172 4564 1229 4603 non
1244 4546 1316 4603 estis
1332 4545 1491 4602 inebriati:

137 4623 231 4687 sexto,
246 4618 276 4673 in
292 4618 339 4675 die
352 4635 411 4675 una
426 4620 549 4687 mensis,
947 4619 1106 4692 aperuistis
1121 4635 1182 4686 vos,
1198 4623 1226 4674 et
1243 4635 1299 4674 nou
1314 4618 1385 4673 estis
1400 4615 1532 4673 calefacti

94 4696 219 4817 bacillum
234 4695 280 4747 est
295 4691 416 4747 verbum
431 4690 548 4748 Domini
565 4691 593 4746 in
609 4706 697 4746 manu
709 4690 805 4764 Aggiei
823 4707 889 4762 pro·
980 4696 1009 4747 et
1022 4690 1072 4816 auli
1096 4690 1245 4746 mercedes
1261 4688 1459 4762 congregavit,
1475 4687 1556 4744 misit
1578 4703 1628 4744 eae
1644 4687 1673 4743 in
1702 4701 1768 4742 sac·

182 4767 246 4830 ets,
1018 4779 1053 4818 eu
1069 4778 1119 4818 um
1135 4766 1299 4832 pertusum.

97 4780 313 4892 adeorobabel
330 4832 423 4889 filium
439 4831 592 4899 Salathiel,
609 4833 713 4889 ducem
728 4831 814 4897 luda,
947 4836 1013 4890 Hac
1028 4832 1100 4889 dicit
1118 4834 1258 4889 Dominus
1272 4831 1452 4888 exercituum
1471 4847 1478 4887 ε

96 4911 130 4965 et
141 4906 179 4961 ad
190 4904 401 4971 lesumlilium
411 4905 728 4974 losedec,sacerdctem
740 4919 893 4977 maguum,
947 4906 1047 4962 Ponite
1062 4905 1148 4960 corda
1164 4909 1261 4960 vostra
1275 4919 1364 4975 super
1379 4902 1439 4958 vias
1450 4905 1562 4959 vestrae
1579 4918 1587 4956 :

139 4976 242 5033 dicens
257 4991 265 5032 ε
948 4975 1104 5033 ascendite
1115 4976 1145 5032 in
1162 4980 1304 5043 montem,
1316 4979 1431 5046 portate
1445 4974 1570 5046 lignum,
1586 4976 1615 5028 et
1631 4970 1770 5027 edificate

56 5048 132 5106 llaec
147 5049 190 5105 sit
207 5046 347 5104 Dominus
361 5048 554 5118 exercituum,
571 5046 673 5105 dicens
689 5062 696 5105 :
1019 5049 1160 5104 domurn:
1722 5111 1728 5124 ⁶
1750 5110 1756 5124 ,

98 5119 236 5191 Populus
255 5118 311 5176 lete
325 5119 421 5176 dicit:
983 5122 1011 5175 et
1026 5118 1213 5191 acceptabilis
1228 5117 1301 5175 mihi
1325 5117 1389 5188 erit,
1420 5120 1449 5173 et
1473 5113 1670 5189 glorilleabor,
1700 5111 1772 5167 dicit

57 5193 204 5249 Nondum
222 5191 299 5247 venit
312 5193 432 5263 tempus
446 5191 553 5248 domus
569 5190 682 5247 Domini
703 5189 892 5247 edificanda.
1018 5191 1174 5248 Dominus.
1699 5253 1704 5265 ¹

59 5264 98 5321 ei
115 5264 228 5319 laetum
244 5268 289 5319 est
303 5262 425 5319 verbum
440 5263 558 5319 Domini
571 5262 601 5318 in
612 5263 810 5336 menullggaei
826 5278 894 5334 pro·
947 5262 1127 5335 despexistis
1142 5263 1178 5318 ad
1195 5260 1334 5334 amplius,
1348 5263 1376 5316 et
1392 5275 1457 5316 eece
1473 5258 1647 5341 factumest
1666 5268 1766 5309 minus

138 5334 244 5406 plistu,
258 5334 378 5391 diceas:
982 5339 1012 5391 et
1026 5335 1170 5391 intulistis
1186 5332 1214 5389 in
1230 5334 1361 5398 domum,
1378 5336 1407 5387 et
1420 5330 1570 5386 exsuttlavi
1586 5325 1658 5409 illud
1674 5340 1681 5380 ε

61 5405 209 5479 Nunquid
225 5410 344 5478 tempus
358 5405 441 5461 vobis
456 5409 512 5470 est,
529 5408 562 5460 ut
587 5403 726 5461 habitetis
749 5404 779 5461 in
799 5403 893 5462 domi·
947 5408 1039 5471 Quaui
1056 5407 1092 5463 ob
1107 5406 1254 5462 causam?
1270 5405 1340 5459 dicit
1357 5402 1497 5458 Dominus
1512 5403 1690 5455 exercituum
1708 5412 1715 5463 ;

140 5479 198 5535 bas
214 5476 369 5549 laqueatis,
383 5483 412 5533 et
423 5477 530 5533 domus
547 5476 605 5532 iste
620 5477 760 5533 deserte?
984 5479 1054 5551 quia
1069 5480 1175 5533 domus
1192 5493 1256 5533 mea
1271 5477 1384 5533 deserte
1401 5478 1454 5539 ast,
1469 5543 1475 5555 ι

62 5551 100 5609 ui
114 5565 198 5606 nuuc
213 5549 274 5605 brec
290 5549 363 5605 dicit
379 5549 521 5604 Dominus
537 5549 718 5604 exercituum
732 5566 739 5616 ;
984 5554 1013 5604 et
1027 5566 1077 5607 vos
1093 5548 1239 5606 lestioutie
1250 5547 1453 5617 unusquisque
1468 5560 1497 5598 in
1514 5543 1633 5622 deinum
1647 5555 1743 5595 suem.

63 5621 172 5678 Ponite
183 5621 272 5677 corda
287 5625 384 5677 vestra
398 5637 487 5690 super
501 5618 563 5674 viee
577 5623 701 5687 vestrae,
947 5625 1070 5695 Propter
1087 5621 1140 5678 liae
1151 5636 1297 5694 supervos
1310 5616 1447 5690 prohibiti
1460 5617 1529 5669 saint
1540 5612 1655 5679 emitae
1666 5613 1771 5667 darent

62 5692 242 5751 Seminastie
259 5692 398 5761 inultum,
414 5697 442 5748 et
456 5689 600 5747 intulistis
615 5707 745 5762 parum:
1021 5709 1128 5762 rorem,
1479 5753 1485 5769 ,
1534 5755 1539 5767 ¹

101 5762 287 5834 comedistis,
302 5772 329 5823 ei
343 5778 402 5822 nou
417 5762 489 5822 estis
503 5760 624 5821 satiati:
984 5766 1013 5819 et
1028 5768 1105 5823 terra
1119 5758 1393 5838 preciosissimi.
1409 5759 1556 5814 continuit
1573 5753 1777 5829 germont,aa
