3878 6150
97 212 155 271 sev
307 244 312 257 .
412 188 417 201 “
664 198 820 270 'arasa
836 211 1234 271 assumpserimus.
1753 216 1807 274 ves
1898 246 1903 253 -

133 340 166 394 et
177 333 268 394 lsrael
283 333 432 391 habitabit
445 334 628 392 eoufldenter
643 351 651 391 ι
941 336 1047 405 Alton
1063 335 1205 409 loquebar
1220 337 1255 393 nd
1270 353 1331 407 eos,

96 409 133 466 m
147 408 205 464 boe
220 412 265 463 est
280 423 398 477 nomeu,
413 407 492 479 quod
509 408 656 465 voeabaut
669 424 749 476 eum,
1020 412 1049 465 et
1064 409 1120 481 ipsi
1137 408 1363 483 prophetabant.

139 479 521 551 Dominusjustusnostsr.
980 479 1010 537 Si
1026 481 1179 537 stetissent
1208 481 1238 537 in
1268 479 1390 538 oonsilio
1419 487 1542 554 meo,et
1570 487 1639 541 note
1668 483 1808 544 iecissent

94 553 220 626 Propter
235 550 290 607 boe
305 566 373 607 eoee
388 549 452 607 dies
466 550 600 617 veniunt,
616 549 687 607 dieit
702 549 857 622 Dominus,
1051 552 1138 609 verba
1153 569 1219 609 mes
1234 553 1341 625 populo
1357 569 1430 621 meo,

131 629 164 680 et
179 639 237 679 non
255 622 354 679 dieent
369 620 468 690 ultra;
1017 625 1187 680 avertissem
1205 625 1307 709 utique
1318 641 1368 682 eos
1381 643 1398 682 a
1411 625 1458 680 via
1473 641 1528 682 sua
1544 625 1631 696 mala,

93 696 177 753 Vivit
189 694 345 760 Dominus,
358 694 409 766 qui
434 693 536 750 eduxit
561 691 639 751 filios
668 693 758 751 lsrael
787 695 824 751 de
849 697 928 751 terra
981 696 1191 768 etapeesimis
1207 697 1436 768 cogitationibus
1451 697 1523 754 suis.

95 839 181 897 sed·
225 765 312 849 ypti:
365 835 372 848 ·
504 835 510 849 ι
605 835 611 848 ¹
786 837 792 849 ι
981 769 1120 849 Putasne,
1135 767 1190 836 (vil.
1208 767 1352 852 nunquid)
1378 768 1457 825 Deus
1480 785 1496 825 e
1519 768 1615 827 vioino
1641 784 1695 843 ego
1724 787 1803 844 sum,

175 881 182 894 .
225 844 276 894 vvvt
290 837 444 904 Dominus,
461 852 511 907 qui
526 836 627 893 eduxit
642 840 671 892 et
685 837 808 893 adduxit
824 852 926 894 semen
1053 838 1125 894 dvnvt
1140 843 1291 908 Dorulaus,

174 911 280 966 domus
295 907 385 965 Israel
400 909 530 965 deterre
546 907 704 980 aquilonis,
1015 913 1045 966 et
1060 925 1118 965 non
1135 911 1257 967 Deuade
1271 910 1381 984 louge?

134 985 167 1039 et
181 982 217 1039 de
231 980 345 1039 eunetis
362 979 462 1049 terris,
477 980 514 1036 ad
533 997 608 1052 quas
622 981 765 1052 ejeeeram
781 996 831 1037 eos
847 979 926 1037 illue.
981 979 1012 1037 si
1027 981 1275 1038 oooultabiturvir
1288 983 1317 1039 io
1331 981 1621 1057 abseouditis,etego
1632 1000 1690 1040 nou
1704 984 1807 1043 videbo
1902 1036 1909 1053 ,

1052 1053 1143 1109 eum?
1157 1053 1229 1110 dieit
1243 1052 1398 1111 Dominus.

193 1196 199 1206 .
374 1095 422 1152 AD
442 1095 660 1206 pamm·
729 1193 735 1205 Ι
981 1122 1121 1251 Νυῃῖυἰά
1139 1141 1195 1180 non
1210 1125 1326 1196 eaelum,
1339 1130 1369 1182 et
1382 1129 1492 1183 terram
1507 1141 1561 1200 ego
1575 1125 1709 1201 impleo?
1733 1127 1807 1184 dieit

95 1199 266 1254 contritum
282 1198 328 1251 est
342 1209 391 1250 eor
405 1209 505 1250 meum
522 1210 552 1249 vn
569 1195 666 1251 medio
680 1209 748 1264 meu,

1079 1211 1136 1251 omv
1202 1238 1209 1251 .

135 1272 378 1324 contremuerunt
394 1266 495 1322 omnia
509 1281 578 1322 ossa
592 1281 677 1322 mea:
981 1266 1087 1323 Audivi
1101 1213 1318 1339 qossugixerunt
1333 1268 1494 1342 prophete,

96 1341 213 1398 Faetus
229 1355 298 1394 sum
313 1336 398 1410 quasi
411 1337 455 1393 vir
467 1337 578 1406 ebrius,
1016 1338 1227 1423 prophetantes
1242 1340 1270 1395 in
1286 1340 1405 1398 nomine
1420 1356 1485 1398 meo
1506 1339 1703 1412 mendesium,
1719 1343 1808 1414 atque
1924 1378 1934 1397 .

133 1417 166 1469 et
181 1409 266 1482 quasi
281 1409 369 1466 homo
385 1408 522 1466 madidus
535 1408 614 1477 vino,
1051 1411 1193 1482 dieentes,

134 1501 152 1540 a
168 1481 241 1567 faeie
268 1480 394 1549 Domini,
410 1486 439 1538 et
455 1497 473 1538 a
487 1481 560 1538 laeie
574 1479 730 1537 verborum
755 1485 926 1539 sanatorum
980 1482 1160 1567 somniavi,

173 1568 249 1626 eJus.
1016 1570 1173 1611 sommam.

96 1623 333 1708 ouiaadulteris
348 1623 457 1708 repleta
471 1626 517 1707 est
531 1627 630 1708 tarra,
979 1624 1137 1710 Usquequo
1159 1625 1237 1681 istud
1254 1625 1283 1680 in
1299 1624 1387 1708 eorde
1410 1628 1456 1682 ast
1478 1625 1688 1699 prophetarum
1704 1624 1805 1683 vatiel-

134 1695 556 1825 ttt..t.¹t⁰tt?t¹t¹tttt
570 1695 645 1822 3⁰¹¹*
659 1699 747 1767 a...
943 1715 966 1780 Β
1015 1697 1503 1842 astitttttdtttta....
1517 1768 1615 1826 ...aa
1630 1769 1699 1826 ...a

95 1842 207 1899 Faetus
222 1844 267 1896 est
283 1855 389 1894 cursus
404 1854 505 1894 eorum
523 1838 630 1908 malus,
981 1840 1034 1906 Qui
1063 1839 1165 1896 volunt
1192 1841 1287 1897 iacere
1303 1843 1335 1895 ut
1347 1840 1538 1899 obliviseatur
1565 1841 1694 1916 populus
1721 1856 1806 1899 meus

134 1918 166 1969 et
181 1911 321 1968 fortitudo
338 1925 439 1965 eorum
454 1910 623 1966 dissimilis.
1052 1911 1182 1968 nominis
1194 1912 1263 1979 mei,

98 1983 248 2057 Propheta
262 1996 391 2053 namque
405 1986 434 2037 et
447 1983 583 2039 sacerdos
599 1980 703 2054 polluti
717 1984 788 2038 suot
803 1997 810 2036 :
1016 1990 1135 2057 propter
1158 1983 1274 2039 somnia
1288 1999 1390 2040 eorum
1405 2001 1469 2057 qus
1485 1988 1586 2042 narrat
1600 1983 1807 2058 uuusquisque

134 2061 166 2113 et
181 2055 210 2110 in
227 2055 314 2110 domo
330 2069 395 2109 mea
408 2053 507 2110 iuveni
523 2052 634 2110 malum
647 2052 801 2126 (limais)
812 2070 925 2121 eorum,
1052 2055 1087 2110 ad
1104 2055 1270 2127 proximum
1286 2071 1375 2111 suum
1391 2073 1398 2112 :

175 2127 216 2182 ait
230 2125 383 2182 Dominus.
1017 2127 1093 2183 siout
1106 2125 1187 2183 obliti
1204 2130 1274 2182 sunt
1288 2132 1386 2198 patres
1400 2141 1502 2183 eorum
1519 2127 1649 2185 nominis
1663 2127 1720 2185 mei
1736 2144 1806 2201 pro·

99 2198 215 2257 ideirco
231 2198 277 2253 via
292 2211 392 2252 eorum
408 2195 464 2252 erit
476 2196 561 2268 quasi
577 2196 725 2253 lubricum
741 2195 926 2268 intenebris,
1052 2203 1117 2270 pter
1132 2197 1211 2253 Baal.

133 2268 329 2342 impellentur
343 2268 433 2336 enim,
982 2269 1136 2343 Propheta,
1151 2268 1202 2341 qui
1217 2267 1306 2324 habet
1320 2267 1482 2341 somnium,

134 2347 165 2398 et
180 2344 321 2397 eorruent
334 2339 364 2395 in
379 2355 414 2395 ea
429 2356 436 2394 τ
1017 2345 1117 2397 narret
1131 2339 1279 2397 somnium
1293 2359 1300 2408 ;

100 2413 228 2471 hilaram
243 2411 322 2468 enim
337 2427 427 2482 super
438 2425 488 2466 eos
504 2409 593 2478 mala,
980 2414 1017 2470 m
1031 2412 1080 2486 qui
1098 2413 1185 2468 babet
1200 2426 1366 2467 sermonem
1382 2427 1492 2483 meum,

135 2500 250 2540 annum
266 2483 441 2538 visitationis
456 2497 570 2552 eorum,
586 2481 626 2537 ait
643 2481 792 2538 Dominus.
1015 2483 1154 2557 loquatur
1168 2499 1236 2539 vere
1250 2498 1416 2539 sermonem
1433 2499 1533 2541 meum
1550 2500 1558 2539 ε

100 2557 133 2614 Et
147 2557 181 2612 iu
197 2555 347 2628 prophetis
362 2553 502 2610 Samariae
515 2554 576 2610 vidi
590 2555 753 2610 fatuitatem
772 2571 779 2611 :
982 2555 1056 2625 Quid
1074 2553 1166 2627 paleis
1181 2555 1216 2610 ad
1232 2554 1385 2610 tritioum?
1400 2554 1473 2611 dioit
1485 2553 1639 2612 Dominus.

137 2627 357 2703 prophetabant
372 2626 402 2682 iu
418 2624 498 2693 Bual,
983 2627 1120 2699 Nuuquid
1138 2642 1196 2683 uon
1211 2626 1300 2682 verba
1315 2642 1380 2682 mea
1395 2636 1463 2683 suut
1478 2626 1563 2699 quasi
1578 2624 1665 2699 ignis,
1681 2627 1724 2684 ait
1749 2625 1808 2683 Do·

134 2706 165 2758 et
179 2699 366 2771 decipiebant
382 2697 522 2771 populum
539 2712 637 2753 meum
653 2695 753 2753 israel.
1052 2698 1162 2763 minus,

103 2771 133 2831 m
150 2773 182 2828 in
199 2770 349 2843 prophetis
362 2769 526 2826 ierusalem
536 2767 594 2824 vidi
608 2768 834 2842 similitudinem
844 2767 929 2824 adul·
1017 2776 1046 2827 et
1061 2771 1145 2842 quasi
1163 2768 1285 2824 malleus
1300 2772 1454 2824 conterens
1468 2772 1605 2841 petram?

180 2843 339 2898 terentium
355 2842 408 2913 (Al.
425 2840 625 2912 adulterium),
983 2842 1137 2914 Propterea
1151 2856 1217 2898 ecoe
1232 2855 1284 2913 ego
1299 2839 1335 2894 ad
1347 2839 1516 2912 prophetas,
1532 2844 1573 2897 ait
1586 2840 1739 2908 Dominus,

133 2920 166 2973 et
182 2916 239 2970 iter
252 2913 398 2970 mendacii
413 2928 421 2968 t
1018 2914 1069 2987 qni
1093 2912 1230 2970 iurantur
1244 2910 1331 2968 verba
1344 2927 1411 2968 mea
1426 2912 1632 2986 unusquisque
1645 2929 1663 2971 a
1674 2912 1808 2986 proximo

102 2986 132 3044 ut
149 2986 392 3042 confortaverunt
408 2999 513 3039 manus
529 2983 736 3056 pessimorum,
1055 3000 1120 3040 sun.

132 3064 170 3114 ut
186 3074 245 3113 non
261 3060 478 3113 converteretur
492 3056 699 3128 unusquisque
710 3072 726 3111 a
737 3054 850 3111 malitia
861 3070 926 3111 sua:
943 3084 965 3153 C
983 3056 1056 3113 Deos
1070 3072 1123 3128 ego
1139 3056 1174 3111 ed
1191 3053 1359 3127 prophetas,
1376 3054 1418 3110 ait
1430 3053 1585 3123 Dominus,

100 3130 183 3187 laeti
202 3133 271 3184 suot
287 3128 358 3184 mihi
374 3144 476 3183 omnes
491 3127 617 3184 Sodoma
633 3127 654 3192 ¹,
1019 3127 1068 3201 qui
1084 3131 1241 3184 assumunt
1255 3125 1373 3199 linguas
1388 3131 1501 3196 suas,et
1514 3124 1808 3185 aiunttDioitDomi-

134 3207 168 3259 et
184 3200 443 3270 habitatoresejus
458 3198 544 3269 quasi
559 3198 733 3256 Gomorrha.
1056 3216 1123 3256 uus.

96 3275 263 3399 Proptvtelrea
278 3273 337 3327 bae
352 3271 424 3327 dioil
437 3270 582 3327 Dominus
595 3270 777 3327 exercituum
800 3270 838 3325 ad
860 3285 927 3342 pro·
983 3275 1055 3327 Deae
1083 3288 1098 3328 e
1120 3287 1136 3326 o
1165 3269 1201 3325 ad
1228 3268 1385 3341 prophetas
1404 3269 1587 3328 somniantes
1609 3269 1807 3343 mendacium,

220 3349 308 3400 etest
1054 3342 1096 3399 ait
1136 3345 1255 3397 ominus

93 3361 245 3488 ascopego
261 3415 364 3470 eibabo
378 3428 429 3469 eos
444 3412 604 3482 absinthio,
1019 3414 1069 3486 qui
1086 3383 1279 3470 narraveran’l
1292 3410 1350 3482 (D.
1365 3414 1498 3485 narrant)
1513 3429 1589 3484 eam,

131 3492 165 3546 et
185 3486 291 3559 potabo
306 3502 357 3542 eos
373 3484 459 3540 lello:
672 3523 677 3530 -
1020 3489 1050 3542 et
1065 3486 1245 3541 seduxerunt
1264 3484 1317 3554 (At.
1334 3484 1491 3557 seduount)
1508 3484 1647 3558 populum
1665 3502 1763 3543 meum
1779 3485 1809 3541 in

94 3566 123 3617 Δ
141 3557 299 3632 prophetis
314 3556 392 3613 enim
407 3553 582 3640 Jerusalem,
1021 3557 1174 3642 mendseio
1190 3572 1244 3613 suo
1254 3556 1308 3628 (Al.
1320 3555 1481 3613 mendaciis
1492 3558 1578 3631 suis),
1593 3563 1623 3615 et
1638 3557 1668 3613 in
1685 3560 1812 3615 miraeu-

94 3645 265 3761 Hggrdisosiat
276 3627 695 3756 {aggfflstvgxgvrvpiatfigffiem
711 3630 830 3684 mm·
986 3629 1058 3758 valrlrz
1073 3645 1200 3772 ggbsnon
1217 3697 1363 3754 misissem
1390 3713 1451 3765 eos,
1467 3715 1520 3754 nee
1545 3700 1731 3756 mandassem
1756 3699 1810 3766 eis,

95 3773 205 3831 Nolite
221 3772 324 3828 audire
337 3772 425 3827 verba
440 3770 677 3842 prophetarum·
1022 3772 1073 3857 qui
1090 3771 1163 3827 nibil
1179 3769 1351 3841 protuerunt
1367 3770 1473 3841 populo
1490 3769 1648 3838 buio,dioit
1658 3770 1808 3826 Dominus.

137 3845 193 3930 qul
208 3843 384 3916 prophetant
398 3842 491 3911 vobis,
506 3847 534 3897 et
549 3841 700 3913 decipiunt
713 3859 766 3899 vos
782 3859 789 3898 ι
986 3843 1016 3901 Si
1030 3844 1122 3917 agitur
1135 3840 1360 3912 interrogaverit
1382 3845 1410 3896 te
1434 3842 1562 3913 populus
1590 3843 1656 3914 iste,
1670 3841 1714 3898 vel
1744 3859 1810 3914 pro·

94 3914 256 3974 visionem
271 3915 368 3970 cordis
382 3913 428 3969 sui
445 3915 617 3986 loquuntur,
1059 3913 1156 3987 pheta,
1172 3916 1223 3967 eut
1237 3911 1385 3978 sacerdos,
1403 3911 1504 3968 diosus
1520 3929 1527 3968 ε

137 4004 200 4045 non
217 3987 253 4043 de
268 4003 317 4042 ore
331 3984 459 4043 Domini.
1023 3986 1105 4054 Quod
1120 3989 1255 4040 eatenus
1272 3983 1387 4040 Domini
1403 3983 1459 4056 (vll.
1477 3982 1559 4054 Deil?

94 4059 218 4118 Dicunt
232 4057 289 4122 bis,
305 4057 356 4131 qui
373 4056 581 4129 blasphemant
596 4072 642 4112 me
658 4073 665 4111 :
1024 4057 1105 4114 dieas
1120 4057 1155 4112 ad
1172 4071 1222 4111 eos
1239 4071 1246 4111 :

137 4133 270 4187 Loemus
283 4135 328 4184 est
343 4128 506 4184 Dominus:
524 4128 581 4184 Pax
595 4129 652 4184 erit
662 4125 746 4184 vobis
762 4143 769 4183 :
1024 4130 1062 4186 Ut
1077 4128 1147 4212 quid
1163 4125 1246 4183 vobis
1261 4124 1381 4180 ouue’?

95 4200 137 4261 Dr
152 4201 248 4266 omni,
262 4201 311 4272 qui
328 4199 461 4257 ambulat
475 4200 504 4255 in
521 4200 663 4270 pravitate
673 4199 771 4257 eordis
787 4197 844 4268 sui,
857 4197 935 4255 dixe·
988 4200 1143 4274 Projiovam
1159 4198 1267 4272 quippe
1281 4213 1343 4266 vos,
1358 4196 1429 4253 dicit
1443 4196 1596 4253 Dominus.

182 4276 254 4329 runt
270 4289 276 4326 :
988 4275 1023 4330 Dt
1037 4271 1189 4347 propbeta,
1204 4274 1233 4326 et
1246 4269 1393 4337 sacerdos,
1411 4274 1438 4325 et
1467 4268 1606 4343 populus,
1636 4270 1687 4341 qui
1715 4269 1786 4327 dieit
1802 4287 1810 4326 ι

141 4345 208 4402 Nou
223 4343 321 4399 veniet
334 4359 423 4415 super
437 4358 487 4399 vos
503 4343 615 4398 malum
630 4342 683 4413 (D.
702 4340 789 4414 male)
805 4359 813 4409 3
1060 4344 1141 4400 Onus
1156 4339 1273 4399 Domini
1289 4356 1296 4395 :

97 4417 179 4484 Quis
194 4416 274 4472 enlm
289 4415 373 4470 siluit
386 4414 417 4470 in
432 4413 556 4470 eoneilio
571 4413 696 4482 Domini,
1023 4416 1147 4473 visitabo
1163 4428 1252 4484 super
1262 4411 1357 4467 virum
1368 4410 1496 4479 illum,et
1509 4413 1726 4484 superdomum
1737 4413 1813 4486 eJ'us.

139 4495 172 4545 et
187 4487 271 4553 vidit,
949 4457 973 4523 D
989 4488 1054 4546 Deo
1070 4487 1173 4543 dicetis
1189 4484 1393 4554 unusquisque
1404 4483 1440 4538 ad
1452 4483 1619 4555 proximum
1628 4485 1812 4558 (Atamieum

139 4566 170 4615 et
186 4557 298 4615 audivit
312 4572 476 4612 sermonem
493 4554 583 4626 ejus?
1061 4559 1171 4630 suurn),
1185 4560 1214 4612 et
1228 4556 1264 4611 ad
1280 4555 1401 4611 tratrem
1416 4571 1504 4611 suum
1521 4573 1528 4613 ε

100 4632 180 4702 Quis
195 4628 391 4686 consideravit
404 4629 527 4685 verbum
544 4627 625 4684 illius
1025 4631 1100 4697 Quid
1116 4627 1267 4700 rospondit
1282 4626 1443 4682 Dominus?

140 4707 173 4760 et
188 4700 329 4758 audivit?
1026 4708 1055 4758 et
1070 4701 1140 4775 quid
1157 4701 1275 4772 loeutus
1288 4705 1334 4753 est
1349 4697 1517 4753 Dominus?

102 4777 181 4833 ane
197 4772 284 4829 turbo
301 4770 457 4827 Domiuiee
472 4769 684 4843 indignationis
699 4768 874 4842 egredietur,
991 4777 1026 4831 Bt
1040 4790 1116 4830 onus
1127 4771 1244 4829 Domini
1260 4769 1337 4825 ultra
1352 4785 1410 4825 nou
1426 4769 1651 4827 memorabitur:
1662 4771 1731 4845 quia
1741 4787 1816 4827 onus

140 4851 173 4904 at
187 4848 351 4917 tempestas
366 4858 526 4915 erumpens
547 4858 637 4915 super
662 4846 750 4916 eaput
778 4841 936 4913 impiorum
1063 4845 1119 4902 erit
1133 4843 1290 4912 unicuique
1304 4856 1401 4898 sermo
1417 4857 1509 4898 saus:

182 4917 293 4972 veniet.
701 4969 704 4976 ,
993 4919 1028 4975 m
1041 4915 1222 4987 pervertistis
1238 4913 1291 4985 (Al.
1308 4912 1484 4984 pervertitis)
1497 4912 1586 4971 verba
1602 4913 1650 4972 Dei
1664 4912 1799 4982 viventis,

106 4989 176 5047 Non
192 4989 356 5044 revertetur
372 4985 453 5040 iuror
468 4983 594 5054 Domini,
1029 4987 1144 5046 Domini
1161 4985 1341 5042 exercituum
1357 4984 1407 5040 Dei
1423 4983 1527 5042 nostri.

146 5076 245 5132 usque
260 5058 331 5114 dum
344 5056 442 5124 iaciat,
995 5060 1060 5118 Hae
1076 5059 1156 5115 diees
1168 5058 1203 5115 ad
1220 5055 1393 5128 prophetam
1410 5071 1417 5110 z

144 5136 177 5189 et
190 5146 286 5203 usque
300 5129 371 5184 dum
388 5126 534 5201 eompleat
549 5126 756 5201 cogitationem
769 5126 867 5183 eordis
882 5125 938 5182 sui.
1031 5131 1107 5198 Quid
1123 5129 1274 5201 respoudit
1288 5126 1340 5183 tibi
1356 5125 1524 5184 Dominus?

109 5205 143 5262 ln
160 5201 333 5260 novissimis
348 5199 453 5256 diebus
1030 5202 1144 5275 etquid
1160 5202 1276 5257 loeutus
1290 5201 1336 5255 est
1352 5195 1518 5254 Dominus?

146 5273 324 5346 intelligetis
338 5270 496 5328 eonsilium
511 5271 586 5343 ejus.
995 5272 1025 5331 si
1041 5279 1138 5330 autem
1152 5289 1227 5329 onus
1242 5271 1360 5327 Domini
1375 5269 1508 5326 dixeritis
1524 5284 1532 5324 ε

109 5346 176 5406 Nou
192 5345 350 5404 mittebam
367 5342 534 5414 propbetas,
1033 5345 1218 5418 propterboo
1233 5343 1295 5398 bue
1308 5342 1379 5398 dioit
1395 5341 1553 5398 Dominus:

148 5418 251 5492 stipsi
267 5414 426 5473 currebant
443 5432 450 5471 ι
998 5415 1072 5482 Ouia
1087 5417 1203 5475 dixistis
1218 5430 1385 5472 sermonem
1400 5413 1512 5471 istum:
1528 5415 1609 5469 onus
1622 5410 1759 5469 Domini:

149 5633 162 5670 ¹
177 5628 290 5702 snppte
302 5632 335 5684 ut
349 5627 495 5697 voeulam,
512 5630 565 5683 aut
589 5627 681 5699 quasi,
697 5626 946 5700 quemadmodum
1036 5629 1179 5701 'Vulgati
1194 5629 1274 5698 libri,
1291 5631 1339 5685 Vos
1363 5630 1428 5685 estis
1451 5644 1529 5684 orave.
1544 5627 1685 5684 seorsus
1707 5625 1743 5684 ad
1759 5641 1824 5684 ver-

112 5706 181 5779 lpse
195 5701 287 5760 babet
300 5699 329 5757 io
341 5698 561 5758 commentario
570 5702 600 5756 8.
612 5702 706 5757 Pater.
723 5697 861 5756 Hebraeus
873 5715 946 5773 quo·
1001 5703 1094 5773 bum;
1111 5701 1187 5773 Quod
1202 5704 1295 5760 onos?
1309 5709 1523 5764 uenatu-na.

115 5791 188 5852 que,
204 5784 299 5837 nin).

282 5889 420 5953 Psaros.
442 5888 579 5955 xxviii.
1668 5881 1720 5942 ‘eb
