3870 6120
103 253 145 313 85
811 250 1116 315 PROLHHOMHNA.
1774 259 1815 321 att

104 391 228 460 torum,
246 405 302 448 seu
329 386 619 467 manuscriptorum
644 404 777 448 errores.
794 388 825 447 Is
840 384 933 464 qnip·
948 387 976 454 Α
990 386 1144 466 veritatis,
1174 395 1295 471 excepto
1327 389 1529 471 octateucho,
1557 413 1646 473 quem
1675 393 1816 455 nuncin

107 503 162 564 pe,
179 485 389 565 sicutetalii,
418 485 474 566 qni
503 486 633 548 edendis
661 487 717 548 SS.
740 488 871 547 Patrum
887 485 939 544 lu·
996 484 1140 545 trionibus
1165 485 1272 568 habeo,
1296 492 1408 570 pueris
1437 491 1502 551 tuis
1530 497 1560 551 et
1590 491 1726 552 notariis
1744 491 1821 554 dedi

109 582 354 646 cubrationibus
391 592 511 647 navant
548 604 691 665 operam,
730 585 763 645 id
795 584 880 664 quod
908 582 941 642 in
995 583 1206 645 scribendum.
1236 586 1445 668 Septuaginta
1477 590 1764 672 interpretationem
1791 595 1820 650 et

110 680 254 742 melioris
275 688 358 743 notes
386 680 487 754 libris,
517 701 613 744 manu
641 682 763 762 optima
790 688 822 742 et
851 686 941 741 vetu—
996 683 1226 745 tehaberenou
1255 685 1376 766 dubito,
1406 694 1435 748 et
1462 695 1534 748 ante
1551 690 1820 772 asinaspiurimos

110 777 251 839 sllssima
271 780 410 841 exaratis
437 779 625 854 habebatur,
656 781 740 841 bona
768 778 830 839 ilde
858 784 942 838 retu·
996 782 1248 863 diligentissime
1276 787 1481 866 emendatum,
1512 789 1668 849 studiosis
1683 787 1820 850 tradidi.

110 876 158 951 lit,
177 895 237 938 nec
251 878 301 938 sni
327 878 461 940 credidit
487 896 556 939 esso
585 877 682 939 cilicii
706 884 737 939 et
752 876 890 938 muneris
905 895 942 937 ca
996 877 1119 940 Novum
1136 879 1362 942 Testamentum
1382 881 1499 944 Graecae
1514 884 1644 945 reddidi
1653 885 1824 945 auctorita-

110 976 284 1053 corrtgme,
314 992 386 1055 quse
410 975 444 1036 iu
463 982 528 1037 tam
557 976 746 1037 venerandae
775 975 943 1053 antiquita·
997 975 1032 1035 ti.
1054 974 1097 1036 tlt
1110 977 1193 1036 enim
1208 983 1342 1040 ueterum
1357 978 1511 1040 librorum
1516 981 1608 1059 fides
1622 981 1661 1041 de
1674 979 1821 1042 Hebreis

109 1075 149 1134 tis
175 1074 340 1136 codicibus
366 1080 549 1137 constanter
576 1075 775 1155 legebantur.
805 1072 939 1135 Alnulli
997 1072 1209 1135 uoluminibus
1251 1078 1459 1138 examinanda
1487 1083 1558 1137 est:
1586 1078 1631 1138 ita
1672 1097 1820 1140 nouorum

109 1173 245 1234 omnino
271 1173 433 1252 ingratum
453 1178 508 1236 sut
535 1173 744 1254 injucundum
773 1170 938 1233 ioroarbi·
998 1169 1107 1232 Greci
1134 1174 1288 1235 sermonis
1316 1194 1457 1235 normam
1485 1175 1656 1236 desiderat.
1682 1178 1750 1238 lton
1766 1195 1822 1256 po·

107 1275 245 1346 tramur,
259 1271 288 1332 si
316 1290 375 1350 pro
403 1279 586 1352 susceptos
612 1271 704 1334 nobis
732 1270 867 1332 canonis
883 1272 939 1330 He
994 1269 1202 1333 teratbeatus
1230 1271 1440 1353 Hieronymus
1467 1273 1584 1334 clarius
1612 1277 1667 1335 aut
1693 1273 1819 1335 brevius

109 1367 209 1429 braici
239 1369 421 1448 explicandi
464 1387 593 1431 munere
635 1370 840 1431 observemus
881 1366 940 1427 hos
995 1366 1156 1428 declarare
1197 1368 1353 1448 quidquid
1394 1369 1427 1430 in
1472 1369 1584 1432 Divina
1624 1368 1821 1432 Bibliotheca

108 1484 223 1527 omncs
251 1467 359 1546 lapsus
387 1474 419 1529 ct
446 1486 568 1529 errores
597 1486 688 1548 posse
714 1470 755 1529 ab
784 1469 822 1529 iis
849 1467 940 1530 facite
995 1463 1086 1526 nobis
1100 1468 1258 1545 praestitit.
1280 1469 1421 1530 Priorem
1445 1470 1529 1530 onim
1554 1473 1676 1550 partem
1692 1468 1822 1548 apertis·

108 1564 241 1642 corrigi,
259 1564 314 1642 tyni
334 1583 424 1626 sacra
451 1565 629 1626 divinarum
659 1564 836 1627 litterarum
867 1582 940 1626 cru·
995 1563 1294 1643 simodemonstrat,
1312 1567 1454 1642 sumsit,
1475 1565 1636 1629 Cononem
1652 1566 1820 1628 Hebraicis

109 1661 233 1722 ditione
260 1662 385 1736 imbuti,
419 1681 473 1724 eos
512 1663 699 1724 tentaverint
738 1663 798 1724 hac
826 1664 941 1724 sacrati
995 1660 1149 1740 ueritatis,
1173 1669 1293 1744 excepto
1326 1663 1529 1744 octateucho,
1559 1685 1648 1746 quem
1677 1684 1760 1726 nunc
1786 1664 1821 1725 in

110 1758 207 1819 tontis
224 1760 311 1820 unda
326 1760 431 1822 eluere
446 1767 542 1839 atque
556 1760 747 1839 abstergere.
954 1751 1137 1819 [inionibus
1166 1758 1272 1837 haheo,
1294 1762 1409 1843 pueris
1437 1763 1501 1823 tuis
1525 1769 1555 1823 et
1578 1763 1714 1824 notariis
1741 1762 1820 1823 dedi

147 1856 306 1916 Eumdenr
337 1857 542 1919 Hebraeorum
575 1860 735 1919 Cenoncm
764 1876 938 1939 repraescn-
992 1856 1213 1935 scribendam
1244 1859 1376 1921 alteram
1418 1867 1523 1922 autem
1565 1862 1598 1922 in
1624 1861 1674 1923 his
1701 1861 1818 1934 verbis,

107 1959 153 2013 tat
192 1953 337 2015 Isidorus
376 1954 579 2034 Hispalensis,
617 1955 781 2033 Originum
810 1957 866 2016 lib.
895 1972 935 2028 vr,
992 1953 1201 2036 Septuaginta
1229 1957 1512 2040 interpretationem
1526 1965 1557 2020 et
1584 1958 1815 2020 tehaberenou

106 2067 178 2127 cap.
197 2051 230 2121 1,
246 2068 341 2128 quem
370 2050 527 2130 integrum
557 2051 618 2112 hoc
647 2052 720 2113 loco
749 2052 939 2113 transcribe-
992 2051 1114 2133 dubito,
1130 2059 1245 2114 etarrte
1272 2055 1541 2137 annosplurimos
1566 2055 1817 2138 diligentissime

108 2165 230 2219 remus,
245 2147 307 2208 nisi
333 2148 417 2209 inira
444 2148 547 2211 editus
575 2157 657 2210 essct
685 2168 758 2211 cum
783 2149 938 2228 principio
992 2152 1186 2213 emendatum
1201 2152 1357 2214 studiosis
1376 2154 1512 2216 tradidi.
1528 2155 1667 2216 Tertiam
1682 2154 1818 2233 denique

105 2245 345 2322 seripturarum
374 2245 516 2318 Galeam,
546 2264 601 2307 seu
629 2248 819 2309 Praelstionc
848 2247 881 2309 in
899 2245 938 2307 li·
994 2256 1115 2329 partem
1144 2252 1264 2314 Divinos
1305 2253 1512 2316 Bibliothecae
1552 2254 1672 2316 indicat
1699 2252 1817 2329 dicens,

107 2341 183 2403 bros
198 2344 334 2420 Regum.
364 2344 544 2406 Notandum
573 2351 680 2405 tamen
701 2345 856 2406 nonnulla
871 2362 940 2405 ver·
992 2346 1364 2413 Nooum'Testamentum
1396 2351 1514 2414 Grecos
1534 2352 1666 2413 reddidi
1679 2349 1820 2413 auctori-

108 2440 148 2501 bs
162 2441 322 2503 Hebraica
336 2441 429 2503 aliter
455 2441 518 2521 legi
543 2442 627 2522 apud
653 2442 821 2516 isidorum,
843 2460 938 2523 quam
993 2451 1064 2511 tati.
1082 2450 1163 2524 Quid
1190 2451 1308 2530 plura?
1325 2456 1359 2512 ut
1373 2451 1550 2514 innotescat
1579 2451 1695 2532 quibus
1709 2448 1822 2513 funda·

110 2540 260 2619 legantur
288 2542 374 2621 apud
409 2541 667 2623 Hieronymum:
700 2544 775 2622 quin
803 2544 939 2605 editores
994 2549 1108 2610 mentis
1136 2566 1208 2609 suas
1236 2536 1409 2610 Bibliorum
1438 2567 1600 2611 sacrorum
1629 2549 1819 2629 interpreta-

108 2640 223 2701 lsidori
269 2659 390 2703 morem
426 2641 615 2704 hodiernum
656 2644 937 2722 grammaticorum
994 2647 1094 2709 tiones
1117 2646 1262 2708 suffultas
1288 2665 1355 2708 csse
1384 2647 1528 2722 voluerit,
1559 2653 1633 2727 apte
1661 2645 1849 2708 concluse·

110 2736 319 2799 uehraeorum
336 2739 453 2819 sepius
479 2739 657 2815 imitantur,
686 2741 845 2820 imperitia
860 2759 939 2820 quo-
993 2765 1054 2825 quc
1068 2743 1241 2823 subjungit,
1263 2742 1307 2805 Ut
1319 2744 1400 2805 enim
1416 2750 1550 2805 veterum
1565 2743 1719 2805 librorum
1731 2742 1818 2819 fides

109 2855 170 2915 qne
212 2836 262 2898 rel
301 2837 454 2916 ipsorum,
498 2839 548 2900 vel
590 2839 804 2914 librariorum,
847 2840 940 2900 voces
993 2845 1033 2904 de
1047 2842 1192 2905 Hebraeis
1221 2842 1433 2904 voluminibus
1461 2844 1669 2905 examinanda
1682 2849 1753 2904 est:
1772 2843 1818 2903 ita

110 2935 259 3012 qnaedam
300 2935 516 2998 mendosiores
554 2944 736 3010 occurrunt,
767 2944 803 2999 ut
829 2944 876 3000 cst
904 2938 941 2998 il·
994 2961 1142 3003 novorum
1162 2940 1269 3003 Greci
1295 2942 1449 3002 sermonis
1473 2962 1612 3003 normam
1642 2940 1816 3003 desiderat.

108 3029 161 3092 lud
179 3051 189 3092 ι
208 3029 362 3109 ‘Quidam
391 3038 492 3093 autem
521 3033 607 3096 Ruth
633 3040 663 3094 et
690 3032 831 3108 Rimoth,
856 3035 940 3116 quod
994 3040 1069 3111 Qum
1110 3039 1251 3100 detlnitio
1300 3039 1532 3101 emendationis
1581 3038 1817 3119 scripturarum

108 3127 218 3189 latine
246 3129 372 3190 dicitur
400 3132 586 3194 lamentatio
615 3134 775 3208 Jeremiae,
805 3119 973 3212 Hegio-C
994 3143 1116 3198 tantam
1159 3136 1192 3196 in
1232 3137 1370 3198 Ecclesia
1411 3136 1548 3198 obtinuit
1584 3135 1817 3209 auctoritatem,

109 3225 248 3308 staphis
287 3227 458 3306 adjiciunt·
475 3229 623 3308 Quisquit
664 3249 773 3292 vocem
809 3228 939 3291 Rimoib
993 3243 1029 3298 ut
1057 3255 1095 3297 cr
1125 3236 1308 3316 praescripto
1342 3236 1526 3316 Hieronymi
1550 3234 1604 3315 jus
1632 3233 1819 3296 canonicum

111 3326 284 3387 barbaram
313 3328 419 3406 posuit
447 3346 504 3407 pro
532 3314 669 3403 Kinoth,
709 3328 775 3390 sive
804 3327 938 3398 Cincii,
993 3335 1026 3395 in
1066 3335 1196 3395 Decreto
1239 3333 1379 3395 Gratiani
1420 3333 1562 3395 eamdem
1604 3331 1820 3413 castigationis

108 3444 175 3505 qssae
219 3425 460 3488 lamentationes
495 3428 663 3506 signiticst,
707 3447 779 3490 eum
821 3428 939 3508 linguae
995 3449 1139 3492 normam
1154 3429 1347 3509 sequendam
1376 3447 1444 3492 esse
1472 3431 1633 3493 decernat.
1659 3431 1820 3493 canonem
1858 3450 1862 3457 ·

111 3527 278 3588 Hebraicae
304 3528 576 3608 imperitissimum
603 3530 700 3590 inisse
727 3534 863 3609 oportet.
889 3530 941 3591 Sic
994 3529 1091 3608 igitur
1120 3528 1282 3589 Hebraicae
1321 3528 1463 3590 veritatis
1495 3526 1697 3590 scribendum
1732 3526 1821 3590 dedit

110 3623 178 3685 lieri
194 3631 284 3685 amat
299 3625 382 3686 inter
409 3625 492 3700 illos,
510 3627 565 3704 qui
593 3626 783 3706 scriptorum
799 3635 940 3688 veterum
995 3629 1206 3706 Hieronymus
1235 3625 1340 3706 pueris
1368 3645 1421 3688 sex
1438 3631 1470 3688 et
1493 3627 1624 3688 notariis
1638 3627 1771 3702 Lucinii,
1786 3625 1819 3686 in

109 3740 209 3801 opera
225 3723 390 3785 restituere
416 3731 614 3804 presumunt
639 3725 758 3803 sbsque
774 3724 942 3786 sullicionti
995 3742 1059 3803 quo
1088 3723 1222 3784 laudans
1249 3723 1408 3804 praecipue
1434 3723 1591 3785 torrorem
1620 3742 1657 3785 sc
1677 3723 1818 3786 studium

111 3823 227 3883 notitia
242 3822 414 3885 multarum
429 3842 545 3896 rerum,
562 3843 640 3902 quas
656 3831 859 3903 pertractant.
995 3822 1240 3902 scripturarum,
1257 3820 1301 3882 ita
1316 3822 1356 3882 ad
1381 3820 1581 3884 Theodorum
1603 3822 1711 3883 scribit
1725 3821 1817 3900 epist.

152 3924 195 3982 ΙΙ.
227 3921 388 3983 (lenonem
418 3921 580 3984 Hebraicee
613 3921 755 3983 veritatis
783 3921 943 4001 conceptis
995 3925 1034 3982 29
1051 3937 1058 3980 :
1074 3918 1264 4001 Necpatriu
1290 3937 1354 3980 sue
1369 3918 1522 4000 largitate
1542 3925 1714 3998 contentus,
1731 3918 1819 3979 misit

112 4020 218 4079 verbis
233 4020 374 4098 appellat
403 4020 470 4099 ipse
498 4021 711 4101 Hieronymus
739 4020 835 4081 libros
850 4021 942 4081 Vete—
990 4016 1261 4088 Jerosolrmarum
1288 4016 1559 4078 etAlexandrine
1585 4016 1820 4078 Ecclesiutan-

112 4117 155 4177 ris
170 4117 366 4178 testamenti
394 4118 506 4178 Latine
531 4137 551 4178 a
579 4136 612 4179 sc
641 4117 801 4179 redditos:
818 4117 945 4195 quodsi
998 4122 1062 4177 tum
1088 4115 1172 4194 auri,
1201 4118 1351 4195 quantum
1380 4113 1549 4175 multorum
1570 4115 1678 4196 possit
1710 4114 1821 4197 inopie

111 4213 340 4288 messuisset,
357 4213 418 4275 hoc
446 4215 572 4276 nomine
602 4233 804 4295 nequaquam
821 4215 944 4277 anobis
997 4211 1168 4274 subveniri.
1189 4210 1286 4289 Quod
1311 4231 1381 4272 cum
1396 4209 1490 4271 multi
1517 4211 1682 4292 mirentur,
1699 4219 1822 4296 etpre-

115 4312 227 4373 inisset
240 4311 392 4390 insignita
419 4312 521 4393 prima
546 4330 622 4393 pars
651 4312 746 4392 hujus
769 4312 945 4375 divinaebi·
997 4314 1112 4391 dicent,
1143 4331 1201 4391 ego
1229 4310 1262 4371 in
1285 4309 1343 4371 illo
1372 4315 1477 4391 magis
1506 4309 1642 4373 laudabo
1661 4315 1821 4391 fermrem

112 4410 296 4473 btiothscae.
313 4412 430 4474 Verum
456 4410 538 4472 hanc
554 4411 826 4473 nomenclaturam
842 4411 946 4474 edocti
999 4414 1028 4469 et
1055 4407 1197 4468 studium
1225 4405 1474 4490 Scripturarum.
1512 4406 1585 4486 Quo
1611 4407 1668 4470 ille
1696 4409 1823 4472 deside·

113 4529 133 4570 s
161 4515 275 4570 sancto
304 4509 445 4581 doctore,
476 4508 583 4589 inepte
612 4526 779 4588 ageremus
806 4507 944 4569 alienum
959 4487 984 4552 ἶ)
999 4513 1048 4567 rio
1075 4504 1225 4588 opuscula
1254 4511 1363 4566 nostra
1383 4505 1568 4586 flagitarit,
1597 4513 1627 4567 et
1646 4507 1754 4569 missis
1767 4526 1823 4570 sere

114 4625 151 4668 sc
181 4606 371 4669 ementitum
402 4606 528 4668 titulum
557 4612 753 4687 apponentes
780 4605 942 4668 Hsbraicoe
1000 4604 1146 4682 notariis,
1196 4604 1271 4686 quia
1320 4604 1354 4664 in
1402 4602 1461 4664 hac
1502 4605 1667 4687 provincia
1714 4605 1823 4669 latini

118 4706 319 4768 translationi
346 4705 467 4768 Veteris
496 4705 711 4768 Instrumenti.
741 4705 900 4767 Octobrior
914 4709 946 4765 ot
999 4701 1152 4762 sermonis
1194 4702 1444 4783 scriptorumque
1487 4701 1625 4782 penma
1666 4707 1725 4778 est,
1766 4703 1823 4764 de-

116 4803 307 4883 ciplicatior
334 4804 423 4866 locus
451 4803 584 4882 hujusce
610 4802 836 4864 nominationis
866 4803 943 4881 legi·
1000 4799 1099 4861 scribi
1125 4798 1190 4862 sibi
1206 4800 1291 4876 fecit
1326 4818 1512 4880 quecunque
1545 4798 1585 4861 ab
1612 4800 1823 4863 adolescentia

117 4901 385 4982 turepistols28,
402 4902 443 4964 sd
471 4901 660 4975 Lacinium3
691 4901 730 4961 de
755 4919 818 4980 quo
833 4919 872 4961 ne
888 4900 945 4961 mi·
1001 4918 1098 4978 usque
1125 4897 1158 4956 in
1179 4905 1321 4978 presens
1350 4902 1469 4978 tempus
1500 4897 1690 4960 dictavimus
1708 4899 1722 4961 i
1735 4901 1825 4964 Circa

117 5001 202 5061 nims
222 5001 381 5080 particula
394 5001 486 5062 nobis
512 5000 647 5074 excidat,
674 5001 833 5078 integrum
849 4998 946 5059 silero
1002 5013 1119 5057 annum
1136 4995 1252 5055 Christi
1274 4996 1333 5057 394
1354 4994 1410 5055 ills
1434 4993 1590 5056 scrihebat
1604 4997 1823 5080 Hieronymus,

117 5099 160 5159 sd
201 5100 330 5162 laudem
368 5100 528 5179 praecipue
562 5097 790 5158 Hebraicorum
817 5095 948 5157 volumi·
1002 5112 1073 5155 cum
1103 5092 1332 5154 octateuchum
1361 5092 1467 5153 adbuc
1488 5093 1620 5156 haberet
1633 5094 1664 5156 in
1681 5096 1826 5157 manibus
1877 5178 1881 5184 Ι

119 5216 210 5270 num,
239 5198 273 5259 in
310 5216 445 5280 quorum
484 5195 706 5257 auctoritatem
733 5192 948 5255 debacchatus
1000 5189 1264 5268 interpretatione
1291 5188 1475 5249 donandum
1505 5197 1647 5269 tempore
1674 5196 1827 5272 opportu-

114 5302 164 5357 est
177 5296 276 5376 hujus
305 5295 456 5377 temporis
481 5292 610 5373 quidam
640 5291 820 5353 tabularum
844 5293 943 5369 AEgy·
1003 5305 1054 5349 no.
1071 5286 1221 5354 Quisnam
1237 5303 1311 5347 vero
1336 5286 1431 5347 inerit
1445 5286 1498 5348 ille
1512 5288 1734 5362 octateuchus,
1750 5289 1828 5352 satis

119 5392 300 5472 ptiacsrnm
342 5398 570 5474 propugnator.
614 5389 675 5452 Sed
718 5407 802 5449 nunc
838 5388 949 5449 audiat
1004 5385 1103 5463 liquet
1131 5401 1169 5445 cx
1213 5382 1401 5444 Praefatione
1433 5382 1466 5444 in
1494 5383 1609 5444 tibrum
1636 5384 1742 5461 iosus,
1772 5386 1829 5452 ubi

119 5491 459 5572 Hieronymnmjuxts
484 5489 593 5550 datam
621 5487 681 5548 sihi
704 5486 889 5565 sapientiam
905 5486 950 5545 ita
1004 5482 1090 5553 dicit,
1107 5480 1195 5541 linito
1223 5480 1352 5540 tandem
1380 5479 1475 5541 Musis
1500 5478 1723 5553 Pentateucho,
1738 5484 1779 5544 ad
1795 5485 1830 5549 li-

117 5587 253 5653 hncinio
280 5588 558 5671 respondentem:
596 5583 756 5644 Canonem
784 5581 951 5645 Hebraicis
1004 5575 1369 5655 b1·oslosue,Judicum,
1397 5571 1484 5638 Ruth
1512 5580 1544 5645 ,ut
1570 5575 1687 5639 Esther
1701 5579 1830 5647 mitten·
